4842 5802
1142 598 1264 660 876
1969 636 1975 642 -
2146 603 2573 663 rainnmcl
2623 601 2968 663 saeuum
3581 604 3739 683 [Anu.
3777 605 3955 670 1236.

1140 734 1683 808 Lombardorum
1710 738 2012 811 Ecclesie
2043 740 2326 811 arbitrio
2360 737 2693 810 duximus
2717 735 3311 826 committendum,
3352 756 3495 808 non
3532 737 3785 829 injuste
3812 763 3958 813 cre-

1141 856 1385 931 dentes
1435 860 1626 952 quod
1676 884 1834 955 pars
1886 864 2097 935 altera
2154 884 2550 957 processum
2589 871 2896 933 nostrum
2952 860 3025 930 in
3070 880 3153 931 eo
3213 858 3662 933 imbecillitati
3699 864 3956 937 virium

1140 992 1527 1055 nostrarum
1558 980 1754 1080 [non]
1790 985 2249 1081 impenderet,
2294 985 2418 1058 sed
2455 984 2827 1079 imperialis
2870 980 3423 1055 mansuetudinis
3459 985 3677 1057 titulis
3724 986 3952 1083 impu·

1140 1115 1350 1186 taret;
1395 1106 1587 1199 quod
1635 1111 2071 1201 postmodum
2130 1131 2220 1181 ex
2271 1119 2409 1181 toto
2447 1130 2569 1203 per
2603 1095 3014 1180 eontrarium
3051 1128 3174 1201 per
3210 1107 3525 1180 effectum
3564 1111 3794 1205 operis
3829 1111 3955 1185 de-

1138 1231 1567 1301 monstravit.
1606 1233 1775 1304 Nam
1811 1243 1965 1327 post
1994 1233 2067 1305 id
2104 1232 2312 1305 iidem
2346 1232 2749 1305 excellentie
2779 1240 3006 1303 nostre
3054 1230 3376 1320 rebelles,
3414 1232 3950 1308 Florentinorum

1136 1354 1458 1449 exemplo
1508 1355 1629 1448 qui
1667 1364 1833 1428 tunc
1887 1358 2211 1452 temporis
2256 1357 2326 1426 in
2374 1356 2593 1428 oculis
2631 1355 2880 1428 nostris
2910 1353 3052 1426 fere
3090 1353 3260 1426 dum
3295 1356 3486 1450 apud
3520 1357 3727 1430 Reate
3767 1380 3950 1433 esse·

1134 1500 1291 1551 mus
1309 1532 1328 1570 ,
1355 1477 1665 1551 fidelium
1685 1492 2066 1552 nostrorum
2097 1480 2744 1574 depopulationibus
2773 1490 2842 1551 et
2869 1476 3207 1550 incendiis
3240 1499 3379 1551 non
3406 1480 3776 1573 parcebant
3804 1485 3864 1572 (l
3883 1481 3943 1578 ),

1130 1602 1554 1673 Mutinenses
1587 1613 1655 1673 et
1691 1605 2113 1676 veronenses
2139 1604 2242 1698 (2)
2273 1602 2512 1676 fideles
2543 1613 2808 1675 nostros
2832 1602 3166 1675 hostiliter
3189 1612 3352 1674 sunt
3380 1604 3711 1697 aggressi,
3751 1606 3949 1679 nobis

1132 1723 1392 1797 eisdem
1432 1726 1916 1799 invocantibus
1943 1728 2471 1823 lacrymabiliter
2498 1728 2879 1799 necessaria
2914 1736 2984 1797 et
3007 1724 3400 1798 desiderata
3444 1726 3770 1820 suffragia
3809 1752 3948 1803 ne·

1130 1850 1552 1943 queuntibus
1611 1852 1976 1946 impertiri,
2042 1854 2235 1924 velut
2299 1852 2479 1923 circa
2539 1850 2891 1944 negotium
2953 1847 3312 1947 [Ecclesie]
3375 1852 3754 1946 occupatis.
3798 1854 3946 1927 Hiis

1126 1974 1447 2046 omnibus
1499 1995 1638 2047 non
1696 1977 2034 2067 contenti,
2093 1977 2283 2049 velut
2330 1976 2402 2047 in
2453 1973 2876 2071 profundum
2921 1973 3351 2045 miseriarum
3402 1975 3703 2047 immersi
3747 1986 3815 2049 et
3852 1977 3944 2050 ad

1123 2097 1348 2168 omnis
1372 2097 1752 2191 iniquitatis
1782 2110 2089 2172 extrema
2122 2098 2438 2186 deducti,
2481 2100 2554 2170 in
2584 2099 2798 2193 ipsius
2816 2099 2936 2171 Dei
2972 2099 3293 2190 injuriam
3317 2108 3386 2171 et
3406 2099 3587 2191 juris
3617 2102 3944 2174 naturalis

1122 2220 1491 2308 offensam,
1548 2222 1857 2316 predicto
1909 2224 2397 2317 compromisso
2435 2223 2810 2317 pendente,
2865 2244 2988 2317 per
3039 2224 3314 2295 nuntios
3352 2243 3573 2315 usque
3616 2224 3686 2294 in
3722 2225 3944 2298 Theu-

1121 2347 1378 2418 toniam
1417 2345 1794 2418 destinatos
1836 2358 2071 2420 contra
2118 2369 2241 2421 nos
2288 2370 2448 2419 cum
2502 2346 2645 2418 filio
2694 2357 2923 2419 nostro
2964 2347 3453 2438 conjurationis
3504 2345 3742 2421 federa
3781 2370 3942 2421 con·

1123 2478 1506 2541 traxerunt.
1569 2469 1852 2562 Propter
1904 2470 2098 2564 quod
2144 2471 2235 2542 ad
2283 2469 2824 2565 expugnandam
2886 2469 3055 2540 tanti
3116 2470 3434 2542 facinoris
3485 2473 3937 2568 corruptelam

1116 2593 1390 2666 obstare
1424 2594 1782 2689 principiis
1817 2596 2145 2688 eligentes
2185 2605 2255 2667 et
2282 2594 2520 2666 favore
2557 2594 2798 2666 divino
2847 2594 2917 2664 in
2964 2592 3410 2665 Theutoniam
3450 2608 3930 2689 properantes,

1119 2717 1359 2788 divina
1394 2720 1697 2811 potentia
1748 2740 2027 2812 gressus
2065 2727 2334 2790 nostros
2357 2718 2613 2789 abinde
2643 2715 3006 2810 magnifice
3046 2714 3420 2809 dirigente,
3457 2719 3718 2789 nuntiis
3742 2721 3939 2792 Lom-

1114 2841 1488 2915 bardorum
1549 2842 1851 2936 ipsorum
1902 2841 1994 2915 de
2055 2843 2337 2915 consilio
2391 2843 2758 2914 multorum
2812 2840 3196 2935 principum
3260 2841 3655 2934 turpissime
3704 2845 3939 2917 mortis

1107 2964 1375 3057 judicio
1401 2966 1954 3061 condempnatis,
1994 2968 2136 3039 vite
2164 2963 2446 3063 [tamen]
2485 2976 2553 3038 et
2581 2966 2872 3037 libertati
2911 2965 3197 3060 pristine
3227 2965 3581 3055 restitutis,
3614 2965 3709 3039 ad
3737 2969 3938 3041 Sedis

1113 3089 1505 3183 Apostolice
1529 3112 1768 3184 preces
1795 3100 1865 3163 et
1891 3093 2145 3164 monita
2182 3088 2288 3185 (3)
2328 3101 2397 3161 et
2433 3089 2736 3182 magistri
2767 3089 3133 3182 Hospitalis
3164 3089 3411 3159 Sancte
3439 3088 3649 3160 Marie
3688 3088 3937 3163 domus

1117 3195 1689 3283 Theutonicorum
1744 3212 1815 3283 in
1869 3213 2241 3285 Jerusalem
2285 3213 2569 3284 multam
2620 3211 3013 3282 instantiam
3061 3211 3133 3280 in
3195 3211 3531 3306 solempni
3595 3213 3935 3306 colloquio

1119 3335 1523 3429 Maguntino
1548 3335 1903 3427 negotium
1937 3337 2416 3429 supradictum
2455 3335 2685 3408 denuo
2722 3351 2944 3428 usque
2980 3335 3050 3405 in
3103 3334 3352 3406 festum
3376 3335 3765 3408 Nativitatis
3806 3335 3932 3409 do·

1114 3461 1366 3532 minice
1395 3458 1487 3531 ad
1524 3460 1852 3532 honorem
1887 3471 2190 3532 nostrum
2218 3470 2287 3532 et
2322 3459 2593 3553 imperii
2629 3458 3065 3531 commodum
3095 3458 3377 3531 arbitrio
3412 3460 3717 3532 Ecclesie
3748 3482 3934 3533 com-

1115 3585 1432 3657 misimus
1484 3584 2026 3673 terminandum;
2095 3585 2252 3657 data
2314 3585 2448 3655 sibi
2513 3580 2613 3678 (a)
2669 3605 2793 3677 spe
2838 3583 3320 3656 nichilominus
3357 3604 3479 3678 per
3529 3584 3931 3677 magistrum

1113 3711 1390 3783 Petrum
1415 3707 1504 3780 de
1532 3710 1747 3781 Vinea
1775 3733 2025 3803 magne
2057 3711 2247 3782 curie
2271 3720 2500 3782 nostre
2519 3708 2852 3801 judicem,
2875 3708 3195 3779 nuntium
3212 3718 3282 3780 et
3298 3706 3574 3780 fidelem
3590 3719 3925 3797 nostrum,

1200 3873 1283 3952 (a)
1328 3874 1558 3934 Scilicet
1577 3890 1790 3952 papae,
1818 3879 1888 3933 ut
1911 3876 2168 3934 videtur.

3279 4037 3411 4046 ο...-

1182 4149 1255 4220 (t)
1291 4148 1368 4203 De
1392 4144 1534 4200 bello
1558 4151 1687 4201 tunc
1715 4145 1968 4218 temporis
1985 4145 2123 4201 inter
2145 4144 2477 4203 Florentinos
2497 4149 2553 4200 et
2579 4144 2863 4214 senenses,
2888 4143 3000 4200 vid.
3025 4142 3220 4201 chron.
3246 4141 3463 4210 Saum,
3490 4155 3581 4213 ap.
3609 4140 3924 4206 Mum-ron„

1113 4245 1341 4318 Scapt„
1364 4250 1402 4298 t.
1432 4243 1552 4312 XV,
1583 4259 1639 4315 p.
1667 4245 1756 4298 25.

1185 4341 1257 4415 (ἃ)
1292 4342 1355 4397 In
1400 4340 1584 4397 codice
1624 4339 1771 4396 locus
1805 4339 2022 4397 omnino
2068 4339 2287 4395 mutilus
2337 4345 2439 4396 est.
2480 4338 2785 4412 Legendum
2825 4344 2935 4407 est,
2969 4343 3030 4394 ut
3064 4337 3399 4404 arbitramur,
3433 4336 3799 4392 Cremonenses
3829 4349 3927 4408 pro

1117 4439 1445 4504 veronenses,
1475 4438 1588 4494 Hoc
1632 4437 1774 4493 enim
1821 4437 1935 4494 loeo
1976 4437 2148 4508 agitur
2180 4437 2249 4493 de
2282 4436 2482 4509 praelio
2516 4437 2871 4495 Zenevoltano
2900 4451 3028 4508 quo,
3062 4435 3191 4491 dum
3232 4433 3532 4490 Fridericus
3561 4432 3616 4488 in
3650 4430 3926 4490 obsidione

1115 4534 1477 4607 Respampani
1522 4534 1866 4602 detineretur,
1895 4533 2322 4591 Mediolanenses
2350 4533 2561 4590 auferre
2602 4534 2701 4590 nisi
2735 4539 2861 4590 sunt
2904 4532 3241 4605 elephantem
3284 4535 3341 4588 et
3382 4528 3747 4586 dromedarios
3789 4542 3927 4600 quos

1115 4631 1402 4703 imperator
1427 4647 1549 4687 cum
1575 4647 1767 4703 magno
1800 4630 2056 4688 comitatu
2078 4631 2390 4688 Cremonam
2419 4630 2655 4688 miserat.

1189 4727 1260 4800 (3)
1298 4728 1378 4786 cf.
1408 4745 1571 4802 supra
1597 4728 1802 4785 litteras
1829 4728 2071 4801 Gregorii
2098 4728 2194 4800 IX,
2226 4745 2282 4802 p.
2307 4730 2435 4786 735.
