4842 5802
1144 620 1260 680 768
2153 624 2583 685 rmnmtlcl
2634 623 2983 685 suenum
3584 623 3746 705 [Anu.
3786 625 3956 686 1235.

1138 756 1466 825 innovare
1505 764 1573 825 et
1609 754 2018 831 confirmare
2064 758 2153 831 de
2210 770 2441 833 nostra
2473 762 2690 854 gratia
2726 761 3214 854 dignaremur3
3268 762 3472 853 cujus
3500 761 3732 856 scripti
3767 770 3961 833 tenor

1135 877 1290 949 talis
1316 886 1463 948 est:

1235 1130 1598 1202 Heinricus
1632 1140 1909 1219 sextus,
1965 1130 2204 1204 divina
2241 1120 2517 1206 favente
2561 1134 2917 1208 clementia
2964 1133 3428 1207 Romanorum
3481 1134 3855 1229 imperator
3884 1144 3955 1205 et

1137 1275 1408 1349 semper
1439 1264 1778 1347 augustus
1822 1265 1892 1327 et
1923 1277 2050 1327 rex
2083 1256 2339 1329 Sicilie.
2400 1256 2573 1328 Cum
2623 1258 2943 1331 ecclesias
2982 1258 3105 1330 Dei
3152 1267 3223 1331 et
3270 1258 3421 1331 loca
3457 1256 3699 1330 divino
3733 1258 3948 1329 cultui

1133 1380 1521 1472 mancipata
1553 1379 1995 1473 benignitatis
2030 1390 2258 1453 nostre
2292 1380 2534 1453 favore
2568 1382 2939 1454 clementer
2977 1381 3385 1476 respicimus
3434 1390 3506 1454 et
3547 1382 3734 1453 viros
3779 1380 3952 1452 reli—

1134 1503 1364 1595 giosos
1390 1502 1461 1572 in
1498 1501 1783 1595 imperio
1820 1514 2050 1575 nostro
2085 1525 2129 1576 a
2160 1505 2501 1577 theloneis
2534 1514 2655 1577 aut
2685 1505 2839 1577 aliis
2867 1505 3161 1599 publicis
3188 1504 3666 1577 exactionibus
3699 1504 3952 1576 liberos

1128 1635 1198 1697 et
1233 1627 1583 1698 absolutos
1619 1626 2132 1717 constituimus,
2175 1626 2268 1699 ad
2297 1627 2634 1720 presentis
2662 1628 2803 1700 vite
2829 1649 3109 1698 cursum
3137 1627 3506 1699 feliciorem
3532 1636 3602 1698 et
3620 1626 3710 1697 ad
3731 1627 3945 1696 eterni

1127 1749 1369 1843 premii
1405 1749 1920 1822 retributionem
1950 1749 2150 1821 nobis
2183 1749 2257 1821 id
2284 1751 2722 1844 profuturum
2739 1772 2879 1823 non
2898 1750 3324 1823 dubitamus.
3355 1749 3685 1822 Noverint
3714 1751 3947 1842 itaque

1126 1873 1434 1944 universi
1462 1872 1726 1966 imperii
1755 1874 1967 1945 nostri
1997 1872 2240 1946 fideles
2264 1883 2401 1945 tam
2426 1874 2639 1945 futuri
2669 1895 2877 1968 quam
2909 1883 3261 1968 presentes
3278 1872 3470 1967 quod
3497 1894 3650 1962 nos,
3683 1873 3938 1947 intuitu

1127 1996 1349 2069 divini
1381 1997 1631 2069 amoris
1669 2006 1735 2069 et
1772 1998 1862 2069 ob
1898 2018 2090 2092 spem
2117 2007 2352 2069 eterne
2387 1997 2890 2087 retributionis,
2931 1998 3116 2069 viros
3148 1996 3573 2070 venerabiles
3596 1998 3837 2067 fratres
3852 1996 3942 2069 de

1119 2122 1350 2195 Monte
1379 2121 1606 2194 Veteri
1635 2123 1728 2192 ab
1758 2122 1945 2194 omni
1973 2120 2289 2194 theloneo
2313 2130 2451 2193 tam
2485 2121 2758 2193 interra
2780 2142 2990 2214 quam
3024 2121 3096 2191 in
3129 2140 3310 2215 aqua
3342 2128 3671 2214 perpetuo
3692 2119 3942 2193 liberos

1116 2266 1268 2317 esse
1294 2245 1618 2316 volumus
1650 2254 1719 2316 et
1753 2244 2034 2317 omnino
2067 2244 2453 2337 absolutos,
2505 2244 2595 2317 de
2636 2244 2983 2317 universis
3019 2244 3278 2317 scilicet
3327 2244 3666 2315 fructibus
3696 2264 3935 2315 eorum

1112 2369 1234 2463 qui
1272 2367 1371 2440 eis
1417 2367 1507 2440 de
1556 2368 1752 2439 terris
1799 2367 2105 2463 ipsorum
2152 2377 2221 2440 et
2265 2368 2538 2441 allodiis
2583 2371 2936 2442 annuatim
2989 2370 3211 2441 solent
3243 2368 3634 2463 provenire.
3700 2366 3938 2461 Itaque

1113 2492 1526 2566 mandamus
1577 2502 1645 2564 et
1688 2492 2109 2587 precipimus
2155 2492 2496 2565 universis
2546 2492 2981 2566 theloneariis
3026 2492 3273 2565 nostris
3323 2501 3393 2565 et
3446 2491 3761 2565 officiatis
3815 2493 3935 2586 qui

1112 2639 1296 2688 nunc
1312 2627 1475 2688 sunt
1497 2626 1618 2688 aut
1637 2638 1763 2710 pro
1792 2626 2095 2710 tempore
2126 2617 2408 2707 fuerint,
2450 2627 2527 2687 ut
2553 2619 2784 2690 nullus
2814 2639 3052 2690 eorum
3083 2615 3368 2710 aliquod
3399 2617 3681 2689 omnino
3714 2616 3933 2688 thelo-

1108 2763 1342 2833 neum,
1381 2751 1461 2812 ut
1498 2739 1758 2812 dictum
1788 2748 1918 2826 est,
1961 2761 2002 2810 a
2040 2738 2363 2833 predictis
2396 2740 2723 2811 fratribus
2746 2742 3027 2834 exigere
3059 2739 3316 2811 audeat
3347 2740 3457 2810 vel
3492 2740 3806 2833 accipere
3842 2739 3933 2812 de

1106 2865 1317 2940 rebus
1352 2863 1675 2936 videlicet
1707 2862 2219 2958 prenominatis.
2244 2862 2329 2936 Ut
2359 2872 2588 2935 autem
2616 2864 2741 2936 hec
2758 2874 2985 2937 nostre
3008 2862 3431 2936 liberalitatis
3466 2860 3933 2934 munificentia

1105 3003 1254 3063 rata
1303 2998 1634 3084 perpetuo
1696 2997 1765 3058 et
1837 2987 2245 3058 inconvulsa
2303 2986 2629 3081 predictis
2673 2988 2993 3058 fratribus
3036 2988 3479 3073 observetur,
3542 2996 3929 3078 presentem

1105 3110 1366 3185 exinde
1401 3110 1723 3203 paginam
1750 3108 2086 3180 conscribi
2117 3117 2188 3179 et
2211 3118 2440 3180 nostre
2468 3110 2843 3201 majestatis
2874 3106 3103 3199 sigillo
3128 3107 3464 3200 jussimus
3486 3107 3918 3180 communiri.

1105 3234 1482 3307 Statuimus
1525 3254 1690 3326 ergo
1729 3242 1806 3304 ut
1851 3233 2085 3303 nullus
2126 3232 2410 3304 omnino
2442 3242 2672 3305 contra
2717 3232 2847 3305 hoc
2883 3232 3284 3304 mandatum
3336 3241 3645 3302 nostrum
3689 3232 3927 3303 venire

1106 3356 1362 3433 audeat
1389 3357 1500 3428 vel
1517 3358 1743 3452 ipsum
1767 3356 2003 3450 aliquo
2035 3354 2241 3427 modo
2259 3366 2611 3449 presumat
2639 3356 2920 3429 violare.
2949 3355 3153 3441 Quod
3181 3355 3301 3450 qui
3333 3356 3554 3426 facere
3570 3376 3926 3449 presump-

1099 3484 1289 3575 serit,
1335 3491 1563 3553 nostre
1584 3481 1958 3574 majestatis
1988 3478 2535 3572 indignationem
2569 3503 2645 3554 se
2680 3501 2816 3553 nou
2849 3479 3121 3554 dubitet
3157 3482 3621 3553 incursurum.

1200 3608 1372 3679 Data
1405 3604 1595 3700 apud
1629 3605 2052 3698 Maguntiam
2076 3658 2096 3694 ,
2126 3626 2308 3676 anno
2336 3605 2611 3677 Domini
2638 3603 2934 3677 MCXCV
2948 3658 2970 3696 ,
3014 3604 3389 3678 indictione
3420 3604 3610 3694 XIII,
3652 3603 3777 3674 XV
3804 3603 3924 3674 ka·

1097 3728 1337 3802 lendas
1368 3728 1787 3801 novembris.

1194 3853 1331 3924 Nos
1381 3853 1592 3945 igitur
1640 3851 1860 3946 ipsius
1910 3851 2181 3924 abbatis
2218 3850 2835 3945 supplicationibus
2879 3850 3221 3938 inclinati,
3275 3849 3365 3921 de
3389 3847 3668 3941 speciali
3703 3849 3920 3940 gratia

1098 3986 1326 4049 nostra
1362 3976 1751 4070 predictum
1789 3974 2229 4069 privilegium
2263 3974 2476 4068 patris
2506 3975 2719 4046 nostri
2743 3982 2811 4046 et
2838 3995 2922 4046 ea
2952 3974 3186 4046 omnia
3206 3993 3342 4066 que
3379 3973 3811 4042 continentur
3843 3971 3917 4040 in

1094 4102 1244 4196 ipso
1282 4099 1614 4172 duximus
1651 4096 2162 4189 confirmanda;
2204 4106 2581 4170 statuentes
2603 4097 2898 4167 utnulla
2932 4117 3222 4190 persona
3248 4095 3336 4165 sit
3365 4115 3503 4186 que
3532 4092 3916 4186 predictum

1092 4225 1413 4298 abbatem
1444 4223 1556 4295 vel
1588 4224 1827 4293 fratres
1865 4242 2029 4292 suos
2061 4227 2296 4293 contra
2333 4220 2842 4292 concessionem
2874 4218 3140 4291 domini
3179 4217 3390 4312 patris
3427 4216 3633 4287 nostri
3663 4231 3732 4285 et
3760 4237 3917 4308 pre-

1089 4359 1353 4422 sentem
1380 4346 1967 4419 confirmationem
1991 4355 2295 4417 nostram
2334 4342 2592 4416 audeat
2623 4345 3009 4415 molestare.
3045 4340 3247 4426 Quod
3269 4339 3391 4432 qui
3429 4339 3919 4432 presumpserit

1091 4471 1636 4565 indignationem
1675 4468 1888 4541 nostri
1921 4468 2243 4540 culminis
2277 4489 2353 4540 se
2384 4467 2654 4539 noverit
2677 4464 3069 4537 incurrisse.
3105 4462 3217 4535 Ad
3248 4462 3457 4553 hujus
3493 4462 3727 4555 itaque
3751 4484 3916 4533 con-

1088 4594 1495 4667 firmationis
1516 4602 1743 4665 nostre
1762 4593 2163 4666 memoriam
2178 4599 2249 4664 et
2265 4590 2479 4662 robur
2497 4599 2831 4684 perpetuo
2847 4588 3248 4679 valiturum,
3273 4608 3565 4681 presens
3581 4587 3912 4682 scriptum

1089 4717 1237 4790 fieri
1269 4726 1337 4791 et
1373 4718 1599 4811 sigillo
1634 4717 2007 4808 majestatis
2039 4727 2268 4791 nostre
2286 4713 2624 4808 jussimus
2653 4713 3082 4786 communiri.
