4842 5802
855 656 1175 741 lamma]
1262 728 1267 733 ⁴
1755 648 2152 713 HISTORIA
2199 646 2783 719 mPLOMA‘rch.
3561 640 3685 753 803x

964 1209 1395 1293 Eridericus
1411 1269 1438 1317 ‚
1475 1208 1999 1325 Romanorum
2036 1208 2480 1319 imperator,
2503 1210 2618 1293 -ad
2654 1208 3093 1292 instantiam
3143 1204 3681 1316 archiepiscopi

865 1341 1374 1448 Treverensiffi
1406 1340 1760 1425 abbatem
1792 1351 1871 1425 et
1904 1341 2299 1425 ecclesiam
2324 1344 2421 1425 de
2448 1342 3083 1452 Vuadegozingen
3110 1365 3288 1422 cum
3323 1336 3681 1422 omnibus

866 1474 1089 1559 bonis
1113 1474 1643 1584 praesentibus
1677 1484 1757 1557 et
1783 1474 2063 1558 futuris
2101 1475 2248 1559 sub
2281 1502 2426 1558 sua
2459 1487 2535 1559 et
2568 1474 2863 1584 imperii
2898 1473 3359 1584 protectione
3387 1468 3678 1580 recipit.

1034 1714 1389 1790 (Ediderunt
1412 1715 1633 1795 Rnuss,
1670 1714 1941 1777 Teutsclze
1972 1713 2405 1783 staatsltanzlei,
2442 1722 2486 1776 t.
2521 1715 2798 1794 XXXIV,
2823 1733 2885 1792 p.
2921 1713 3477 1785 136.-Lun01.1›n,
3510 1713 3688 1791 Sym-

1105 1820 1278 1902 pkor.
1319 1819 1626 1883 consultat.
1645 1865 1666 1895 ‚
1693 1828 1739 1883 t.
1770 1824 1823 1900 1,
1852 1840 1915 1900 p.
1954 1831 2131 1884 1441.
2156 1856 2234 1867 -
2262 1822 2316 1883 J.
2354 1824 2564 1885 Mum
2598 1822 2886 1897 Kanum,
2919 1818 3159 1883 Geneal.
3190 1818 3377 1882 (ἕσσαι.
3409 1820 3503 1880 des
3528 1817 3691 1881 alten

1114 1925 1547 1988 Ardennischen
1586 1923 1967 2002 Geschlecltte,
1997 1938 2064 1988 n⁰
2091 1928 2245 2005 vn,
2270 1946 2348 1990 ex
2372 1926 2625 1990 chartul.
2657 1928 2990 2007 Sarepont.‚
3021 1924 3123 1988 fol.
3158 1938 3256 1989 51.
3289 1925 3601 1988 Francfort
3633 1933 3695 1987 et

1118 2033 1386 2113 Leipstg,
1422 2032 1625 2112 1785.)

975 2241 1395 2333 Fridencus,
1437 2241 1564 2315 Dei
1619 2241 1843 2336 gratia
1880 2243 2347 2315 Romanorum
2391 2243 2758 2336 imperator
2808 2263 3078 2337 semper
3112 2251 3450 2336 augustus
3470 2295 3490 2330 ,
3544 2240 3701 2313 Hie-

881 2363 1178 2434 rusalem
1231 2370 1301 2434 et
1352 2361 1584 2434 Sicilie
1638 2382 1791 2434 rex.
1843 2361 1971 2432 Per
2024 2381 2306 2455 presens
2348 2361 2679 2456 scriptum
2732 2370 2969 2433 notum
3025 2362 3311 2433 facimus
3361 2360 3704 2431 universis

883 2482 1207 2556 fidelibus
1252 2483 1524 2579 imperii
1570 2492 1708 2556 tam
1749 2483 2190 2580 presentibus
2237 2506 2447 2579 quam
2496 2484 2743 2555 futuris
2785 2483 2975 2579 quod
3025 2505 3150 2555 nos
3175 2537 3194 2571 ‚
3233 2482 3326 2555 ad
3357 2484 3705 2578 supplica-

3776 1213 4030 1268 nug-suove
4041 1249 4058 1270 ,

3799 1268 4035 1311 dece-brt.

884 2604 1140 2677 tionem
1186 2604 1415 2677 dilecti
1456 2605 1787 2700 principis
1830 2606 2042 2677 nostri
2070 2607 2488 2679 venerabilis
2533 2606 2974 2679 Treverensis
3026 2605 3550 2702 archiepiscopi,
3586 2607 3709 2678 ab·
3791 2592 3796 2607 ⁴

886 2728 1118 2800 batem
1158 2737 1228 2800 et
1272 2727 1631 2801 ecclesiam
1670 2724 1761 2800 de
1800 2727 2383 2823 Vuadegozingen
2426 2729 2533 2825 (a)
2572 2752 2732 2802 cum
2776 2730 3099 2803 omnibus
3136 2731 3336 2803 honis
3383 2731 3529 2803 suis
3570 2753 3710 2825 que

887 2851 961 2923 in
991 2851 1293 2947 presenti
1314 2853 1499 2946 juste
1529 2860 1765 2925 tenent
1797 2862 1865 2925 et
1890 2849 2248 2949 possident
2285 2862 2354 2927 et
2388 2853 2465 2925 in
2503 2864 2704 2928 antea
2735 2857 2921 2948 justo
2958 2855 3151 2928 titulo
3191 2864 3510 2952 poterunt
3557 2855 3713 2930 adi·

887 2975 1101 3071 pisci,
1141 2976 1274 3047 sub
1323 2985 1557 3048 nostra
1586 2984 1655 3048 et
1690 2975 1961 3072 imperii
2002 2978 2425 3072 protectione
2469 2979 2838 3073 recipimus
2873 2980 3155 3075 speciali
3196 2980 3338 3076 (03
3381 2982 3715 3078 presentis

891 3095 1127 3194 scripti
1188 3098 1589 3172 auctoritate
1643 3099 2051 3174 mandantes
2102 3111 2172 3173 et
2214 3100 2501 3173 firmiter
2536 3103 2922 3176 inhibentes
2967 3111 3309 3198 quatenus
3344 3106 3578 3177 nullus
3628 3107 3719 3179 sit

891 3221 1013 3315 qui
1045 3221 1307 3294 dictum
1349 3223 1674 3294 abbatem
1709 3232 1779 3296 et
1818 3226 2175 3297 ecclesiam
2226 3226 2300 3296 in
2342 3247 2634 3320 persona
2671 3227 2782 3299 vel
2823 3228 3025 3301 bonis
3052 3238 3286 3302 contra
3313 3230 3522 3323 hujus
3565 3253 3722 3326 pro-

891 3345 1206 3418 tectionis
1233 3328 1465 3418 nostre
1492 3355 1798 3418 tenorem
1826 3367 2004 3420 ausu
2046 3349 2403 3422 temerario
2427 3350 2777 3423 offendere
2802 3352 2915 3423 vel
2940 3353 3322 3448 inquietare
3346 3365 3715 3448 presumat.

896 3466 1105 3551 Quod
1145 3467 1265 3560 qui
1304 3468 1799 3564 presumpserit
1843 3469 2388 3563 indignationem
2433 3474 2753 3545 culminis
2799 3476 3010 3546 nostri
3060 3497 3136 3548 se
3180 3477 3451 3550 noverit
3495 3478 3727 3550 incur-

899 3610 1164 3661 surum.
1199 3588 1314 3663 Ad
1366 3590 1573 3683 hujus
1625 3599 1859 3663 autem
1914 3595 2011 3665 rei
2053 3595 2454 3667 memoriam
2497 3604 2565 3667 et
2609 3597 2921 3670 stabilem
2965 3597 3350 3673 firmitatem
3376 3653 3396 3693 ,
3440 3622 3723 3697 presens

899 3712 1234 3808 scriptum
1280 3710 1429 3784 fieri
1448 3712 1789 3805 jussimus
1817 3718 2197 3807 majestatis
2225 3727 2457 3790 nostre
2493 3718 2715 3813 sigillo
2761 3722 3130 3794 munitum.

999 3837 1247 3908 Datum
1297 3836 1487 3932 apud
1528 3837 1828 3931 Hagen„
1864 3860 2048 3912 anno
2086 3840 2435 3914 dominice
2475 3842 2962 3917 incarnationis
3004 3845 3366 3920 millesimo
3401 3848 3726 3924 ducente-

902 3960 1078 4032 simo
1115 3960 1460 4033 tricesimo
1493 3962 1765 4057 quinto,
1812 3964 2067 4035 mensis
2099 3964 2511 4060 decembriS‚
2550 3989 2730 4041 none
2755 3968 3170 4042 indictionis.

984 4160 1075 4242 (a)
1114 4162 1355 4225 Scilicet
1416 4160 1799 4246 wadqamn,
1853 4168 2010 4227 sicut
2058 4169 2474 4245 interpretatur
2511 4171 2903 4248 Boebmuz,
2944 4172 3164 4255 Reqese.
3208 4175 3411 4255 imper.
3429 4221 3447 4251 ,
3475 4193 3537 4254 p.
3584 4186 3723 4250 165,

903 4277 970 4329 n·
1001 4276 1142 4331 825.
2167 4319 2173 4326 -
2780 4287 2783 4291 ’

980 4503 1058 4576 (4)
1093 4501 1205 4562 Hoc
1228 4507 1610 4578 mtoctuium
1631 4508 1968 4596 confirmavit
1986 4509 2209 4572 Carolus
2232 4511 2480 4585 quinum,
2502 4513 2855 4590 Wonnatiao,
2875 4517 3152 4592 dieprima
3175 4518 3524 4580 muniamaii
3539 4564 3555 4594 ,
3583 4537 3726 4582 anno

911 4599 1179 4672 MDXX1;
1207 4601 1354 4674 quod
1389 4602 1557 4661 etiam
1578 4620 1670 4679 ap.
1697 4606 2078 4680 Lunounux,
2107 4607 2214 4666 loco
2236 4624 2389 4683 supr.
2414 4613 2600 4669 citato.
