4842 5802
1200 643 1323 706 568
2237 638 2581 700 HENRICI
2631 639 2965 701 SEPTml
3649 642 3808 725 [Ans.
3846 645 4017 708 1232.

1202 778 1451 868 duces,
1513 775 1603 848 de
1651 774 1921 864 Baden,
1971 772 2063 845 de
2114 774 2417 866 Burgaw
2466 774 2934 866 marchiones,
2994 774 3085 847 de
3135 775 3521 871 Meileburg
3554 775 3699 873 (sic)
3734 777 3872 872 (a),
3931 778 4023 853 de

1201 899 1701 989 Scowenburg‚
1740 898 1832 970 de
1865 894 2197 969 Waldeck
2230 893 2543 989 comites,
2581 896 2655 970 C.
2696 897 2789 971 de
2821 901 3136 990 Durnen‚
3177 901 3263 971 H.
3306 899 3395 973 de
3426 901 3774 995 Liesberg,
3810 901 3891 972 G.
3932 900 4022 974 de

1198 1021 1662 1119 Eppenstein‚
1700 1017 1780 1089 G.
1820 1018 1912 1091 de
1957 1019 2338 1111 Butingen,
2393 1019 2478 1091 G.
2520 1028 2590 1093 et
2625 1019 2698 1093 C.
2748 1021 2838 1094 de
2869 1022 3304 1114 Hohenloch,
3347 1023 3460 1094 W.
3504 1023 3595 1096 de
3628 1022 4015 1113 Bolanden‚

1328 1145 1418 1218 de
1458 1144 1913 1236 Amxenburg
1944 1140 2076 1238 (Ρ),
2241 1141 2333 1215 de
2357 1143 2827 1240 Bapenheym,
2866 1146 2977 1217 W.
3014 1144 3103 1219 de
3128 1148 3506 1242 Lympmg,
3682 1144 3775 1218 de
3807 1145 4015 1236 Baba,

1198 1282 1269 1342 et
1301 1268 1419 1342 alii
1449 1269 1915 1364 quamplures.

1298 1394 1545 1464 Datum
1588 1392 1773 1486 apud
1816 1389 2241 1463 Chindacum
2279 1389 2411 1486 (b),
2460 1411 2640 1464 anno
2690 1392 2963 1465 Domini
3003 1392 3098 1465 M.
3125 1391 3248 1465 CC.
3271 1393 3551 1484 XXXII,
3586 1393 3648 1464 V
3692 1392 4022 1466 kalendas

1201 1512 1400 1608 maii,
1443 1515 1817 1588 indictione
1848 1515 1933 1586 V.

838 2080 1103 2188 Agma,
1309 2063 1707 2174 HenricuS,
1748 2066 2269 2149 Romanorum
2305 2092 2468 2174 rex,
2500 2066 2597 2149 de
2630 2066 3102 2174 providentia
3137 2067 3432 2149 consilii
3470 2069 3589 2150 sui
3623 2069 4025 2153 confirmat

872 2189 925 2231 ¹⁸
948 2189 1068 2232 ω·
1204 2200 1684 2309 privilegium
1748 2199 1957 2308 quod
2021 2198 2436 2307 imperator
2498 2208 2711 2307 pater
2791 2223 2976 2280 suus
3045 2200 3472 2308 praeposito
3538 2210 3612 2283 et
3690 2199 4021 2308 capitulo

1207 2332 1461 2415 Sancti
1500 2329 1814 2413 Servatii
1856 2330 1937 2411 in
1983 2328 2324 2439 Trajecto
2370 2356 2598 2439 super
2633 2329 3000 2412 divisione
3035 2328 3414 2414 honorum
3458 2333 4021 2441 praepositurae

1203 2474 1279 2547 et
1310 2463 1620 2573 capituli
1655 2460 2000 2546 contulit.

1364 2664 1619 2745 (Inedit.
1651 2680 1725 2725 ex
1758 2658 2025 2723 Char-tul.
2060 2661 2197 2722 Mu.
2228 2662 2292 2725 S.
2329 2660 2586 2724 Seu-vatia·
2620 2659 2895 2738 Trajm..
2915 2662 2979 2720 in
3004 2648 3287 2723 Biblioth.
3319 2678 3445 2741 reg.
3475 2663 3694 2738 Paris„
3718 2671 3868 2727 tom.
3897 2665 4017 2739 111,

1439 2771 1546 2833 fol.
1580 2777 1616 2829 5
1651 2769 1853 2844 recto.)

1304 2972 1638 3046 Henricus
1680 2969 2013 3065 septimus
2054 2966 2292 3040 divina
2337 2966 2616 3038 favente
2668 2965 3032 3038 clementia
3083 2964 3546 3037 Romanorum
3595 2984 3722 3036 rex
3753 2985 4022 3061 semper

1205 3106 1577 3190 augustus,
1631 3093 1976 3166 universis
2030 3089 2301 3185 imperii
2350 3087 2679 3160 fidelibus
2713 3086 2892 3159 hanc
2929 3087 3221 3159 litteram
3269 3086 3679 3182 inspecturis
3729 3089 4021 3180 gratiam

1205 3244 1400 3295 suam
1430 3230 1497 3294 et
1533 3239 1739 3292 omne
1769 3217 2055 3289 bonum.
2093 3212 2206 3286 Ad
2243 3213 2608 3305 utriusque
2651 3210 2792 3282 vite
2825 3211 3212 3282 felicitatem
3256 3212 3583 3306 prodesse
3634 3213 3833 3286 nobis
3882 3235 4020 3286 non

1208 3344 1625 3438 ambigimus
1670 3362 1828 3412 cum
1870 3340 2023 3411 loca
2068 3337 2311 3409 divino
2346 3334 2565 3407 cultui
2602 3336 2989 3429 mancipata
3016 3335 3500 3426 juvaverimus
3533 3336 3901 3430 ampliare,
3953 3345 4024 3408 et

1205 3490 1449 3543 eorum
1484 3464 1698 3559 quieti
1732 3472 1802 3535 et
1841 3458 2311 3554 tranquillitati
2348 3456 2795 3552 providemus
2835 3477 2924 3529 ne
2968 3456 3295 3530 scandala
3329 3458 3401 3528 in
3445 3458 3614 3552 ipsis
3644 3467 3712 3532 et
3747 3459 4024 3532 dissen-

1211 3592 1429 3664 tiones
1450 3589 1726 3660 valeant
1761 3583 2083 3658 suboriri.
2117 3583 2550 3678 Quapropter
2578 3578 3109 3674 significandum
3145 3580 3479 3653 duximus
3511 3581 3852 3655 universis
3884 3592 4023 3657 tam

1206 3711 1640 3810 presentibus
1667 3731 1873 3803 quam
1910 3706 2156 3779 futuris
2185 3703 2377 3800 quod
2407 3725 2533 3777 nos
2565 3725 2607 3777 e
2641 3703 3075 3799 providentia
3105 3704 3371 3776 consilii
3402 3706 3615 3777 nostri
3659 3706 4021 3780 confirma-

1205 3838 1458 3909 tionem
1493 3843 1562 3909 et
1592 3831 2029 3930 privilegium
2064 3829 2255 3924 quod
2282 3826 2762 3901 serenissimus
2800 3825 3121 3901 dominus
3151 3827 3519 3924 imperator
3568 3842 3758 3924 pater
3794 3840 4024 3904 noster

1207 3958 1553 4057 preposito
1588 3965 1658 4030 et
1689 3956 1988 4052 capitulo
2012 3952 2242 4026 Sancti
2274 3952 2567 4025 Servatii
2596 3951 2668 4022 in
2702 3952 3007 4042 Trajecto
3039 3972 3248 4045 super
3294 3951 3640 4024 divisione
3683 3953 4021 4024 bonorum

1209 4083 1639 4181 prepositure
1677 4088 1747 4151 et
1798 4077 2081 4172 capituli
2139 4075 2497 4147 memorati
2549 4074 2876 4161 contulit,
2948 4073 3285 4147 habemus
3336 4084 3559 4148 ratum
3625 4074 4023 4148 auctoritate

1206 4208 1396 4302 regia
1431 4204 1935 4279 confirmantes.
1977 4199 2355 4272 Statuimus
2396 4196 2606 4291 igitur
2649 4204 2717 4268 et
2765 4195 2898 4268 sub
2947 4196 3496 4271 interminatione
3539 4197 3758 4290 gratie
3794 4207 4023 4271 nostre

1209 4329 1513 4404 districte
1549 4325 1967 4423 precipimus
1998 4330 2071 4392 ut
2106 4321 2297 4393 nulla
2343 4342 2650 4415 unquam
2693 4340 2987 4416 persona
3040 4320 3498 4393 ecclesiastica
3548 4322 3655 4393 vel
3693 4319 4023 4394 secularis

1287 4530 1376 4611 (a)
1416 4529 1549 4592 vid.
1575 4542 1775 4604 supra,
1798 4541 1855 4603 p.
1885 4533 1999 4585 272
2028 4529 2088 4584 et
2113 4530 2254 4596 273,
2276 4527 2398 4582 not.
2437 4519 2494 4583 b.

1293 4635 1371 4716 (b)
1416 4636 1513 4697 Slc
1538 4638 1602 4695 in
1628 4636 1929 4710 impressis
1951 4633 2097 4691 etin
2124 4632 2253 4707 ipso
2278 4629 2498 4689 codice.
2521 4628 2681 4690 Luce
2718 4631 2919 4689 tamen
2945 4627 3160 4689 clarius
3185 4627 3501 4707 legendum
3526 4625 3860 4690 Sibidatum
3889 4626 3911 4708 (
3924 4627 4021 4688 Ci-

1205 4739 1453 4816 m'dale);
1479 4740 1557 4801 cf.
1585 4754 1787 4818 supra,
1820 4755 1877 4816 p.
1913 4745 2052 4812 321,
2080 4741 2205 4796 not.
2241 4743 2301 4796 1.
