4842 5802
1096 697 1223 761 828
2094 702 2523 768 munmuct
2571 706 2924 769 SECUNm
3545 705 3706 787 [An.
3741 706 3919 770 1236.

1102 834 1197 908 ad
1232 836 1525 909 verbum
1554 837 1996 933 privilegium
2028 841 2270 916 datum
2295 844 2730 939 Hagenowe,
2782 841 2822 915 t
2850 840 3213 933 februarii,
3252 863 3416 914 ann.
3461 842 3686 934 ⁴220,
3734 841 3924 939 quod

1102 981 1340 1056 supra,
1374 969 1423 1033 t.
1460 962 1516 1052 Ι,
1564 984 1635 1057 p.
1675 960 1880 1060 736.]

1201 1086 1340 1157 Nos
1375 1084 1587 1179 igitur
1620 1085 2050 1162 attendentes
2081 1089 2263 1163 circa
2306 1090 2496 1164 cives
2545 1088 2891 1187 predictos
2931 1087 3021 1162 de
3054 1088 3476 1162 Mollaeheim
3510 1086 3743 1162 fidelia
3782 1107 3927 1161 ser-

1102 1208 1274 1281 vitia
1284 1263 1950 1285 .........
2015 1211 2107 1287 de
2155 1213 2581 1309 benignitate
2631 1214 2953 1287 culminis
2998 1212 3210 1286 nostri
3259 1213 3550 1307 gratiam
3605 1210 3923 1285 eamdem

1107 1354 1319 1426 quam
1349 1342 1657 1429 tempore
1679 1335 1872 1430 regni
1903 1336 2117 1410 nostri
2148 1338 2250 1411 eis
2282 1338 2594 1433 fecimus,
2624 1338 3022 1411 auctoritate
3038 1337 3376 1434 imperiali
3404 1336 3574 1434 ipsis
3591 1335 3928 1410 duximus

1106 1454 1672 1531 confirmandam.
1749 1512 1766 1530 .
1844 1512 1862 1532 .
1935 1515 1953 1532 .
2029 1510 3916 1534 ........................

1203 1709 1435 1779 Testes
1463 1706 1675 1800 hujus
1712 1708 1812 1781 rei
1842 1717 2006 1781 sunt
2049 1736 2067 1780 ε
2109 1710 2472 1783 Heinricus
2504 1708 3038 1783 constantiensis
3066 1708 3457 1805 episcopuS,
3491 1709 3927 1782 Hermannus

1103 1830 1409 1904 marchio
1444 1831 1533 1905 de
1566 1831 1831 1924 Baden,
1870 1833 2228 1908 Conradus
2261 1834 2717 1930 burcgravius
2756 1834 2846 1907 de
2878 1833 3328 1925 Nuerinberc,
3372 1829 3593 1930 [etc.].

1204 1956 1494 2050 Signum
1542 1950 1805 2029 domini
1847 1958 2060 2030 nostri
2116 1957 2448 2031 Friderici
2491 1958 2819 2050 secundi,
2872 1957 2997 2031 Dei
3053 1956 3275 2050 gratia
3321 1955 3749 2029 invictissimi
3796 1957 3926 2030 Ro-

1101 2100 1462 2153 manorum
1496 2080 1921 2176 imperatoris
1951 2103 2221 2179 semper
2253 2083 2566 2176 augusti,
2600 2082 2972 2156 Jerusalem
3010 2091 3079 2154 et
3107 2078 3335 2155 Sicilie
3368 2081 3577 2175 regis.

1201 2204 1375 2278 Acta
1400 2217 1560 2279 sunt
1591 2205 1719 2279 bec
1740 2228 1925 2280 anno
1951 2206 2298 2281 dominice
2331 2208 2821 2280 incarnationis
2854 2207 3216 2280 millesimo
3241 2206 3653 2296 CCXXXVI,
3687 2226 3926 2279 mense

1105 2332 1334 2426 aprili,
1375 2352 1556 2404 none
1591 2330 2014 2423 indictionis,
2047 2332 2421 2427 imperante
2457 2330 2736 2404 domino
2764 2342 2995 2404 nostro
3019 2330 3366 2404 Friderico
3377 2381 3875 2404 .......
3896 2380 3919 2419 ,

1101 2454 1393 2527 Romani
1443 2454 1710 2550 imperii
1751 2457 1903 2547 ejus
1956 2478 2140 2529 anno
2182 2456 2471 2552 septimo
2503 2455 2809 2545 decimo,
2850 2456 3040 2551 regni
3087 2456 3462 2529 Jerusalem
3510 2452 3920 2543 undecimo,

1106 2582 1303 2673 regni
1340 2601 1507 2653 vero
1536 2581 1689 2672 ejus
1721 2580 1950 2652 Sicilie
1991 2601 2174 2653 anno
2201 2581 2541 2653 tricesimo
2572 2581 2888 2676 septimo,
2933 2580 3241 2653 feliciter.
3282 2579 3530 2652 Amen.

1203 2706 1452 2776 Datum
1488 2703 1679 2800 apud
1709 2705 2137 2799 Hagenowe,
2174 2726 2382 2797 anno,
2425 2726 2687 2795 mense,
2726 2703 3104 2777 indictione
3135 2702 3553 2800 prescriptis.

1525 3081 2862 3092 ffi—Wwffl*u
2872 3081 3328 3091 mm
3337 3079 3483 3089 ..ι--ι-

774 3448 950 3556 2332}ss
1214 3421 1670 3529 FrideriouS,
1707 3418 2228 3503 Romanorum
2264 3417 2710 3527 imperator,
2751 3415 3100 3526 querelas
3134 3441 3376 3525 papae
3412 3416 3803 3525 redarguit
3838 3418 3933 3500 de

754 3556 809 3598 ¹⁶
832 3533 1005 3611 Ῥῶ·
1108 3556 1408 3667 injuriis
1457 3580 1654 3666 quae
1701 3552 1781 3634 in
1821 3579 2057 3664 regno
2112 3576 2252 3634 suo
2306 3549 2643 3634 ecclesiis
2698 3561 2771 3632 et
2823 3547 3181 3658 praelatis
3233 3548 3488 3632 illatae
3540 3549 3927 3658 dicuntur,

1108 3701 1518 3800 monetque
1561 3715 1660 3772 ne
1710 3686 1961 3771 verbis
2014 3684 2591 3795 obloquentium
2640 3682 3053 3765 faciliorem
3093 3708 3355 3766 aurem
3400 3682 3795 3792 praebeat3
3836 3682 3933 3765 de

1109 3824 1506 3907 Saracenis
1558 3846 1736 3905 vero
1789 3819 2085 3902 Siciliae
2137 3843 2334 3927 quos
2388 3817 2469 3899 in
2511 3816 2955 3926 Capitanata
3008 3815 3204 3899 inter
3252 3816 3703 3899 christianos
3756 3813 3934 3898 fecit

1108 3956 1393 4041 morari
1406 4017 1431 4060 ‚
1500 3954 1805 4063 exponit
1857 3962 2234 4062 quantum
2296 3951 2379 4032 id
2449 3949 2976 4033 christianitati
3028 3950 3414 4059 proficiat,
3472 3972 3716 4058 quum
3763 3945 3928 4055 jam

1107 4091 1328 4174 tertia
1364 4114 1544 4200 pars
1578 4112 1843 4171 eorum
1880 4085 1981 4167 ad
2021 4084 2197 4167 fidei
2233 4083 2700 4167 consortium
2746 4082 2844 4165 sit
2897 4082 3247 4188 reducta3
3287 4091 3509 4190 rogat
3560 4079 3788 4162 etiam
3834 4102 3932 4159 ne

1110 4236 1377 4310 contra
1442 4221 1915 4305 Veronenses
1972 4217 2108 4329 qui
2161 4242 2209 4299 a
2264 4216 2613 4300 societate
2683 4215 3292 4299 Lombardorum
3352 4213 3433 4293 in
3490 4210 3932 4293 fidelitatem

1110 4355 1407 4466 imperii
1475 4353 1866 4437 redierunt
1880 4413 1903 4458 ,
1961 4347 2817 4433 excommunicationem
2877 4346 3338 4428 immeritam
3399 4342 3595 4426 ferat
3615 4402 3640 4448 ‚
3708 4366 3938 4451 super

1110 4489 1418 4600 negotio
1478 4485 1696 4598 regni
1757 4483 1985 4594 Cypri
2038 4507 2217 4565 cum
2262 4481 2340 4562 in
2380 4480 2678 4563 Italiam
2716 4479 2945 4563 fuerit
2979 4502 3356 4584 reversuS,
3394 4499 3930 4584 responsurus,

1279 4726 1509 4806 (Effluit
1531 4726 1797 4799 nonna,
1820 4677 2039 4784 'Kaisa-
2072 4718 2373 4782 Friedrich
2392 4717 2484 4796 ιι,
2519 4718 2792 4799 uocum„
2822 4736 2881 4796 p.
2917 4727 3068 4793 856,
3097 4726 3166 4778 no
3205 4724 3307 4797 25,
3337 4732 3372 4776 e
3406 4713 3657 4793 Gregor.
3689 4716 3930 4790 regest„

1351 4835 1455 4897 lib.
1487 4834 1566 4914 X,
1591 4843 1656 4895 n⁰
1690 4842 1799 4895 107
1815 4852 1834 4907 ;
1866 4833 1997 4894 coll.
2029 4847 2168 4894 cum
2193 4831 2418 4894 collect.
2454 4830 2704 4910 Laporte
2729 4829 2811 4891 du
2838 4827 3010 4889 Thess
3032 4828 3097 4889 in
3124 4825 3283 4889 Bibl.
3309 4827 3519 4904 imper.
3548 4821 3767 4895 Paris.)
