4842 5802
904 3095 1102 3142 augusto.

1222 629 1340 688 754
1713 580 1720 589 ι
2217 625 2642 686 FRlDERlCl
2693 624 3040 684 SECUNDI
3668 628 3830 706 [Anu.
3870 631 4038 692 1235.

1223 761 1420 834 nobis
1444 769 1521 831 ut
1561 761 1780 854 ipsam
1820 759 2261 831 Clementiam
2297 759 2568 830 liberari
2605 769 2672 828 et
2707 767 3003 829 castrum
3044 757 3270 851 ipsum
3300 780 3460 830 cum
3487 760 3810 831 omnibus
3845 763 4045 835 bonis

1225 885 1298 955 in
1334 883 1562 955 dotem
1595 882 1725 953 sibi
1753 883 2093 954 concessis
2113 882 2177 952 ei
2203 881 2467 952 restitui
2498 878 3024 951 demandamus.
3053 878 3164 951 Ad
3187 881 3387 970 cujus
3412 882 3510 953 rei
3542 883 3937 954 memoriam
3978 894 4045 954 et

1227 1007 1437 1079 robur
1458 1005 1527 1075 in
1560 1014 1910 1099 posterum
1948 1004 2357 1093 valiturum,
2410 1023 2693 1097 presens
2741 1002 3069 1096 scriptum
3104 1001 3253 1075 fieri
3281 1013 3350 1076 et
3384 1004 3613 1097 sigillo
3645 1015 3875 1080 nostro
3904 1007 4044 1097 jus·

1225 1132 1439 1202 simus
1474 1128 1813 1219 insigniri.

1324 1255 1557 1324 Testes
1579 1251 1789 1343 hujus
1821 1250 1921 1322 rei
1956 1260 2116 1320 sunt
2149 1277 2169 1320 ε
2200 1248 2680 1340 Maguntinus‚
2723 1246 3178 1336 Coloniensis,
3219 1249 3659 1321 Treverensis
3692 1260 3763 1323 et
3796 1252 4041 1323 Bisun·

1229 1375 1414 1445 tinus
1452 1372 1984 1466 archiepiscopi,
2044 1370 2676 1464 Papimbergensis,
2726 1369 3270 1462 Ratisponensis,
3310 1371 3736 1462 Basiliensis,
3783 1373 4045 1447 lldese-

1233 1497 1521 1583 mensis,
1581 1494 1982 1568 Leodiensis
2015 1505 2085 1566 et
2115 1493 2622 1566 Cameracensis
2663 1492 3005 1588 episcopi,
3055 1494 3260 1566 frater
3306 1495 3390 1566 H.
3445 1495 3768 1588 magister
3796 1495 4046 1568 domus

1233 1618 1588 1712 hospitalis
1617 1620 1865 1688 Sancte
1895 1616 2103 1688 Marie
2130 1615 2701 1687 'theotonicorum
2727 1613 2799 1685 in
2843 1616 3256 1707 Jerusalem,
3296 1615 3450 1688 dux
3478 1616 3829 1708 Bawarie,
3894 1616 4043 1690 dux

1232 1742 1636 1829 Brabantie,
1679 1741 1829 1812 dux
1863 1739 2239 1828 Carinthie,
2277 1748 2345 1810 et
2369 1739 2486 1810 alii
2525 1739 2991 1831 quamplures.

1333 1865 1503 1937 Acta
1529 1873 1692 1936 sunt
1721 1865 1847 1936 hec
1874 1884 2056 1934 anno
2087 1862 2435 1934 dominice
2480 1861 2965 1932 incarnationis
2999 1861 3089 1931 M.
3120 1859 3244 1932 CC.
3294 1861 3583 1948 XXXV,
3640 1883 3873 1935 mense
3906 1884 4047 1934 au·-

1232 1997 1465 2078 gusto‚
1511 1987 1888 2059 indictione
1919 1987 2102 2075 Vlll,
2146 1987 2527 2079 imperante
2557 1984 2837 2057 domino
2871 1993 3106 2055 nostro
3134 1982 3479 2057 Friderico
3513 1985 3637 2056 Dei
3678 1987 3893 2078 gratia
3938 1986 4049 2056 in-

1235 2112 1612 2184 victissimo
1644 2111 2105 2183 Romanorum
2159 2111 2571 2203 imperatore
2615 2127 2887 2201 semper
2922 2115 3263 2200 augusto,
3304 2109 3676 2182 Jerusalem
3710 2116 3779 2181 et
3817 2108 4048 2180 Sicilie

1236 2257 1423 2326 rege,
1449 2256 1632 2307 anno
1659 2235 1922 2328 imperii
1953 2235 2102 2325 ejus
2123 2234 2273 2322 XV,
2301 2231 2500 2326 regni
2518 2231 2892 2304 Ierusalem
2914 2230 3006 2320 X,
3035 2231 3238 2320 regni
3262 2251 3431 2304 vero
3458 2230 3686 2304 Sicilie
3707 2233 4041 2322 XXXVII,

1239 2360 1546 2432 feliciter.
1589 2355 1836 2428 Amen.

1333 2484 1580 2554 Datum
1610 2480 1990 2572 Maguntie,
2026 2500 2233 2570 anno,
2270 2500 2505 2551 mense
2531 2487 2599 2550 et
2627 2478 3007 2552 indictione
3039 2479 3462 2575 prescriptis.

1665 2770 2358 2780 ...m—.-..„.-⁴—.-....--...---.-.-...
3400 2769 3503 2776 -.-..-
3574 2768 3619 2777 .—

1347 3013 1770 3095 Fridericus
1790 3075 1814 3120 ,
1855 3015 2371 3096 Romanorum
2408 3013 2848 3120 imperator,
2895 3012 3253 3096 Ottonem
3290 3012 3386 3093 de
3420 3011 3829 3120 Luneburg
3863 3039 4059 3097 con-

1243 3146 1747 3254 sanguineum
1786 3170 2014 3226 suum
2042 3205 2065 3249 ,
2120 3145 2253 3252 qui
2291 3144 2504 3226 flexis
2541 3167 2800 3225 coram
2846 3168 2926 3223 se
2973 3142 3296 3250 genibus
3332 3141 3476 3224 sibi
3513 3151 3850 3224 castrum
3885 3143 4054 3225 Lu—

1244 3271 1541 3381 neburg
1601 3297 1779 3353 cum
1853 3272 2018 3353 aliis
2080 3271 2345 3352 castris
2407 3272 2487 3351 in
2550 3270 3084 3378 proprietatem
3148 3268 3591 3377 resignavit,
3641 3269 4057 3379 principem

1243 3405 1536 3513 imperii
1607 3414 1856 3511 creat,
1898 3405 1995 3485 de
2064 3404 2361 3486 civitate
2430 3402 2872 3484 Brunswick
2940 3411 3017 3484 et
3082 3410 3332 3484 castro
3403 3401 3813 3511 Luneburg
3881 3429 4059 3485 cum

1245 3564 1510 3621 eorum
1548 3537 1960 3620 attinentiis
2012 3537 2375 3619 ducatum
2430 3536 2497 3617 ei
2552 3534 3016 3618 constituens
3032 3595 3056 3640 ,
3095 3559 3425 3642 eumque
3460 3534 3895 3617 solemniter
3926 3561 4059 3642 per

1247 3673 1521 3757 vexilla
1554 3672 1881 3755 investit.

1411 3874 1686 3955 (Edider.
1715 3873 2121 3944 Rumam,
2150 3867 2523 3930 Braumchw.
2552 3865 2825 3941 chronic„
2856 3883 2916 3942 p.
2952 3875 3178 3927 473.-
3203 3864 3511 3937 scmus,
3539 3862 4055 3940 Annal.Paderb.,

1491 3988 1538 4042 t.
1572 3983 1662 4053 11,
1693 3998 1754 4055 p.
1787 3989 1885 4040 25.
1912 4011 1996 4023 —
2020 3979 2405 4053 Mmomns,
2435 3975 2735 4052 scriptor„
2765 3978 2814 4033 t.
2845 3973 2969 4044 111,
3011 3988 3071 4047 p.
3107 3981 3247 4031 206.
3287 4002 3366 4017 —
3402 3972 3806 4045 Hsunssne,
3837 3971 4056 4032 Hister.

1497 4082 1842 4156 Ganderslz„
1869 4101 1933 4160 p.
1970 4092 2082 4143 373
2110 4087 2170 4142 et
2201 4090 2374 4143 1352.
2414 4111 2493 4125 —
2520 4078 2767 4150 Scmm),
2795 4075 3026 4157 origin.
3067 4074 3280 4150 Guelfi,
3311 4081 3360 4136 t.
3390 4076 3498 4149 IV,
3535 4093 3597 4152 p.
3636 4085 3737 4155 49,
3766 4093 3902 4137 cum
3927 4075 4063 4137 fac-

1499 4192 1688 4253 simile
1730 4197 1791 4251 et
1834 4191 2008 4268 sigilli
2056 4188 2271 4265 effigie.
2304 4218 2382 4232 —
2409 4188 2639 4262 Psntz,
2670 4183 2931 4245 Menum.
2980 4182 3173 4245 Germ.
3201 4183 3449 4259 Biston,
3476 4189 3526 4242 t.
3554 4183 3664 4262 IV,
3707 4200 3772 4259 p.
3819 4191 3960 4260 318,
3987 4198 4061 4243 ex

1497 4296 1862 4376 autographo
1914 4295 2302 4354 nitidissimae
2353 4294 2671 4368 scripturae
2684 4333 2704 4369 ,
2749 4294 2924 4367 cujus
2978 4289 3139 4351 bulla
3194 4305 3374 4349 aurea
3426 4291 3492 4349 in
3542 4288 3812 4348 incendio
3864 4288 4064 4365 palatii

1501 4405 1946 4467 Brunsvicensis
1969 4417 2128 4462 anno
2162 4408 2309 4460 1830
2339 4396 2559 4476 periit.)

1363 4589 1439 4657 ln
1486 4580 1765 4654 nomine
1810 4584 2044 4649 sancte
2096 4582 2164 4643 et
2201 4569 2561 4652 individue
2603 4567 2973 4640 Trinitatis.
3001 4564 3385 4638 Fridericus
3404 4565 3785 4653 secundus,
3826 4561 4067 4634 divina

1267 4712 1544 4783 favente
1573 4699 1929 4775 clementia
1958 4699 2418 4770 Romanorum
2451 4693 2817 4787 imperator
2856 4710 3125 4785 semper
3158 4699 3523 4782 augustus,
3577 4684 3954 4758 Ierusalem
4000 4692 4069 4755 et
