<?xml version="1.0" encoding="UTF-8"?>
<!DOCTYPE html PUBLIC "-//W3C//DTD XHTML 1.0 Transitional//EN"
    "http://www.w3.org/TR/xhtml1/DTD/xhtml1-transitional.dtd">
<html xmlns="http://www.w3.org/1999/xhtml" xml:lang="en" lang="en">
 <head>
  <title>
</title>
<meta http-equiv="Content-Type" content="text/html;charset=utf-8" />
  <meta name='ocr-system' content='tesseract 3.04.00' />
  <meta name='ocr-capabilities' content='ocr_page ocr_carea ocr_par ocr_line ocrx_word'/>
</head>
<body>
  <div class='ocr_page' id='page_1' title='image "./historiadiploma01degoog_0256.png"; bbox 0 0 4842 5802; ppageno 0'>
   <div class='ocr_carea' id='block_1_1' title="bbox 1162 644 3981 727">
    <p class='ocr_par' dir='ltr' id='par_1_1' title="bbox 1162 644 3981 727">
     <span class='ocr_line' id='line_1_1' title="bbox 1162 644 3981 727; baseline 0.006 -30"><span class='ocrx_word' id='word_1_1' title='bbox 1162 649 1282 710; x_wconf 70' lang='lat'>&#39;1⁴0</span> <span class='ocrx_word' id='word_1_2' title='bbox 2165 644 2592 705; x_wconf 71' lang='lat' dir='ltr'>ramulum</span> <span class='ocrx_word' id='word_1_3' title='bbox 2642 646 2981 707; x_wconf 67' lang='lat' dir='ltr'>summm</span> <span class='ocrx_word' id='word_1_4' title='bbox 3613 650 3771 727; x_wconf 69' lang='lat' dir='ltr'>[Ama.</span> <span class='ocrx_word' id='word_1_5' title='bbox 3812 651 3981 713; x_wconf 74' lang='lat'><strong>1235.</strong></span> 
     </span>
    </p>
   </div>
   <div class='ocr_carea' id='block_1_2' title="bbox 2610 942 3559 954">
    <p class='ocr_par' dir='ltr' id='par_1_2' title="bbox 2610 942 3559 954">
     <span class='ocr_line' id='line_1_2' title="bbox 2610 942 3559 954; baseline 0.004 -4"><span class='ocrx_word' id='word_1_6' title='bbox 2610 943 2653 949; x_wconf 80' lang='lat'>——</span> <span class='ocrx_word' id='word_1_7' title='bbox 2669 942 3267 951; x_wconf 61' lang='lat' dir='ltr'><strong>n&gt;ffl——--—-—..--.—..--.</strong></span> <span class='ocrx_word' id='word_1_8' title='bbox 3290 946 3307 951; x_wconf 84' lang='lat'>-</span> <span class='ocrx_word' id='word_1_9' title='bbox 3326 945 3365 951; x_wconf 54' lang='grc' dir='ltr'>,ᾳ</span> <span class='ocrx_word' id='word_1_10' title='bbox 3382 945 3411 953; x_wconf 60' lang='lat'>,-</span> <span class='ocrx_word' id='word_1_11' title='bbox 3428 947 3447 953; x_wconf 78' lang='lat'>-</span> <span class='ocrx_word' id='word_1_12' title='bbox 3472 946 3559 954; x_wconf 60' lang='lat'>’&#39;-</span> 
     </span>
    </p>
   </div>
   <div class='ocr_carea' id='block_1_3' title="bbox 795 1212 3985 1586">
    <p class='ocr_par' dir='ltr' id='par_1_3' title="bbox 795 1212 3985 1586">
     <span class='ocr_line' id='line_1_3' title="bbox 812 1212 3985 1364; baseline 0.004 -72"><span class='ocrx_word' id='word_1_13' title='bbox 812 1249 866 1293; x_wconf 82' lang='grc' dir='ltr'><em>ι</em></span> <span class='ocrx_word' id='word_1_14' title='bbox 873 1251 1072 1347; x_wconf 46' lang='lat' dir='ltr'>:nm</span> <span class='ocrx_word' id='word_1_15' title='bbox 1275 1213 1332 1295; x_wconf 90' lang='lat' dir='ltr'><strong>F</strong></span> <span class='ocrx_word' id='word_1_16' title='bbox 1335 1213 1700 1295; x_wconf 86' lang='lat' dir='ltr'>ndencus</span> <span class='ocrx_word' id='word_1_17' title='bbox 1718 1275 1740 1317; x_wconf 88' lang='lat'>,</span> <span class='ocrx_word' id='word_1_18' title='bbox 1795 1212 2316 1294; x_wconf 89' lang='lat' dir='ltr'>Romanorum</span> <span class='ocrx_word' id='word_1_19' title='bbox 2370 1212 2810 1321; x_wconf 91' lang='lat' dir='ltr'>imperator,</span> <span class='ocrx_word' id='word_1_20' title='bbox 2879 1214 3491 1298; x_wconf 87' lang='lat' dir='ltr'>constitutionem</span> <span class='ocrx_word' id='word_1_21' title='bbox 3556 1220 3985 1364; x_wconf 83' lang='lat' dir='ltr'>generalem</span> 
     </span>
     <span class='ocr_line' id='line_1_4' title="bbox 795 1305 3984 1494; baseline 0.002 -68"><span class='ocrx_word' id='word_1_22' title='bbox 795 1305 1080 1410; x_wconf 74' lang='lat'>¹¹⁸⁸=¹¹²⁸¹···</span> <span class='ocrx_word' id='word_1_23' title='bbox 1170 1345 1608 1494; x_wconf 81' lang='lat' dir='ltr'>promulgat</span> <span class='ocrx_word' id='word_1_24' title='bbox 1653 1344 1798 1427; x_wconf 92' lang='lat' dir='ltr'>sub</span> <span class='ocrx_word' id='word_1_25' title='bbox 1834 1344 2270 1453; x_wconf 88' lang='lat' dir='ltr'>quindecim</span> <span class='ocrx_word' id='word_1_26' title='bbox 2308 1344 2658 1452; x_wconf 92' lang='lat' dir='ltr'>capitulis</span> <span class='ocrx_word' id='word_1_27' title='bbox 2711 1344 3193 1454; x_wconf 76' lang='lat' dir='ltr'>distinctam,</span> <span class='ocrx_word' id='word_1_28' title='bbox 3234 1349 3334 1429; x_wconf 93' lang='lat' dir='ltr'>ad</span> <span class='ocrx_word' id='word_1_29' title='bbox 3373 1358 3656 1431; x_wconf 90' lang='lat' dir='ltr'>statum</span> <span class='ocrx_word' id='word_1_30' title='bbox 3691 1351 3984 1459; x_wconf 90' lang='lat' dir='ltr'>imperii</span> 
     </span>
     <span class='ocr_line' id='line_1_5' title="bbox 1171 1476 3596 1586; baseline 0.002 -27"><span class='ocrx_word' id='word_1_31' title='bbox 1171 1480 1249 1560; x_wconf 93' lang='lat' dir='ltr'>in</span> <span class='ocrx_word' id='word_1_32' title='bbox 1286 1477 1766 1561; x_wconf 85' lang='lat' dir='ltr'>observantia</span> <span class='ocrx_word' id='word_1_33' title='bbox 1802 1476 2009 1585; x_wconf 83' lang='lat' dir='ltr'>pacis</span> <span class='ocrx_word' id='word_1_34' title='bbox 2044 1487 2119 1559; x_wconf 92' lang='lat' dir='ltr'>et</span> <span class='ocrx_word' id='word_1_35' title='bbox 2153 1477 2592 1579; x_wconf 85' lang='lat' dir='ltr'>executione</span> <span class='ocrx_word' id='word_1_36' title='bbox 2622 1476 2961 1586; x_wconf 90' lang='lat' dir='ltr'>justitiae</span> <span class='ocrx_word' id='word_1_37' title='bbox 2995 1478 3596 1564; x_wconf 88' lang='lat' dir='ltr'>reformandum.</span> 
     </span>
    </p>
   </div>
   <div class='ocr_carea' id='block_1_4' title="bbox 1336 1677 3983 2183">
    <p class='ocr_par' dir='ltr' id='par_1_4' title="bbox 1336 1677 3983 2183">
     <span class='ocr_line' id='line_1_6' title="bbox 1336 1677 3983 1759; baseline 0.003 -22"><span class='ocrx_word' id='word_1_38' title='bbox 1336 1678 1524 1756; x_wconf 85' lang='lat' dir='ltr'>(Edit.</span> <span class='ocrx_word' id='word_1_39' title='bbox 1555 1695 1651 1754; x_wconf 83' lang='lat' dir='ltr'>ap.</span> <span class='ocrx_word' id='word_1_40' title='bbox 1683 1677 1957 1753; x_wconf 66' lang='lat' dir='ltr'>Senum,</span> <span class='ocrx_word' id='word_1_41' title='bbox 1987 1679 2258 1758; x_wconf 73' lang='lat' dir='ltr'>Beitraqe</span> <span class='ocrx_word' id='word_1_42' title='bbox 2282 1695 2394 1738; x_wconf 79' lang='lat' dir='ltr'>zur</span> <span class='ocrx_word' id='word_1_43' title='bbox 2427 1680 2697 1739; x_wconf 78' lang='lat' dir='ltr'>Mainzer</span> <span class='ocrx_word' id='word_1_44' title='bbox 2727 1679 2958 1759; x_wconf 61' lang='lat' dir='ltr'>Gadi„</span> <span class='ocrx_word' id='word_1_45' title='bbox 2989 1687 3035 1742; x_wconf 91' lang='lat' dir='ltr'>t.</span> <span class='ocrx_word' id='word_1_46' title='bbox 3066 1682 3129 1757; x_wconf 87' lang='lat'>1,</span> <span class='ocrx_word' id='word_1_47' title='bbox 3167 1700 3229 1758; x_wconf 84' lang='lat' dir='ltr'>p.</span> <span class='ocrx_word' id='word_1_48' title='bbox 3263 1692 3396 1744; x_wconf 77' lang='lat'>354.</span> <span class='ocrx_word' id='word_1_49' title='bbox 3422 1685 3726 1745; x_wconf 76' lang='lat' dir='ltr'>—fflim</span> <span class='ocrx_word' id='word_1_50' title='bbox 3746 1728 3763 1758; x_wconf 88' lang='lat'>,</span> <span class='ocrx_word' id='word_1_51' title='bbox 3810 1686 3983 1747; x_wconf 75' lang='lat' dir='ltr'>Zeit-</span> 
     </span>
     <span class='ocr_line' id='line_1_7' title="bbox 1410 1780 3978 1863; baseline 0.003 -21"><span class='ocrx_word' id='word_1_52' title='bbox 1410 1780 1615 1862; x_wconf 70' lang='lat' dir='ltr'>sclmst</span> <span class='ocrx_word' id='word_1_53' title='bbox 1635 1826 1651 1856; x_wconf 96' lang='lat'><strong>‚</strong></span> <span class='ocrx_word' id='word_1_54' title='bbox 1680 1790 1721 1842; x_wconf 86' lang='lat' dir='ltr'>t.</span> <span class='ocrx_word' id='word_1_55' title='bbox 1759 1784 1849 1855; x_wconf 91' lang='grc' dir='ltr'>Π,</span> <span class='ocrx_word' id='word_1_56' title='bbox 1879 1800 1941 1858; x_wconf 84' lang='lat' dir='ltr'>p.</span> <span class='ocrx_word' id='word_1_57' title='bbox 1977 1792 2112 1853; x_wconf 84' lang='lat'>190,</span> <span class='ocrx_word' id='word_1_58' title='bbox 2143 1800 2279 1843; x_wconf 87' lang='lat' dir='ltr'>cum</span> <span class='ocrx_word' id='word_1_59' title='bbox 2311 1784 2799 1845; x_wconf 78' lang='lat' dir='ltr'>variantibus.—</span> <span class='ocrx_word' id='word_1_60' title='bbox 2824 1786 3094 1863; x_wconf 67' lang='lat' dir='ltr'>Danu,</span> <span class='ocrx_word' id='word_1_61' title='bbox 3121 1785 3590 1862; x_wconf 74' lang='lat' dir='ltr'>Nebenstunden,</span> <span class='ocrx_word' id='word_1_62' title='bbox 3622 1806 3764 1850; x_wconf 88' lang='lat' dir='ltr'>ann.</span> <span class='ocrx_word' id='word_1_63' title='bbox 3804 1799 3978 1862; x_wconf 81' lang='lat'>1768,</span> 
     </span>
     <span class='ocr_line' id='line_1_8' title="bbox 1406 1888 3975 1972; baseline 0.002 -21"><span class='ocrx_word' id='word_1_64' title='bbox 1406 1908 1470 1967; x_wconf 84' lang='lat' dir='ltr'>p.</span> <span class='ocrx_word' id='word_1_65' title='bbox 1502 1900 1728 1951; x_wconf 77' lang='grc'><strong>433.-</strong></span> <span class='ocrx_word' id='word_1_66' title='bbox 1754 1890 1972 1962; x_wconf 67' lang='lat' dir='ltr'>Pam-z,</span> <span class='ocrx_word' id='word_1_67' title='bbox 2003 1890 2258 1948; x_wconf 69' lang='lat' dir='ltr'>Monam.</span> <span class='ocrx_word' id='word_1_68' title='bbox 2294 1888 2492 1948; x_wconf 82' lang='lat' dir='ltr'>Germ.</span> <span class='ocrx_word' id='word_1_69' title='bbox 2532 1891 2782 1963; x_wconf 65' lang='lat' dir='ltr'>Hister„</span> <span class='ocrx_word' id='word_1_70' title='bbox 2812 1898 2860 1951; x_wconf 91' lang='lat' dir='ltr'>t.</span> <span class='ocrx_word' id='word_1_71' title='bbox 2894 1892 3000 1965; x_wconf 86' lang='lat' dir='ltr'>lv,</span> <span class='ocrx_word' id='word_1_72' title='bbox 3028 1911 3089 1969; x_wconf 83' lang='lat' dir='ltr'>p.</span> <span class='ocrx_word' id='word_1_73' title='bbox 3123 1902 3271 1966; x_wconf 78' lang='lat'>3133</span> <span class='ocrx_word' id='word_1_74' title='bbox 3305 1895 3440 1955; x_wconf 86' lang='lat' dir='ltr'>coll.</span> <span class='ocrx_word' id='word_1_75' title='bbox 3471 1896 3602 1955; x_wconf 87' lang='lat' dir='ltr'>cod.</span> <span class='ocrx_word' id='word_1_76' title='bbox 3634 1895 3776 1954; x_wconf 84' lang='lat' dir='ltr'><strong>bibl.</strong></span> <span class='ocrx_word' id='word_1_77' title='bbox 3807 1896 3975 1972; x_wconf 83' lang='lat' dir='ltr'><strong>publ.</strong></span> 
     </span>
     <span class='ocr_line' id='line_1_9' title="bbox 1406 1994 3976 2073; baseline 0.001 -15"><span class='ocrx_word' id='word_1_78' title='bbox 1406 1997 1933 2069; x_wconf 80' lang='lat' dir='ltr'>Franeofurtanae,</span> <span class='ocrx_word' id='word_1_79' title='bbox 1975 1997 2116 2055; x_wconf 88' lang='lat' dir='ltr'>olim</span> <span class='ocrx_word' id='word_1_80' title='bbox 2163 1994 2226 2057; x_wconf 90' lang='lat' dir='ltr'>S.</span> <span class='ocrx_word' id='word_1_81' title='bbox 2259 1997 2652 2070; x_wconf 70' lang='lat' dir='ltr'>Bartholom„</span> <span class='ocrx_word' id='word_1_82' title='bbox 2695 2014 2812 2058; x_wconf 87' lang='lat' dir='ltr'>sec.</span> <span class='ocrx_word' id='word_1_83' title='bbox 2860 1999 3035 2073; x_wconf 83' lang='lat' dir='ltr'><strong>XIII,</strong></span> <span class='ocrx_word' id='word_1_84' title='bbox 3064 2006 3123 2059; x_wconf 87' lang='lat' dir='ltr'>et</span> <span class='ocrx_word' id='word_1_85' title='bbox 3157 2000 3363 2060; x_wconf 86' lang='lat' dir='ltr'>charta</span> <span class='ocrx_word' id='word_1_86' title='bbox 3398 2002 3563 2060; x_wconf 85' lang='lat' dir='ltr'>civit.</span> <span class='ocrx_word' id='word_1_87' title='bbox 3601 2000 3976 2073; x_wconf 85' lang='lat' dir='ltr'>Tremoniae‚</span> 
     </span>
     <span class='ocr_line' id='line_1_10' title="bbox 1405 2103 3351 2183; baseline 0.001 -19"><span class='ocrx_word' id='word_1_88' title='bbox 1405 2104 1586 2164; x_wconf 85' lang='lat' dir='ltr'>seculi</span> <span class='ocrx_word' id='word_1_89' title='bbox 1615 2104 1910 2180; x_wconf 86' lang='lat' dir='ltr'>ejusdem,</span> <span class='ocrx_word' id='word_1_90' title='bbox 1938 2118 2098 2162; x_wconf 89' lang='lat' dir='ltr'>nunc</span> <span class='ocrx_word' id='word_1_91' title='bbox 2124 2104 2189 2161; x_wconf 90' lang='lat' dir='ltr'>in</span> <span class='ocrx_word' id='word_1_92' title='bbox 2215 2103 2457 2163; x_wconf 86' lang='lat' dir='ltr'>archivo</span> <span class='ocrx_word' id='word_1_93' title='bbox 2484 2103 2830 2179; x_wconf 83' lang='lat' dir='ltr'>provinciali</span> <span class='ocrx_word' id='word_1_94' title='bbox 2854 2104 3351 2183; x_wconf 66' lang='lat' dir='ltr'>monasteriensi.)</span> 
     </span>
    </p>
   </div>
   <div class='ocr_carea' id='block_1_5' title="bbox 1149 2280 3980 4840">
    <p class='ocr_par' dir='ltr' id='par_1_5' title="bbox 1149 2280 3980 4840">
     <span class='ocr_line' id='line_1_11' title="bbox 1259 2280 3980 2379; baseline 0.001 -24"><span class='ocrx_word' id='word_1_95' title='bbox 1259 2281 1644 2355; x_wconf 90' lang='lat' dir='ltr'>Fridericus</span> <span class='ocrx_word' id='word_1_96' title='bbox 1690 2282 2075 2372; x_wconf 91' lang='lat' dir='ltr'>secundus,</span> <span class='ocrx_word' id='word_1_97' title='bbox 2119 2280 2358 2353; x_wconf 86' lang='lat' dir='ltr'>divina</span> <span class='ocrx_word' id='word_1_98' title='bbox 2414 2283 2688 2354; x_wconf 82' lang='lat' dir='ltr'>favente</span> <span class='ocrx_word' id='word_1_99' title='bbox 2731 2284 3091 2355; x_wconf 91' lang='lat' dir='ltr'>clementia</span> <span class='ocrx_word' id='word_1_100' title='bbox 3124 2283 3583 2355; x_wconf 87' lang='lat' dir='ltr'>Romanorum</span> <span class='ocrx_word' id='word_1_101' title='bbox 3613 2283 3980 2379; x_wconf 87' lang='lat' dir='ltr'>imperator</span> 
     </span>
     <span class='ocr_line' id='line_1_12' title="bbox 1160 2405 3976 2501; baseline 0 -22"><span class='ocrx_word' id='word_1_102' title='bbox 1160 2428 1431 2501; x_wconf 81' lang='lat' dir='ltr'>semper</span> <span class='ocrx_word' id='word_1_103' title='bbox 1480 2415 1856 2495; x_wconf 79' lang='lat' dir='ltr'>augustuS,</span> <span class='ocrx_word' id='word_1_104' title='bbox 1900 2405 2270 2476; x_wconf 82' lang='lat' dir='ltr'>Jerusalem</span> <span class='ocrx_word' id='word_1_105' title='bbox 2308 2414 2376 2476; x_wconf 92' lang='lat' dir='ltr'>et</span> <span class='ocrx_word' id='word_1_106' title='bbox 2411 2405 2643 2476; x_wconf 87' lang='lat' dir='ltr'>Sicilie</span> <span class='ocrx_word' id='word_1_107' title='bbox 2697 2426 2846 2477; x_wconf 85' lang='lat' dir='ltr'>rex.</span> <span class='ocrx_word' id='word_1_108' title='bbox 2895 2406 3272 2499; x_wconf 89' lang='lat' dir='ltr'>Imperialis</span> <span class='ocrx_word' id='word_1_109' title='bbox 3317 2405 3683 2478; x_wconf 85' lang='lat' dir='ltr'>eminentie</span> <span class='ocrx_word' id='word_1_110' title='bbox 3727 2407 3976 2480; x_wconf 89' lang='lat' dir='ltr'>solium</span> 
     </span>
     <span class='ocr_line' id='line_1_13' title="bbox 1159 2526 3977 2623; baseline 0 -22"><span class='ocrx_word' id='word_1_111' title='bbox 1159 2539 1335 2601; x_wconf 91' lang='lat' dir='ltr'>nutu</span> <span class='ocrx_word' id='word_1_112' title='bbox 1373 2529 1610 2601; x_wconf 88' lang='lat' dir='ltr'>divine</span> <span class='ocrx_word' id='word_1_113' title='bbox 1645 2527 2057 2623; x_wconf 86' lang='lat' dir='ltr'>provisionis</span> <span class='ocrx_word' id='word_1_114' title='bbox 2088 2526 2347 2621; x_wconf 84' lang='lat' dir='ltr'>adepti,</span> <span class='ocrx_word' id='word_1_115' title='bbox 2376 2528 2559 2599; x_wconf 87' lang='lat' dir='ltr'>circa</span> <span class='ocrx_word' id='word_1_116' title='bbox 2587 2528 2892 2621; x_wconf 87' lang='lat' dir='ltr'>regimen</span> <span class='ocrx_word' id='word_1_117' title='bbox 2931 2528 3394 2619; x_wconf 89' lang='lat' dir='ltr'>subjectorum</span> <span class='ocrx_word' id='word_1_118' title='bbox 3433 2530 3715 2601; x_wconf 90' lang='lat' dir='ltr'>consilia</span> <span class='ocrx_word' id='word_1_119' title='bbox 3751 2539 3977 2602; x_wconf 88' lang='lat' dir='ltr'>nostra</span> 
     </span>
     <span class='ocr_line' id='line_1_14' title="bbox 1162 2648 3976 2747; baseline 0.001 -24"><span class='ocrx_word' id='word_1_120' title='bbox 1162 2650 1422 2747; x_wconf 89' lang='lat' dir='ltr'>duplici</span> <span class='ocrx_word' id='word_1_121' title='bbox 1461 2652 1744 2723; x_wconf 86' lang='lat' dir='ltr'>vinculo</span> <span class='ocrx_word' id='word_1_122' title='bbox 1781 2651 1970 2745; x_wconf 84' lang='lat' dir='ltr'>pacis</span> <span class='ocrx_word' id='word_1_123' title='bbox 1992 2660 2063 2722; x_wconf 87' lang='lat' dir='ltr'>et</span> <span class='ocrx_word' id='word_1_124' title='bbox 2085 2651 2351 2741; x_wconf 91' lang='lat' dir='ltr'>justitie</span> <span class='ocrx_word' id='word_1_125' title='bbox 2387 2650 2777 2723; x_wconf 86' lang='lat' dir='ltr'>roboranda</span> <span class='ocrx_word' id='word_1_126' title='bbox 2817 2648 3244 2743; x_wconf 85' lang='lat' dir='ltr'>providimus</span> <span class='ocrx_word' id='word_1_127' title='bbox 3270 2661 3349 2720; x_wconf 89' lang='lat' dir='ltr'>ut</span> <span class='ocrx_word' id='word_1_128' title='bbox 3377 2673 3499 2745; x_wconf 87' lang='lat' dir='ltr'>per</span> <span class='ocrx_word' id='word_1_129' title='bbox 3524 2652 3653 2724; x_wconf 90' lang='lat' dir='ltr'>bec</span> <span class='ocrx_word' id='word_1_130' title='bbox 3682 2654 3976 2725; x_wconf 90' lang='lat' dir='ltr'>nominis</span> 
     </span>
     <span class='ocr_line' id='line_1_15' title="bbox 1160 2773 3967 2867; baseline 0.001 -22"><span class='ocrx_word' id='word_1_131' title='bbox 1160 2775 1370 2846; x_wconf 88' lang='lat' dir='ltr'>nostri</span> <span class='ocrx_word' id='word_1_132' title='bbox 1409 2774 1774 2846; x_wconf 84' lang='lat' dir='ltr'>celebritas</span> <span class='ocrx_word' id='word_1_133' title='bbox 1810 2774 2063 2845; x_wconf 88' lang='lat' dir='ltr'>babeat</span> <span class='ocrx_word' id='word_1_134' title='bbox 2095 2773 2286 2867; x_wconf 91' lang='lat' dir='ltr'>quod</span> <span class='ocrx_word' id='word_1_135' title='bbox 2314 2774 2447 2844; x_wconf 91' lang='lat' dir='ltr'>sibi</span> <span class='ocrx_word' id='word_1_136' title='bbox 2471 2782 2699 2845; x_wconf 90' lang='lat' dir='ltr'>servet</span> <span class='ocrx_word' id='word_1_137' title='bbox 2728 2773 2820 2845; x_wconf 88' lang='lat' dir='ltr'>ad</span> <span class='ocrx_word' id='word_1_138' title='bbox 2856 2774 3170 2866; x_wconf 81' lang='lat' dir='ltr'>gloriam,</span> <span class='ocrx_word' id='word_1_139' title='bbox 3205 2774 3504 2846; x_wconf 89' lang='lat' dir='ltr'>subditis</span> <span class='ocrx_word' id='word_1_140' title='bbox 3525 2773 3618 2847; x_wconf 91' lang='lat' dir='ltr'>ad</span> <span class='ocrx_word' id='word_1_141' title='bbox 3654 2778 3967 2848; x_wconf 88' lang='lat' dir='ltr'>salutem.</span> 
     </span>
     <span class='ocr_line' id='line_1_16' title="bbox 1156 2896 3976 2992; baseline 0.001 -22"><span class='ocrx_word' id='word_1_142' title='bbox 1156 2899 1264 2970; x_wconf 83' lang='lat' dir='ltr'>Ex</span> <span class='ocrx_word' id='word_1_143' title='bbox 1301 2898 1410 2969; x_wconf 90' lang='lat' dir='ltr'>his</span> <span class='ocrx_word' id='word_1_144' title='bbox 1443 2897 1626 2970; x_wconf 92' lang='lat' dir='ltr'>enim</span> <span class='ocrx_word' id='word_1_145' title='bbox 1663 2898 1989 2992; x_wconf 89' lang='lat' dir='ltr'>precipue</span> <span class='ocrx_word' id='word_1_146' title='bbox 2021 2896 2327 2969; x_wconf 92' lang='lat' dir='ltr'>munitur</span> <span class='ocrx_word' id='word_1_147' title='bbox 2354 2897 2726 2969; x_wconf 89' lang='lat' dir='ltr'>auctoritas</span> <span class='ocrx_word' id='word_1_148' title='bbox 2755 2897 3185 2990; x_wconf 88' lang='lat' dir='ltr'>imperantis,</span> <span class='ocrx_word' id='word_1_149' title='bbox 3229 2919 3387 2968; x_wconf 85' lang='lat' dir='ltr'>cum</span> <span class='ocrx_word' id='word_1_150' title='bbox 3430 2897 3500 2968; x_wconf 90' lang='lat' dir='ltr'>in</span> <span class='ocrx_word' id='word_1_151' title='bbox 3538 2898 3976 2973; x_wconf 88' lang='lat' dir='ltr'>observantia</span> 
     </span>
     <span class='ocr_line' id='line_1_17' title="bbox 1156 3020 3973 3115; baseline 0 -22"><span class='ocrx_word' id='word_1_152' title='bbox 1156 3022 1348 3115; x_wconf 91' lang='lat' dir='ltr'>pacis</span> <span class='ocrx_word' id='word_1_153' title='bbox 1370 3029 1439 3091; x_wconf 88' lang='lat' dir='ltr'>et</span> <span class='ocrx_word' id='word_1_154' title='bbox 1468 3020 1875 3092; x_wconf 83' lang='lat' dir='ltr'>executione</span> <span class='ocrx_word' id='word_1_155' title='bbox 1900 3020 2164 3110; x_wconf 89' lang='lat' dir='ltr'>justitie</span> <span class='ocrx_word' id='word_1_156' title='bbox 2187 3031 2523 3114; x_wconf 89' lang='lat' dir='ltr'>quantum</span> <span class='ocrx_word' id='word_1_157' title='bbox 2552 3020 2870 3091; x_wconf 90' lang='lat' dir='ltr'>terribilis</span> <span class='ocrx_word' id='word_1_158' title='bbox 2902 3031 3004 3090; x_wconf 87' lang='lat' dir='ltr'>est</span> <span class='ocrx_word' id='word_1_159' title='bbox 3023 3021 3390 3113; x_wconf 78' lang='lat' dir='ltr'>perversiS,</span> <span class='ocrx_word' id='word_1_160' title='bbox 3411 3031 3673 3092; x_wconf 90' lang='lat' dir='ltr'>tantum</span> <span class='ocrx_word' id='word_1_161' title='bbox 3702 3031 3805 3092; x_wconf 90' lang='lat' dir='ltr'>est</span> <span class='ocrx_word' id='word_1_162' title='bbox 3835 3022 3973 3094; x_wconf 92' lang='lat' dir='ltr'>de-</span> 
     </span>
     <span class='ocr_line' id='line_1_18' title="bbox 1155 3142 3968 3236; baseline 0.001 -23"><span class='ocrx_word' id='word_1_163' title='bbox 1155 3142 1545 3214; x_wconf 92' lang='lat' dir='ltr'>siderabilis</span> <span class='ocrx_word' id='word_1_164' title='bbox 1597 3143 2000 3214; x_wconf 83' lang='lat' dir='ltr'>mansuetis.</span> <span class='ocrx_word' id='word_1_165' title='bbox 2050 3142 2341 3214; x_wconf 91' lang='lat' dir='ltr'>Proinde</span> <span class='ocrx_word' id='word_1_166' title='bbox 2395 3164 2556 3212; x_wconf 90' lang='lat' dir='ltr'>cum</span> <span class='ocrx_word' id='word_1_167' title='bbox 2612 3142 2705 3214; x_wconf 90' lang='lat' dir='ltr'>ad</span> <span class='ocrx_word' id='word_1_168' title='bbox 2748 3142 3180 3213; x_wconf 90' lang='lat' dir='ltr'>commissam</span> <span class='ocrx_word' id='word_1_169' title='bbox 3229 3143 3428 3214; x_wconf 91' lang='lat' dir='ltr'>nobis</span> <span class='ocrx_word' id='word_1_170' title='bbox 3477 3143 3968 3236; x_wconf 89' lang='lat' dir='ltr'>rempublicam</span> 
     </span>
     <span class='ocr_line' id='line_1_19' title="bbox 1155 3265 3967 3361; baseline 0.001 -25"><span class='ocrx_word' id='word_1_171' title='bbox 1155 3266 1676 3361; x_wconf 83' lang='lat' dir='ltr'>gubernandam</span> <span class='ocrx_word' id='word_1_172' title='bbox 1702 3289 1826 3339; x_wconf 93' lang='lat' dir='ltr'>nos</span> <span class='ocrx_word' id='word_1_173' title='bbox 1851 3288 2103 3360; x_wconf 91' lang='lat' dir='ltr'>urgens</span> <span class='ocrx_word' id='word_1_174' title='bbox 2139 3288 2304 3339; x_wconf 89' lang='lat' dir='ltr'>cura</span> <span class='ocrx_word' id='word_1_175' title='bbox 2331 3266 2649 3338; x_wconf 88' lang='lat' dir='ltr'>sollicitet</span> <span class='ocrx_word' id='word_1_176' title='bbox 2672 3274 2750 3337; x_wconf 89' lang='lat' dir='ltr'>ut</span> <span class='ocrx_word' id='word_1_177' title='bbox 2786 3267 2920 3338; x_wconf 88' lang='lat' dir='ltr'>sub</span> <span class='ocrx_word' id='word_1_178' title='bbox 2950 3265 3127 3338; x_wconf 86' lang='lat' dir='ltr'>felici</span> <span class='ocrx_word' id='word_1_179' title='bbox 3172 3275 3558 3337; x_wconf 90' lang='lat' dir='ltr'>nostrorum</span> <span class='ocrx_word' id='word_1_180' title='bbox 3586 3275 3967 3361; x_wconf 90' lang='lat' dir='ltr'>temporum</span> 
     </span>
     <span class='ocr_line' id='line_1_20' title="bbox 1153 3375 3971 3485; baseline -0 -21"><span class='ocrx_word' id='word_1_181' title='bbox 1153 3399 1331 3464; x_wconf 88' lang='lat' dir='ltr'>statu</span> <span class='ocrx_word' id='word_1_182' title='bbox 1358 3390 1537 3463; x_wconf 88' lang='lat' dir='ltr'>circa</span> <span class='ocrx_word' id='word_1_183' title='bbox 1567 3390 1911 3481; x_wconf 87' lang='lat' dir='ltr'>subjectos</span> <span class='ocrx_word' id='word_1_184' title='bbox 1948 3390 2162 3462; x_wconf 88' lang='lat' dir='ltr'>nostri</span> <span class='ocrx_word' id='word_1_185' title='bbox 2196 3389 2464 3483; x_wconf 91' lang='lat' dir='ltr'>imperii</span> <span class='ocrx_word' id='word_1_186' title='bbox 2505 3375 2795 3484; x_wconf 78' lang='lat' dir='ltr'>populos</span> <span class='ocrx_word' id='word_1_187' title='bbox 2839 3389 3070 3482; x_wconf 86' lang='lat' dir='ltr'>vigeat</span> <span class='ocrx_word' id='word_1_188' title='bbox 3106 3391 3297 3485; x_wconf 88' lang='lat' dir='ltr'>pacis</span> <span class='ocrx_word' id='word_1_189' title='bbox 3331 3398 3400 3461; x_wconf 93' lang='lat' dir='ltr'>et</span> <span class='ocrx_word' id='word_1_190' title='bbox 3423 3389 3685 3480; x_wconf 91' lang='lat' dir='ltr'>justitie</span> <span class='ocrx_word' id='word_1_191' title='bbox 3718 3389 3971 3463; x_wconf 89' lang='lat' dir='ltr'>mode-</span> 
     </span>
     <span class='ocr_line' id='line_1_21' title="bbox 1152 3512 3969 3608; baseline -0 -23"><span class='ocrx_word' id='word_1_192' title='bbox 1152 3537 1387 3588; x_wconf 90' lang='lat' dir='ltr'>ramen</span> <span class='ocrx_word' id='word_1_193' title='bbox 1409 3567 1429 3601; x_wconf 91' lang='lat'>,</span> <span class='ocrx_word' id='word_1_194' title='bbox 1471 3513 1629 3585; x_wconf 86' lang='lat' dir='ltr'>licet</span> <span class='ocrx_word' id='word_1_195' title='bbox 1657 3535 1779 3608; x_wconf 90' lang='lat' dir='ltr'>per</span> <span class='ocrx_word' id='word_1_196' title='bbox 1810 3523 2016 3586; x_wconf 87' lang='lat' dir='ltr'>totam</span> <span class='ocrx_word' id='word_1_197' title='bbox 2053 3512 2487 3586; x_wconf 88' lang='lat' dir='ltr'>Germaniam</span> <span class='ocrx_word' id='word_1_198' title='bbox 2524 3512 2870 3584; x_wconf 91' lang='lat' dir='ltr'>constituti</span> <span class='ocrx_word' id='word_1_199' title='bbox 2909 3513 3153 3585; x_wconf 85' lang='lat' dir='ltr'>vivant</span> <span class='ocrx_word' id='word_1_200' title='bbox 3188 3513 3260 3584; x_wconf 90' lang='lat' dir='ltr'>in</span> <span class='ocrx_word' id='word_1_201' title='bbox 3301 3513 3530 3585; x_wconf 89' lang='lat' dir='ltr'>causis</span> <span class='ocrx_word' id='word_1_202' title='bbox 3568 3522 3638 3584; x_wconf 87' lang='lat' dir='ltr'>et</span> <span class='ocrx_word' id='word_1_203' title='bbox 3676 3514 3969 3606; x_wconf 88' lang='lat' dir='ltr'>negotiis</span> 
     </span>
     <span class='ocr_line' id='line_1_22' title="bbox 1155 3634 3968 3734; baseline 0 -25"><span class='ocrx_word' id='word_1_204' title='bbox 1155 3640 1577 3734; x_wconf 86' lang='lat' dir='ltr'>privatorum</span> <span class='ocrx_word' id='word_1_205' title='bbox 1609 3635 2228 3710; x_wconf 88' lang='lat' dir='ltr'>consuetudinibus</span> <span class='ocrx_word' id='word_1_206' title='bbox 2264 3637 2648 3730; x_wconf 88' lang='lat' dir='ltr'>antiquitus</span> <span class='ocrx_word' id='word_1_207' title='bbox 2688 3634 2953 3708; x_wconf 89' lang='lat' dir='ltr'>traditis</span> <span class='ocrx_word' id='word_1_208' title='bbox 2988 3645 3057 3708; x_wconf 92' lang='lat' dir='ltr'>et</span> <span class='ocrx_word' id='word_1_209' title='bbox 3090 3638 3251 3728; x_wconf 91' lang='lat' dir='ltr'>jure</span> <span class='ocrx_word' id='word_1_210' title='bbox 3288 3659 3424 3709; x_wconf 93' lang='lat' dir='ltr'>non</span> <span class='ocrx_word' id='word_1_211' title='bbox 3463 3637 3753 3731; x_wconf 89' lang='lat' dir='ltr'>scripto,</span> <span class='ocrx_word' id='word_1_212' title='bbox 3802 3638 3968 3731; x_wconf 91' lang='lat' dir='ltr'>quia</span> 
     </span>
     <span class='ocr_line' id='line_1_23' title="bbox 1154 3758 3968 3856; baseline -0.001 -23"><span class='ocrx_word' id='word_1_213' title='bbox 1154 3771 1382 3833; x_wconf 90' lang='lat' dir='ltr'>tamen</span> <span class='ocrx_word' id='word_1_214' title='bbox 1434 3758 1654 3832; x_wconf 88' lang='lat' dir='ltr'>ardua</span> <span class='ocrx_word' id='word_1_215' title='bbox 1707 3759 2004 3854; x_wconf 88' lang='lat' dir='ltr'>quedam</span> <span class='ocrx_word' id='word_1_216' title='bbox 2058 3782 2197 3855; x_wconf 91' lang='lat' dir='ltr'>que</span> <span class='ocrx_word' id='word_1_217' title='bbox 2248 3762 2636 3854; x_wconf 83' lang='lat' dir='ltr'>generalem</span> <span class='ocrx_word' id='word_1_218' title='bbox 2670 3769 2920 3832; x_wconf 89' lang='lat' dir='ltr'>statum</span> <span class='ocrx_word' id='word_1_219' title='bbox 2973 3769 3043 3831; x_wconf 87' lang='lat' dir='ltr'>et</span> <span class='ocrx_word' id='word_1_220' title='bbox 3094 3761 3647 3853; x_wconf 88' lang='lat' dir='ltr'>tranquillitatem</span> <span class='ocrx_word' id='word_1_221' title='bbox 3702 3761 3968 3856; x_wconf 87' lang='lat' dir='ltr'>imperii</span> 
     </span>
     <span class='ocr_line' id='line_1_24' title="bbox 1157 3880 3970 3976; baseline -0.001 -20"><span class='ocrx_word' id='word_1_222' title='bbox 1157 3883 1617 3956; x_wconf 81' lang='lat' dir='ltr'>reformabant</span> <span class='ocrx_word' id='word_1_223' title='bbox 1649 3884 1961 3956; x_wconf 91' lang='lat' dir='ltr'>nondum</span> <span class='ocrx_word' id='word_1_224' title='bbox 2004 3885 2273 3954; x_wconf 84' lang='lat' dir='ltr'>fuerant</span> <span class='ocrx_word' id='word_1_225' title='bbox 2308 3884 2697 3976; x_wconf 86' lang='lat' dir='ltr'>specialiter</span> <span class='ocrx_word' id='word_1_226' title='bbox 2739 3880 3163 3973; x_wconf 86' lang='lat' dir='ltr'>introducta,</span> <span class='ocrx_word' id='word_1_227' title='bbox 3212 3902 3507 3975; x_wconf 92' lang='lat' dir='ltr'>quorum</span> <span class='ocrx_word' id='word_1_228' title='bbox 3542 3891 3796 3975; x_wconf 89' lang='lat' dir='ltr'>partem</span> <span class='ocrx_word' id='word_1_229' title='bbox 3826 3884 3970 3954; x_wconf 89' lang='lat' dir='ltr'>ali-</span> 
     </span>
     <span class='ocr_line' id='line_1_25' title="bbox 1155 4004 3965 4102; baseline -0.002 -22"><span class='ocrx_word' id='word_1_230' title='bbox 1155 4030 1366 4102; x_wconf 88' lang='lat' dir='ltr'>quam</span> <span class='ocrx_word' id='word_1_231' title='bbox 1401 4006 1742 4100; x_wconf 86' lang='lat' dir='ltr'>siquando</span> <span class='ocrx_word' id='word_1_232' title='bbox 1778 4028 1980 4078; x_wconf 89' lang='lat' dir='ltr'>casus</span> <span class='ocrx_word' id='word_1_233' title='bbox 2007 4005 2316 4078; x_wconf 88' lang='lat' dir='ltr'>trahebat</span> <span class='ocrx_word' id='word_1_234' title='bbox 2347 4007 2417 4075; x_wconf 90' lang='lat' dir='ltr'>in</span> <span class='ocrx_word' id='word_1_235' title='bbox 2457 4027 2765 4091; x_wconf 92' lang='lat' dir='ltr'>causam,</span> <span class='ocrx_word' id='word_1_236' title='bbox 2799 4004 2958 4076; x_wconf 85' lang='lat' dir='ltr'>ficta</span> <span class='ocrx_word' id='word_1_237' title='bbox 2985 4006 3206 4097; x_wconf 87' lang='lat' dir='ltr'>magis</span> <span class='ocrx_word' id='word_1_238' title='bbox 3236 4005 3467 4097; x_wconf 89' lang='lat' dir='ltr'>opinio</span> <span class='ocrx_word' id='word_1_239' title='bbox 3497 4026 3703 4096; x_wconf 88' lang='lat' dir='ltr'>quam</span> <span class='ocrx_word' id='word_1_240' title='bbox 3734 4007 3965 4074; x_wconf 87' lang='lat' dir='ltr'>statuti</span> 
     </span>
     <span class='ocr_line' id='line_1_26' title="bbox 1149 4127 3960 4224; baseline -0.002 -22"><span class='ocrx_word' id='word_1_241' title='bbox 1149 4132 1329 4221; x_wconf 89' lang='lat' dir='ltr'>juris</span> <span class='ocrx_word' id='word_1_242' title='bbox 1351 4140 1472 4202; x_wconf 90' lang='lat' dir='ltr'>aut</span> <span class='ocrx_word' id='word_1_243' title='bbox 1499 4138 1776 4224; x_wconf 88' lang='lat' dir='ltr'>optente</span> <span class='ocrx_word' id='word_1_244' title='bbox 1807 4130 2331 4202; x_wconf 89' lang='lat' dir='ltr'>contradictorio</span> <span class='ocrx_word' id='word_1_245' title='bbox 2347 4129 2614 4220; x_wconf 86' lang='lat' dir='ltr'>judicio</span> <span class='ocrx_word' id='word_1_246' title='bbox 2637 4128 3155 4202; x_wconf 90' lang='lat' dir='ltr'>consuetudinis</span> <span class='ocrx_word' id='word_1_247' title='bbox 3179 4128 3512 4199; x_wconf 88' lang='lat' dir='ltr'>sententia</span> <span class='ocrx_word' id='word_1_248' title='bbox 3532 4127 3960 4213; x_wconf 87' lang='lat' dir='ltr'>terminabat;</span> 
     </span>
     <span class='ocr_line' id='line_1_27' title="bbox 1159 4250 3967 4345; baseline -0.002 -18"><span class='ocrx_word' id='word_1_249' title='bbox 1159 4255 1248 4327; x_wconf 91' lang='lat' dir='ltr'>de</span> <span class='ocrx_word' id='word_1_250' title='bbox 1283 4254 1566 4325; x_wconf 89' lang='lat' dir='ltr'>consilio</span> <span class='ocrx_word' id='word_1_251' title='bbox 1601 4262 1669 4324; x_wconf 90' lang='lat' dir='ltr'>et</span> <span class='ocrx_word' id='word_1_252' title='bbox 1710 4273 1992 4324; x_wconf 88' lang='lat' dir='ltr'>assensu</span> <span class='ocrx_word' id='word_1_253' title='bbox 2039 4252 2440 4325; x_wconf 87' lang='lat' dir='ltr'>dilectorum</span> <span class='ocrx_word' id='word_1_254' title='bbox 2492 4253 2873 4345; x_wconf 91' lang='lat' dir='ltr'>principum</span> <span class='ocrx_word' id='word_1_255' title='bbox 2927 4250 3536 4322; x_wconf 88' lang='lat' dir='ltr'>ecclesiasticorum</span> <span class='ocrx_word' id='word_1_256' title='bbox 3584 4259 3653 4319; x_wconf 91' lang='lat' dir='ltr'>et</span> <span class='ocrx_word' id='word_1_257' title='bbox 3686 4251 3967 4322; x_wconf 86' lang='lat' dir='ltr'>secula-</span> 
     </span>
     <span class='ocr_line' id='line_1_28' title="bbox 1157 4369 3965 4470; baseline -0.002 -20"><span class='ocrx_word' id='word_1_258' title='bbox 1157 4379 1337 4450; x_wconf 89' lang='lat' dir='ltr'>rium</span> <span class='ocrx_word' id='word_1_259' title='bbox 1372 4378 1442 4447; x_wconf 91' lang='lat' dir='ltr'>in</span> <span class='ocrx_word' id='word_1_260' title='bbox 1481 4377 1813 4470; x_wconf 91' lang='lat' dir='ltr'>solempni</span> <span class='ocrx_word' id='word_1_261' title='bbox 1850 4375 2040 4447; x_wconf 86' lang='lat' dir='ltr'>curia</span> <span class='ocrx_word' id='word_1_262' title='bbox 2077 4375 2418 4447; x_wconf 86' lang='lat' dir='ltr'>celebrata</span> <span class='ocrx_word' id='word_1_263' title='bbox 2448 4375 2802 4466; x_wconf 83' lang='lat' dir='ltr'>Moguntie</span> <span class='ocrx_word' id='word_1_264' title='bbox 2846 4372 3365 4446; x_wconf 86' lang='lat' dir='ltr'>constitutiones</span> <span class='ocrx_word' id='word_1_265' title='bbox 3390 4369 3730 4466; x_wconf 84' lang='lat' dir='ltr'>quasdam</span> <span class='ocrx_word' id='word_1_266' title='bbox 3763 4373 3965 4444; x_wconf 84' lang='lat' dir='ltr'>certis</span> 
     </span>
     <span class='ocr_line' id='line_1_29' title="bbox 1158 4496 3964 4596; baseline -0.002 -23"><span class='ocrx_word' id='word_1_267' title='bbox 1158 4501 1477 4596; x_wconf 88' lang='lat' dir='ltr'>capitulis</span> <span class='ocrx_word' id='word_1_268' title='bbox 1498 4499 2044 4594; x_wconf 77' lang='lat' dir='ltr'>comprehensae,</span> <span class='ocrx_word' id='word_1_269' title='bbox 2074 4499 2503 4592; x_wconf 88' lang='lat' dir='ltr'>presentibus</span> <span class='ocrx_word' id='word_1_270' title='bbox 2528 4497 2784 4570; x_wconf 89' lang='lat' dir='ltr'>eisdem</span> <span class='ocrx_word' id='word_1_271' title='bbox 2810 4496 3261 4592; x_wconf 87' lang='lat' dir='ltr'>principibus,</span> <span class='ocrx_word' id='word_1_272' title='bbox 3284 4496 3628 4568; x_wconf 87' lang='lat' dir='ltr'>nobilibus</span> <span class='ocrx_word' id='word_1_273' title='bbox 3651 4496 3964 4590; x_wconf 89' lang='lat' dir='ltr'>plurimis</span> 
     </span>
     <span class='ocr_line' id='line_1_30' title="bbox 1157 4619 3962 4718; baseline -0.002 -20"><span class='ocrx_word' id='word_1_274' title='bbox 1157 4637 1226 4698; x_wconf 89' lang='lat' dir='ltr'>et</span> <span class='ocrx_word' id='word_1_275' title='bbox 1257 4626 1411 4696; x_wconf 91' lang='lat' dir='ltr'>aliis</span> <span class='ocrx_word' id='word_1_276' title='bbox 1450 4623 1769 4698; x_wconf 85' lang='lat' dir='ltr'>fidelibus</span> <span class='ocrx_word' id='word_1_277' title='bbox 1798 4622 2091 4718; x_wconf 90' lang='lat' dir='ltr'>imperii,</span> <span class='ocrx_word' id='word_1_278' title='bbox 2117 4623 2404 4694; x_wconf 84' lang='lat' dir='ltr'>fecimus</span> <span class='ocrx_word' id='word_1_279' title='bbox 2440 4622 2897 4717; x_wconf 88' lang='lat' dir='ltr'>promulgari;</span> <span class='ocrx_word' id='word_1_280' title='bbox 2928 4641 3102 4713; x_wconf 90' lang='lat' dir='ltr'>quas</span> <span class='ocrx_word' id='word_1_281' title='bbox 3129 4619 3197 4690; x_wconf 91' lang='lat' dir='ltr'>in</span> <span class='ocrx_word' id='word_1_282' title='bbox 3233 4620 3507 4715; x_wconf 90' lang='lat' dir='ltr'>publica</span> <span class='ocrx_word' id='word_1_283' title='bbox 3538 4620 3962 4693; x_wconf 86' lang='lat' dir='ltr'>munimenta</span> 
     </span>
     <span class='ocr_line' id='line_1_31' title="bbox 1158 4743 3962 4840; baseline -0.002 -18"><span class='ocrx_word' id='word_1_284' title='bbox 1158 4748 1469 4822; x_wconf 86' lang='lat' dir='ltr'>redactas</span> <span class='ocrx_word' id='word_1_285' title='bbox 1517 4749 1607 4820; x_wconf 90' lang='lat' dir='ltr'>ab</span> <span class='ocrx_word' id='word_1_286' title='bbox 1653 4747 1990 4820; x_wconf 86' lang='lat' dir='ltr'>universis</span> <span class='ocrx_word' id='word_1_287' title='bbox 2018 4755 2087 4818; x_wconf 86' lang='lat' dir='ltr'>et</span> <span class='ocrx_word' id='word_1_288' title='bbox 2121 4747 2412 4840; x_wconf 89' lang='lat' dir='ltr'>singulis</span> <span class='ocrx_word' id='word_1_289' title='bbox 2443 4746 2778 4837; x_wconf 90' lang='lat' dir='ltr'>jussimus</span> <span class='ocrx_word' id='word_1_290' title='bbox 2822 4744 3306 4817; x_wconf 86' lang='lat' dir='ltr'>inviolabiliter</span> <span class='ocrx_word' id='word_1_291' title='bbox 3345 4743 3743 4833; x_wconf 89' lang='lat' dir='ltr'>observari,</span> <span class='ocrx_word' id='word_1_292' title='bbox 3787 4765 3962 4837; x_wconf 88' lang='lat' dir='ltr'>pena</span> 
     </span>
    </p>
   </div>
  </div>
 </body>
</html>
