4842 5802
1135 582 1258 643 576
2178 586 2522 650 HENRICI
2579 591 2918 654 SEPTIMI
3586 602 3748 678 [Arm.
3790 604 3963 665 1232.

1137 717 1418 812 quinta,
1481 728 1809 812 regnante
1860 721 2153 794 Henrico
2202 724 2355 815 Vll,
2413 712 2873 803 Romanorum
2925 752 3090 825 rege
3138 732 3470 826 glorioso,
3533 757 3717 810 anno
3772 741 3964 834 regni

1142 838 1347 940 [ejus]
1385 842 1505 913 Xl.

1235 967 1483 1039 Datum
1511 967 1700 1063 apud
1724 970 2105 1063 Hagenaw.

753 1535 1101 1643 mamitus.
1253 1518 1658 1631 HenricuS,
1718 1523 2238 1608 Romanorum
2310 1553 2483 1632 rex,
2551 1528 2954 1612 canonicos
3016 1542 3092 1614 et
3160 1534 3601 1619 universum
3673 1540 3965 1625 clerum

789 1646 835 1687 ¹⁰
854 1644 1050 1697 ⁸⁰⁸⁰'¹¹·
1146 1651 1502 1736 ecclesiae
1546 1655 1923 1764 Aquensis
1979 1657 2124 1740 sub
2170 1683 2310 1740 sua
2355 1659 2660 1768 speciali
2714 1664 3172 1769 protectione
3224 1669 3531 1777 recipit,
3589 1682 3665 1753 et
3709 1675 3961 1757 advo·-

1158 1794 1364 1893 cat0,
1417 1787 1773 1895 sculteto,
1825 1790 2190 1899 scabiniS,
2245 1791 2909 1903 burgensibusque
2963 1797 3448 1906 Aquensibus
3500 1806 3818 1887 mandat
3867 1833 3965 1891 ne

1149 1918 1323 2002 illos
1359 1919 1438 2000 in
1474 1928 1816 2029 personis
1853 1933 1986 2005 aut
2020 1924 2250 2006 rebus
2283 1925 2690 2010 molestare
2722 1942 3239 2036 praesumant.

1314 2133 1513 2211 (Edid.
1542 2135 1929 2211 LAcounmrr,
1958 2134 2327 2201 Urkundenb.
2339 2140 2459 2221 siir
2483 2140 2576 2202 die
2607 2140 2800 2205 Gesch.
2831 2142 2929 2206 des
2949 2143 3280 2224 Nieclcrrh„
3305 2165 3418 2211 zw,
3438 2151 3630 2226 Band‚
3666 2170 3725 2230 p.
3759 2155 3884 2231 93.)

1245 2323 1329 2393 Η.
1355 2374 1376 2413 ,
1431 2321 1554 2394 Ι)6ἰ
1607 2323 1826 2417 gratia
1878 2324 2336 2401 Romanorum
2388 2348 2518 2400 rex
2573 2337 2644 2401 et
2699 2348 2971 2426 semper
3020 2341 3399 2427 augustus,
3448 2332 3770 2411 fidelibus
3818 2339 3966 2413 suis

1146 2443 1518 2537 advocato,
1560 2448 1880 2539 sculteto,
1918 2450 2218 2522 scabinis
2252 2460 2322 2523 et
2356 2451 2788 2525 universitati
2837 2455 3289 2550 burgensium
3324 2459 3750 2554 Aquensium
3790 2485 3967 2537 nec-

1145 2589 1287 2641 non
1349 2571 1675 2642 omnibus
1762 2593 2043 2664 presens
2116 2574 2447 2669 scriptum
2512 2575 2939 2649 intuentibus
3014 2582 3301 2671 gratiam
3368 2605 3566 2656 suam
3636 2595 3707 2658 et
3762 2607 3966 2661 omne

1146 2691 1433 2764 bonum.
1483 2693 1654 2765 Cum
1703 2695 2002 2786 regalem
2049 2704 2353 2767 nostram
2400 2696 2644 2771 deceat
2686 2701 3107 2791 majestatem
3155 2705 3467 2775 omnium
3516 2710 3964 2782 ecclesiarum

1145 2816 1423 2887 utilitati
1481 2816 1911 2912 prospicere,
1967 2819 2527 2913 recognoscendo
2583 2822 2985 2916 profitemur
3039 2825 3232 2919 quod
3284 2828 3575 2901 ecclesie
3623 2828 3968 2925 Aquensis

1150 2942 1561 3035 promotioni
1609 2941 1977 3035 specialius
2050 2952 2364 3016 tenemur
2438 2946 2834 3039 intendere,
2902 2958 2982 3019 ut
3036 2949 3215 3021 sicut
3257 2971 3300 3022 a
3355 2951 3665 3045 piissimo
3718 2956 3968 3029 Karolo

1153 3063 1468 3151 fundata,
1506 3065 1597 3137 ab
1646 3067 2192 3139 antecessoribus
2241 3070 2492 3141 nostris
2527 3070 2641 3164 pie
2677 3082 2984 3164 promota
3033 3084 3101 3145 et
3133 3096 3359 3168 usque
3393 3074 3486 3147 ad
3524 3098 3649 3150 nos
3687 3088 3970 3172 paterne

1153 3189 1505 3261 defensata
1551 3189 1829 3283 speciali
1881 3188 2142 3282 gaudet
2189 3192 2584 3287 privilegio,
2633 3194 2735 3266 sic
2791 3204 2861 3267 et
2903 3205 3133 3269 nostre
3180 3199 3625 3291 protectionis
3677 3201 3969 3276 deside-

1151 3322 1300 3384 rato
1348 3312 1479 3384 sibi
1516 3312 1823 3407 gaudeat
1857 3314 2122 3386 solatio.
2168 3316 2307 3387 Nos
2349 3315 2593 3409 igitur,
2636 3316 2730 3389 ad
2760 3319 3207 3393 imitationem
3255 3323 3671 3394 serenissimi
3706 3324 3968 3398 domini

1155 3437 1226 3507 F.
1272 3437 1733 3508 Romanorum
1773 3438 2204 3532 imperatoris
2255 3441 2710 3534 progenitoris
2763 3442 2971 3514 nostri
2993 3444 3342 3546 ,eandem
3392 3448 3788 3542 ecclesiam,
3844 3470 3970 3523 ca-

1148 3561 1432 3633 nonicos
1479 3570 1549 3633 et
1585 3561 1990 3634 universum
2022 3562 2280 3635 clerum
2318 3563 2453 3636 sub
2497 3573 2729 3637 nostra
2770 3567 3050 3661 speciali
3083 3569 3503 3662 protectione
3550 3572 3960 3668 recipimus;

1151 3684 1224 3755 in
1272 3706 1354 3757 ea
1399 3706 1541 3779 qua
1588 3684 1788 3757 nobis
1834 3686 2157 3758 tenemini
2216 3685 2551 3762 fidelitate
2598 3687 2883 3763 firmiter
2914 3692 3353 3787 injungentes
3394 3703 3466 3766 et
3513 3697 3647 3768 sub
3682 3697 3968 3772 obtentu

1153 3808 1369 3902 gratie
1402 3818 1635 3882 nostre
1677 3809 1978 3882 districte
2014 3810 2468 3906 precipientes
2521 3834 2612 3885 ne
2657 3814 2817 3908 quis
2849 3823 3154 3887 vestrum
3199 3836 3320 3888 eos
3363 3818 3579 3890 verbo
3610 3821 3722 3893 vel
3759 3823 3960 3913 facto,

1148 3931 1219 4003 in
1258 3933 1567 4026 personis
1611 3943 1733 4005 aut
1773 3934 1981 4006 rebus
2017 3945 2365 4028 presumat
2410 3937 2811 4028 molestare,
2850 3938 2975 4010 sed
3022 3938 3351 4012 honorem
3399 3952 3467 4013 et
3512 3944 3966 4040 reverentiam
3997 3974 4014 3984 „

1146 4078 1360 4150 quam
1397 4055 1597 4128 decet
1632 4076 1756 4149 pro
1791 4077 1994 4150 posse
2029 4067 2262 4131 vestro
2291 4059 2624 4131 studeatis
2679 4059 3079 4154 impendere
3113 4062 3401 4134 eisdem.
3440 4064 3511 4134 Si
3545 4065 3705 4157 quis
3736 4073 3967 4137 autem

1146 4189 1452 4252 vestrum
1512 4188 1668 4273 post
1731 4188 2162 4281 prenotatum
2228 4190 2536 4253 nostrum
2607 4182 3006 4255 mandatum
3064 4206 3244 4257 ausu
3308 4187 3669 4259 temerario
3735 4196 3968 4260 contra

1149 4312 1561 4376 memoratos
1606 4310 1872 4373 nostros
1925 4303 2362 4396 cappellanos
2401 4314 2470 4376 et
2518 4304 2775 4376 clerum
2826 4308 3319 4403 presumpserit
3365 4309 3629 4402 aliquid
3666 4319 3970 4406 attemp-

1144 4437 1328 4518 tare,
1395 4447 1677 4519 gravem
1724 4423 2054 4497 offensam
2109 4437 2181 4498 et
2228 4425 2767 4522 indignationem
2827 4440 3058 4504 nostre
3105 4432 3528 4506 celsitudinis
3580 4456 3657 4507 se
3704 4436 3975 4509 noverit

1149 4549 1542 4623 incurrisse.
1603 4549 1687 4621 Et
1742 4570 1869 4621 nos
1924 4550 2214 4623 sculteto
2269 4551 2390 4644 qui
2436 4573 2560 4647 pro
2612 4562 2919 4650 tempore
2977 4555 3182 4628 fuerit
3230 4558 3364 4628 sub
3414 4557 3697 4630 obtentu
3754 4557 3970 4652 gratie

1156 4682 1387 4745 nostre
1436 4673 1853 4769 precipimus
1911 4682 1986 4745 ut
2031 4675 2134 4747 sic
2181 4676 2628 4751 temeritatem
2675 4679 2884 4751 unius
2927 4679 3203 4752 studeat
3248 4700 3563 4754 coercere
3602 4702 3692 4753 ne
3730 4680 3971 4754 consi-
