4842 5802
911 1912 1037 1966 Apud

825 1963 923 2006 Nur
902 1967 1121 2020 re,mberg

882 2020 1062 2071 num

1206 607 1329 669 658
2252 605 2610 709 amylum
2658 604 2994 665 SEPTlMl
3653 609 3814 687 [Anu.
3855 612 4033 677 1234.

1206 739 1465 845 itaque
1509 738 1861 821 universo
1909 740 2236 821 exercitu
2280 737 2979 846 crucesignatorum
3017 735 3204 846 (1),
3232 739 3313 818 in
3359 740 3688 822 crastino
3725 744 4031 826 Ascen-

1206 869 1443 952 sionis
1505 869 1737 952 iidem
1790 871 2136 981 Stagingi
2193 879 2648 979 superantur
2700 878 2775 951 et
2827 895 2875 949 a
2935 880 3138 952 terra
3191 897 3331 953 sua
3384 871 3729 955 funditus
3782 877 4031 958 extir-

1207 1014 1517 1108 pantur.
1536 1063 1552 1081 .
1570 1064 1588 1081 .
1635 1002 1984 1098 Quorum
2018 1004 2099 1082 in
2144 1002 2528 1110 praedicto
2572 1000 2772 1084 bello
2826 1001 3119 1083 circiter
3166 1002 3265 1082 ad
3309 1003 3466 1085 duo
3502 1004 3743 1086 millia
3778 1007 4033 1115 perie-

1209 1144 1391 1213 runt
1427 1132 1590 1241 (2),
1641 1134 1903 1242 paucis
1947 1134 2475 1243 superstitibus
2521 1132 2620 1213 ad
2659 1132 2945 1215 vicinos
2989 1133 3337 1216 Frisones
3384 1135 4020 1246 confugientibus,

1214 1265 1530 1347 Gomara.
1579 1265 1838 1348 Conon.
1885 1293 2008 1375 ap.
2050 1266 2433 1372 Boanum,
2472 1273 2767 1367 Fontes,
2807 1272 2867 1345 t.
2910 1264 3015 1370 Π,
3056 1291 3136 1373 p.
3180 1269 3367 1349 566.

3237 1599 3535 1612 ———-——-

1312 1894 1719 2003 HenricuS,
1761 1897 2278 1980 Romanorum
2314 1923 2484 2005 rex,
2527 1900 2889 1981 advocato
2924 1909 2999 1979 et
3046 1898 3558 2008 burgensibus
3594 1902 3691 1982 de
3728 1902 4025 2014 Turego

1206 2029 1523 2108 mandat
1568 2037 1654 2108 ut
1699 2030 2244 2110 monasterium
2288 2030 2384 2111 de
2433 2030 2711 2138 Cappel
2754 2055 2896 2138 pro
2939 2030 3170 2112 domo
3223 2029 3563 2138 ejusdem
3610 2033 3815 2140 apud
3861 2033 4026 2114 Tu-

1202 2183 1474 2266 regum
1514 2157 1859 2241 libertate
1894 2160 2045 2241 frui
2074 2160 2545 2267 permittant,
2585 2186 2833 2269 neque
2868 2161 2949 2240 in
2986 2162 3268 2242 steiura
3301 2188 3537 2271 quam
3564 2162 3826 2245 civitas
3859 2165 4023 2273 regi

1202 2301 1586 2395 praestare
1623 2291 1885 2398 debet,
1925 2292 2131 2373 idem
2165 2293 2506 2375 conferre
2542 2304 2853 2402 cogant,
2896 2293 3002 2375 ita
3040 2303 3126 2375 ut
3162 2319 3386 2402 super
3422 2294 3570 2377 hoc
3604 2296 4024 2379 claustrum

1204 2422 1348 2504 sibi
1383 2422 1660 2505 iterum
1696 2448 1852 2504 non
1889 2435 2252 2505 recurrat.

1363 2660 1655 2741 (Memor.
1692 2668 1754 2721 et
1788 2669 2035 2723 extract.
2080 2680 2181 2740 ap.
2226 2664 2376 2725 Gna.
2412 2665 2631 2724 Mnus
2671 2678 2788 2722 von
2835 2663 3123 2737 Knomv,
3161 2663 3372 2727 Archiv
3387 2664 3506 2744 fiir
3547 2666 3733 2729 Schw.
3778 2665 3976 2730 Geel».
4001 2711 4018 2740 ,

1443 2774 1491 2826 t.
1524 2768 1585 2841 Ι,
1614 2783 1675 2843 p.
1710 2765 1840 2843 91.)

1300 2979 1550 3050 Datum
1583 2978 2050 3072 Nuremberg,
2090 2978 2147 3048 11
2178 3000 2391 3051 nonas
2420 2980 2634 3070 junii,
2672 2979 3047 3052 indictione
3081 2979 3227 3053 Vll.

1212 3335 1358 3392 cinos
1382 3333 1638 3407 populos,
1668 3333 1831 3390 immo
1862 3340 1917 3390 et
1947 3334 2172 3392 comites
2198 3339 2254 3389 et
2274 3334 2558 3407 episcopos
2597 3333 2739 3392 bello
2764 3334 2963 3409 pluries
2996 3340 3124 3391 sunt
3148 3333 3377 3408 agressi,
3409 3348 3569 3407 saepe
3599 3333 3854 3404 victores,
3898 3349 4018 3391 raro

1207 3431 1354 3488 victi.
1382 3449 1407 3484 n
1431 3432 1699 3488 Hactenus
1721 3430 2040 3488 Godefridus
2069 3429 2411 3488 coloniensis.
2443 3430 2545 3502 Ap.
2578 3431 2813 3501 CAsssn,
2839 3432 3190 3504 Sammlunq,
3222 3433 3354 3513 423,
3381 3431 3531 3488 adest
3557 3429 3746 3487 foedus
3771 3431 3910 3487 inter
3936 3446 4022 3487 ar-

1208 3527 1604 3600 chiepiscopum
1631 3533 1688 3583 et
1717 3528 1999 3585 ecclesiam
2025 3529 2366 3584 Bremensem
2398 3543 2464 3584 ex
2485 3543 2589 3583 una
2613 3534 2764 3599 parte
2793 3534 2849 3584 et
2876 3528 3176 3602 burgenses
3199 3529 3516 3585 Bremenses
3549 3543 3617 3584 ex
3650 3528 3818 3584 altera
3840 3533 4024 3585 contra

1207 3625 1489 3698 Stadingos
1515 3625 1707 3682 initum
1738 3644 1751 3681 ε
1783 3647 1810 3679 α
1840 3626 2055 3682 Diutina
2095 3625 2492 3698 Stethingorum
2529 3625 2661 3682 adeo
2688 3625 3041 3683 invalescente
3073 3627 3277 3684 insania
3313 3627 3460 3698 quod
3506 3642 3612 3682 non
3641 3626 3812 3683 solum
3844 3626 4017 3699 impe-

1207 3721 1355 3778 rialis
1392 3722 1726 3779 auctoritatis
1749 3723 2189 3796 proscriptionem
2217 3728 2655 3795 promeruerunt,
2681 3738 2870 3779 verum
2899 3723 3066 3780 etiam
3088 3728 3270 3781 sancte
3293 3722 3480 3780 matris
3504 3723 3742 3781 Ecclesia
3764 3723 4022 3780 offensam

1208 3821 1263 3875 in
1296 3824 1505 3875 tantum
1529 3820 1868 3876 incurrerunt
1890 3821 2033 3892 quod
2071 3821 2307 3893 ipsorum
2336 3818 2783 3891 incorrigibilibus
2813 3821 3208 3893 requirentibus
3238 3820 3574 3893 excessibus,
3599 3820 3847 3877 dominus
3882 3834 4021 3892 papa

1209 3919 1356 3989 ipsos
1394 3916 1659 3974 hereticos
1698 3918 2017 3986 decernens,
2060 3917 2281 3974 consilio
2324 3921 2533 3972 maturo
2576 3931 2788 3973 crucem
2840 3933 2963 3973 cum
3007 3918 3245 3974 maxima
3290 3915 3618 3987 indulgentia
3664 3916 3736 3971 ad
3780 3916 4022 3987 ipsorum

1207 4016 1583 4074 exterminium
1625 4016 1884 4089 predicari
1919 4015 2190 4073 mandavit
2195 4056 2300 4072 .....
2332 4019 2526 4072 Datum
2565 4018 2783 4088 Breme‚
2815 4032 2953 4073 anno
2989 4016 3201 4074 Domini
3228 4014 3629 4084 MCCXXXIII,
3657 4015 3735 4069 XI
3769 4015 4023 4072 kalendas

1207 4114 1464 4189 aprilis.»
1491 4113 1574 4171 Cf.
1596 4127 1791 4186 supra,
1806 4120 1860 4167 t.
1882 4114 1951 4167 111
1972 4129 2073 4184 p.
2108 4114 2211 4168 497
2239 4117 2294 4168 et
2315 4117 2425 4168 not
2451 4118 2504 4167 4.

1268 4212 1357 4287 (4)
1395 4210 1558 4285 Cujus
1589 4211 1855 4267 exercitus
1878 4209 2043 4266 duces
2070 4209 2291 4266 aderant
2322 4208 2754 4282 archiepiscopus
2779 4208 3110 4278 hamensis,
3145 4208 3252 4264 dux
3277 4205 3619 4273 Brabantiae,
3651 4205 3868 4262 comites
3895 4206 4024 4263 Hol-

1209 4309 1450 4380 landiae,
1494 4307 1769 4365 Gelrensis
1807 4311 1861 4361 et
1889 4306 2177 4363 Clevensis.
2218 4305 2322 4373 Qui
2361 4321 2549 4362 omnes
2583 4311 2782 4362 terram
2814 4307 3187 4376 stadingorum
3219 4302 3378 4359 simul
3408 4301 3724 4358 invaserunt
3755 4302 3841 4357 die
3880 4301 4018 4358 vice-

1210 4410 1347 4468 simo
1371 4405 1601 4479 septimo
1634 4403 1781 4471 maii,
1809 4409 1869 4459 ut
1889 4402 2113 4475 legimus
2138 4419 2229 4475 ap.
2253 4402 2531 4459 Albertum
2557 4402 2896 4474 Stadensem,
2922 4403 3181 4460 Emonam
3204 4405 3260 4457 et
3279 4401 3609 4469 Menconem,
3640 4404 3697 4455 et
3722 4399 3777 4454 in
3805 4399 4019 4458 Hister.

1211 4508 1491 4580 imperat„
1515 4519 1602 4575 ap.
1628 4500 1907 4557 Mencken.

1284 4602 1354 4676 (2)
1391 4600 1567 4659 Cladis
1602 4598 1778 4656 locum
1806 4595 2124 4654 oldenesche
2153 4595 2472 4669 (Altenesch)
2509 4595 2762 4653 Albertus
2794 4597 3066 4655 stadensis
3090 4601 3257 4654 vocat.
3298 4596 3567 4672 Numerus
3596 4599 3774 4652 autem
3809 4593 4021 4653 Stadiu-

1215 4714 1404 4771 gorum
1430 4697 1724 4755 occisorum
1752 4695 1917 4751 multo
1941 4696 2131 4766 major,
2157 4694 2285 4752 dum
2309 4711 2405 4752 sex
2432 4694 2593 4752 millia
2613 4695 2965 4768 superaverit.
