4842 5802
1668 642 1921 701 INDEX
1970 636 2665 704 DOCUMENTORUM.
3467 631 3587 692 965

1603 985 1791 1047 negge
1834 968 2201 1028 ministeriali
2252 983 2362 1027 suo
2407 964 2679 1024 collatam
2723 968 2783 1022 et
2826 977 2864 1021 a
2903 959 3185 1020 tratribus
3242 960 3581 1018 monasterii

1604 1065 1865 1143 ejusdem
1895 1065 2281 1140 redemptam.
3466 1053 3580 1115 330

801 1163 979 1222 maio.
1193 1159 1371 1236 Apud
1526 1194 1606 1208 —
1645 1163 1794 1223 Cum
1839 1161 1961 1221 filio
1998 1177 2107 1221 suo
2141 1159 2398 1220 Henrico
2438 1173 2576 1234 rege
2616 1156 3003 1226 conveniens,
3033 1158 3268 1230 rogatus
3296 1168 3332 1211 a
3358 1154 3580 1227 princi-

1122 1254 1450 1317 Sibidatum
1604 1260 1806 1336 pibus,
1833 1259 2140 1335 privilegia
2162 1258 2304 1333 ipsis
2331 1254 2407 1314 ab
2435 1253 2640 1313 eodem
2668 1268 2804 1329 rege
2823 1251 3189 1311 Wormatiae
3210 1265 3369 1309 anno
3403 1257 3577 1321 1231,

1059 1354 1123 1412 in
1149 1354 1301 1413 Foro
1327 1353 1491 1414 Julii.
1610 1365 1667 1416 1⁰
1694 1357 1831 1415 maii
1850 1399 1868 1428 ,
1904 1370 2212 1425 concessa,
2243 1368 2381 1414 cum
2407 1350 2760 1427 quibusdam
2807 1354 3005 1407 tamen
3048 1342 3580 1406 modificationibus

1603 1456 1846 1511 renovat
1872 1456 1933 1510 et
1957 1447 2291 1509 confirmat.
3467 1449 3575 1500 331

802 1549 979 1606 maio.
1081 1545 1195 1621 Ap.
1226 1543 1473 1605 Utinum
1532 1578 1604 1593 -
1642 1550 2101 1608 Renovationem
2142 1545 2578 1622 privilegiorum
2611 1556 2763 1618 quae
2790 1538 3084 1617 praecedit
3106 1538 3301 1599 denuo
3326 1537 3583 1614 promul-

1058 1643 1122 1700 in
1147 1641 1300 1700 Foro
1329 1642 1491 1700 Julii.
1602 1649 1737 1721 gat,
1761 1642 1924 1703 bulla
1950 1658 2129 1702 aurea
2156 1642 2469 1701 munitam.
3466 1642 3579 1693 332

805 1741 982 1799 maio.
1082 1738 1199 1813 Ap.
1221 1738 1471 1799 Utinum
1524 1772 1605 1784 —
1644 1740 1737 1800 Ad
1799 1740 2237 1815 requisitionem
2299 1735 2536 1795 ilenrici
2590 1732 3042 1792 Wormatiensis
3095 1734 3349 1809 episcopi
3366 1774 3383 1801 ‚
3429 1733 3583 1791 cives

1057 1837 1121 1894 in
1149 1836 1303 1896 Foro
1329 1836 1490 1895 Julii.
1601 1836 2061 1896 wormatienses
2086 1834 2493 1894 constitutioni
2525 1831 2588 1889 in
2632 1831 2797 1890 curia
2834 1830 3265 1889 Ravennatensi
3290 1828 3481 1889 editae
3507 1829 3583 1888 de

1601 1931 1904 1991 cassandis
1970 1929 2500 1991 communitatibus
2563 1929 2869 1987 civitatum
2923 1926 3160 1986 obedire
3205 1932 3541 1985 recusantes
3559 1972 3578 2002 ‚

1601 2028 1929 2105 proscribit.
3462 2033 3576 2085 335

794 2124 976 2182 maio.
1085 2120 1195 2198 Ap.
1218 2119 1468 2180 Utinum
1521 2157 1601 2171 —
1638 2125 1889 2184 Henrico
1915 2124 2342 2185 Wormatiensi
2368 2123 2640 2200 episcopo
2669 2123 2773 2181 dat
2813 2122 2876 2180 in
2918 2122 3213 2182 mandatis
3238 2129 3306 2182 ut
3337 2122 3580 2183 domum

1057 2216 1120 2273 in
1145 2214 1300 2273 Foro
1324 2214 1488 2273 Julii.
1599 2220 2034 2278 communitatis
2059 2219 2121 2277 in
2147 2216 2481 2278 Wormatia
2504 2214 2774 2275 funditus
2817 2214 2972 2274 dirui
3013 2213 3218 2286 faeiat,
3249 2217 3303 2274 ei
3340 2219 3581 2293 insuper

1598 2315 1923 2375 concedens
1965 2313 2217 2375 fundum
2255 2313 2522 2391 ejusdem
2561 2310 2774 2372 domus
2818 2312 2881 2370 in
2920 2314 3272 2388 proprietate
3305 2314 3580 2375 ecclesiae

1598 2414 2075 2474 Wormaiiensis.
3461 2421 3577 2472 336

802 2507 983 2566 maio.
1068 2502 1184 2578 Ap·
1210 2501 1478 2563 Utinum·
1517 2543 1598 2555 —
1639 2510 2018 2570 contractum
2052 2510 2206 2567 inter
2240 2507 2740 2584 archIepiscopum
2768 2504 3249 2583 salzburgensem
3277 2513 3337 2566 et
3362 2508 3578 2567 Henri-

1578 2589 1733 2666 ‘cum
1762 2606 2032 2665 comitem
2061 2604 2135 2663 de
2162 2603 2497 2679 Orteuburg
2519 2602 2595 2662 de
2620 2603 2817 2679 pueris
2851 2608 3192 2660 mutuorum
3221 2603 3576 2662 ministeria-

1598 2703 1745 2762 lium
1770 2703 1922 2760 inter
1948 2702 2107 2776 ipsos
2133 2700 2456 2776 aequaliter
2483 2697 2816 2758 dividendis
2838 2696 3414 2775 initum‚conflrmat.
3458 2708 3570 2759 337

804 2796 982 2855 maio.
1079 2791 1194 2868 Ap.
1219 2793 1466 2854 Utinum
1518 2832 1601 2844 —-
1637 2798 1733 2859 Ad
1755 2798 2240 2874 supplicationem
2267 2796 2527 2871 Adolphi
2556 2797 2784 2854 comitis
2809 2793 3126 2867 Holsatiae,
3148 2796 3576 2856 concessionem

1053 2891 1117 2950 in
1144 2890 1300 2953 Foro
1324 2893 1359 2952 J
1362 2893 1488 2956 ulii.
1598 2912 1779 2975 quam
1823 2894 1984 2955 idem
2028 2909 2225 2954 eomes
2264 2894 2621 2953 monasterio
2666 2889 3015 2952 monialium
3062 2890 3125 2950 in
3167 2891 3374 2951 Poretz
3398 2890 3535 2953 fecit
3551 2936 3570 2965 ,

1597 2991 1925 3054 confirmat.
3458 2998 3572 3050 338

798 3089 978 3151 maio.
1076 3083 1185 3161 Ap.
1213 3084 1461 3146 Utinum
1519 3122 1596 3135 -
1636 3088 1733 3149 Ad
1775 3088 2121 3147 instantiam
2161 3083 2356 3145 Adolfl
2397 3087 2627 3144 comitis
2673 3082 2999 3156 Holsatiae,
3031 3100 3218 3144 novae
3257 3086 3482 3145 civitati
3509 3088 3573 3146 in

1048 3182 1111 3240 in
1136 3182 1288 3243 Foro
1317 3182 1355 3241 J
1357 3182 1479 3242 ulii.
1594 3185 1900 3262 Hamburg
1917 3187 2096 3261 juxta
2119 3182 2401 3242 Alstriam
2426 3180 2738 3242 confirmat
2761 3181 3160 3241 concessiones
3184 3187 3246 3240 et
3267 3182 3573 3261 privilegia

1594 3299 1630 3342 a
1682 3288 1852 3358 patre
1903 3280 2169 3358 ejusdem
2222 3281 2458 3339 comitis
2510 3278 2702 3338 eidem
2771 3277 2998 3336 civitati
3055 3278 3409 3354 jampridem
3475 3281 3568 3339 in-

1593 3378 1783 3438 dulta.
3454 3386 3570 3437 340

791 3471 971 3531 maio.
1076 3468 1194 3545 Ap.
1211 3467 1462 3528 Utinum
1515 3505 1597 3517 —
1636 3472 1732 3532 Ad
1774 3474 2118 3532 instantiam
2162 3469 2357 3531 Adolfi
2402 3471 2633 3530 comitis
2677 3470 3003 3544 Holsatiae,
3030 3473 3307 3549 antiquae
3342 3474 3570 3534 civitati

1052 3564 1116 3622 in
1141 3564 1293 3624 Foro
1319 3563 1357 3622 J
1360 3563 1485 3623 ulii.
1595 3570 1658 3626 in
1704 3566 2009 3643 Hamburg
2051 3563 2360 3625 confirmat
2405 3567 2810 3625 concessiones
2861 3573 2921 3626 et
2979 3567 3285 3644 privilegia
3327 3583 3365 3627 a
3407 3574 3572 3644 patre

1593 3663 1855 3739 ejusdem
1896 3663 2129 3721 comitis
2154 3661 2345 3720 eidem
2372 3662 2598 3719 civitati
2624 3662 2978 3737 jampridem
3001 3662 3249 3722 Indulta.
3453 3673 3563 3725 341

794 3759 971 3821 maio.
1070 3755 1185 3832 Ap.
1204 3755 1476 3816 Utinum.
1517 3791 1599 3805 -
1637 3759 1879 3820 Civibus
1904 3756 2289 3834 Papiensibus
2329 3756 2691 3831 amplissima
2715 3759 3021 3835 privilegia
3060 3758 3138 3818 ab
3181 3775 3293 3820 avo
3319 3765 3379 3819 et
3407 3767 3570 3836 patre

1600 3872 1710 3916 suo
1754 3861 1816 3915 et
1855 3870 1892 3915 a
1929 3855 2120 3932 seipso
2148 3869 2304 3913 anno
2336 3861 2515 3925 1219,
2548 3849 2916 3931 29'augusti,
2948 3870 3150 3914 eorum
3175 3857 3402 3916 civitati
3428 3872 3569 3917 con-

1601 3965 1793 4023 cessa,
1822 3953 2068 4009 renovat
2095 3953 2154 4007 et
2178 3945 2506 4008 confirmat.
3455 3961 3568 4012 342

751 4057 821 4107 10
853 4049 1020 4109 maii.
1080 4047 1199 4123 Ap.
1222 4047 1466 4109 Portum
1521 4080 1600 4094 —
1639 4046 1895 4107 Henrico
1923 4047 2136 4107 seniori
2161 4051 2221 4105 et
2235 4043 2489 4104 Henrico
2501 4044 2720 4119 Juniori
2743 4044 2816 4103 de
2834 4044 3099 4116 Plawen,
3114 4051 3352 4122 propter
3369 4063 3572 4110 eorum

1150 4144 1396 4207 Naonis.
1597 4148 1802 4203 contra
1826 4142 2095 4201 inimicos
2118 4140 2410 4199 Ecclesiae
2438 4141 2842 4199 strenuitatem
2855 4181 2874 4211 ,
2905 4142 3033 4200 auri
3062 4147 3122 4201 et
3147 4144 3372 4218 argenti
3414 4142 3571 4203 fodi-

1593 4255 1704 4300 nas
1729 4246 1789 4299 et
1814 4239 2013 4298 omnia
2039 4237 2275 4297 metalla
2299 4252 2454 4313 quae
2477 4237 2538 4294 ln
2565 4238 2865 4296 territoriis
2888 4252 3091 4297 eorum
3125 4240 3380 4314 reperire
3405 4246 3572 4315 pote-

1595 4342 1739 4396 runt
1792 4334 2093 4408 concedit,
2142 4350 2280 4395 cum
2303 4360 2306 4365 ·
2330 4332 2611 4393 facultate
2659 4348 2867 4393 aureos
2914 4349 3145 4411 grossos
3195 4340 3256 4394 et
3301 4335 3572 4397 denarios

1594 4431 1950 4492 monetandi.
3451 4442 3565 4493 342

752 4538 823 4590 ιο
859 4533 1015 4592 maii.
1076 4529 1192 4605 Ap.
1220 4529 1464 4589 Portum
1515 4561 1596 4573 —
1635 4528 2046 4589 Her-mannum
2100 4529 2448 4605 magistrum
2498 4527 2802 4605 hospitalis
2856 4527 3352 4589 Theutonicorum
3407 4547 3568 4590 nun-

1147 4627 1390 4689 Naonis.
1593 4626 1744 4685 tium
1787 4630 1847 4684 et
1873 4630 2310 4700 procuratorem
2356 4639 2531 4684 suum
2568 4624 2800 4684 ordinat
2823 4624 2887 4683 in
2912 4624 3217 4686 discordiis
3244 4642 3399 4704 quae
3425 4643 3569 4688 ver-

1596 4730 1802 4784 tuntur
1827 4726 1978 4784 inter
2005 4740 2069 4784 se
2093 4729 2153 4785 et
2178 4725 2449 4785 civitates
2470 4723 2777 4785 Societatls
2802 4723 3211 4785 Lombardiae.
3455 4736 3572 4788 344
