4842 5802
1747 633 2002 692 INDEX
2050 623 2751 692 DOCUMENTORUM.
3545 610 3667 674 995

1688 958 2029 1020 advocatiae
2054 959 2120 1017 in
2149 954 2446 1019 Gebsattel
2482 952 2892 1030 resignavisse,
2931 953 2992 1008 et
3017 962 3081 1008 se
3114 947 3316 1020 postea
3353 929 3671 1000 conventui

1687 1056 1765 1116 de
1792 1054 2086 1133 Kamberg
2112 1052 2474 1130 (comburg)
2504 1049 2771 1111 eamdem
2799 1042 3244 1106 contradidisse.
3552 1041 3670 1093 614

1273 1152 1453 1229 Apud
1610 1187 1693 1198 —
1727 1152 1999 1230 Capituio
2025 1151 2382 1213 Goslariensi
2418 1146 2790 1208 advocatiam
2825 1143 2890 1201 in
2903 1127 3061 1217 *Egla
3099 1142 3160 1196 et
3190 1134 3341 1194 duas
3373 1131 3520 1191 alias
3563 1127 3671 1189 ad-

1172 1249 1555 1326 Nuremberg.
1693 1251 1956 1311 vocatias
1981 1265 2130 1326 quas
2165 1263 2201 1307 a
2236 1247 2453 1308 comite
2491 1242 2805 1304 Aschariae
2841 1238 3001 1298 idem
3040 1232 3363 1310 capitulum
3402 1225 3670 1297 redemit,

1693 1348 1878 1408 donat
1903 1363 2040 1407 cum
2065 1346 2229 1405 omni
2250 1348 2387 1422 jure
2413 1347 2474 1402 et
2499 1341 2697 1401 banno
2721 1340 3002 1414 perpetuo
3026 1329 3427 1410 possidendas.
3558 1331 3672 1384 615

1281 1441 1460 1521 Apud
1617 1475 1697 1489 —
1734 1444 1833 1504 Ad
1871 1445 2263 1504 imitationem
2301 1441 2487 1518 patris
2531 1438 2625 1499 sui
2665 1434 2947 1496 Friderici
2984 1428 3348 1506 imperatoris
3366 1467 3385 1498 ,
3425 1422 3678 1484 Henrico

1173 1539 1569 1617 Moguntiam.
1695 1542 2118 1603 Wormatiensi
2151 1541 2420 1616 episcopo
2456 1541 2517 1596 ct
2555 1534 2830 1595 ecclesiae
2866 1532 2995 1607 ejus
3031 1527 3235 1587 villam
3274 1521 3678 1583 Neckerauwe

1696 1638 1991 1700 contradit
2004 1681 2022 1711 ,
2067 1654 2103 1698 a
2141 1652 2264 1715 qua
2305 1651 2411 1713 per
2455 1635 2665 1694 ducem
2697 1629 3000 1692 Bawariae
3040 1623 3362 1702 palatinum
3404 1619 3679 1678 comitem

1698 1736 1890 1796 Rheni
1918 1734 2200 1796 violenter
2226 1731 2419 1791 fuerat
2444 1731 2685 1806 ejectus.
3565 1719 3678 1772 617

852 1844 926 1896 28
966 1836 1118 1913 ium·
1289 1827 1469 1904 Apud
1625 1863 1702 1876 —
1744 1831 1961 1892 Domui
1985 1831 2238 1890 Sanctae
2254 1828 2482 1888 Mariae
2503 1822 3004 1885 Theutonicorum
3025 1815 3185 1892 apud
3200 1809 3520 1874 Frankfort
3539 1824 3683 1869 con-

1173 1923 1576 1987 Frankinfort·
1703 1927 1816 1988 fert
1841 1927 2085 1988 rubeam
2114 1926 2390 2002 paludem
2427 1924 2600 1984 sitam
2639 1922 2791 1979 inter
2824 1912 3278 1989 Wrowinvegin
3317 1914 3377 1968 et
3415 1906 3683 1967 villulam

1702 2023 1920 2084 Rodin.
3566 2011 3683 2064 618

1224 2122 1298 2181 In
1327 2120 1532 2180 casu-is
1623 2152 1706 2163 —-
1744 2118 2042 2197 Rudigero
2068 2116 2405 2178 Patavlensi
2441 2115 2712 2190 episcopo
2743 2107 2989 2169 mandat
3024 2111 3094 2166 ut
3121 2101 3589 2181 jurisdictionem
3621 2099 3687 2157 in

1187 2215 1565 2291 Ratisponae.
1708 2216 1960 2277 comitiis
2003 2215 2187 2290 ipsius
2240 2219 2302 2273 et
2344 2212 2623 2271 ecclesiae
2664 2212 2791 2284 ejus
2831 2208 3129 2275 exerceat,
3157 2217 3279 2260 non
3315 2194 3688 2259 obstantibus

1708 2316 1917 2376 litteris
1957 2329 2109 2390 quae
2150 2325 2466 2388 suppresso
2502 2309 2715 2368 harum
2740 2312 2942 2365 tenore
2978 2318 3016 2363 a
3056 2316 3192 2378 rege
3236 2297 3460 2358 fuerint
3501 2297 3686 2371 impe-

1709 2415 1918 2471 tratae.
3575 2400 3691 2452 620

1244 2507 1316 2568 In
1342 2505 1549 2567 castris
1632 2541 1714 2552 —
1755 2505 1853 2567 Ad
1896 2521 2096 2582 preces
2137 2504 2462 2565 Hermanni
2512 2501 2587 2562 de
2623 2497 3000 2574 Lobdeburg,
3027 2494 3333 2571 religiosae
3372 2491 3577 2551 domui
3616 2488 3693 2549 de

1196 2605 1574 2679 Ratisponae.
1714 2600 2044 2679 Hugestorf
2075 2606 2316 2661 centum
2360 2606 2421 2659 et
2446 2597 2877 2676 quinquaginta
2905 2596 3116 2669 jugera
3153 2590 3215 2648 in
3253 2594 3454 2648 monte
3488 2586 3694 2647 Nobus

1715 2700 1973 2769 confert3
2005 2715 2159 2777 quae
2182 2698 2427 2777 quidem
2450 2696 2736 2757 hactenus
2761 2692 2838 2754 ab
2863 2691 3108 2768 imperio
3134 2686 3292 2747 idem
3322 2685 3697 2745 Hei-mannus

1715 2799 1781 2858 in
1805 2797 2052 2859 feudum
2081 2796 2337 2857 tenebat.
3579 2788 3690 2842 621

890 2911 924 2961 2
957 2908 1107 2981 sept.
1197 2897 1577 2974 Ratisponae.
1637 2928 1719 2941 —
1758 2894 2221 2955 Conventionem
2255 2894 2410 2951 inter
2436 2885 2840 2966 Hildegardim
2874 2882 3232 2944 abbatissam
3260 2877 3596 2939 monasterii
3622 2876 3699 2937 de

1717 2991 2198 3052 Niedermunster
2229 2992 2296 3049 in
2330 2988 2655 3064 Ratispona
2694 2990 2756 3046 et
2786 2983 3062 3044 comitem
3106 2978 3428 3039 Henricum
3467 2975 3543 3035 de
3583 2976 3698 3036 Or-

1716 3089 1972 3167 tenburg
2002 3090 2210 3147 initam
2236 3084 2551 3146 confirmat
2566 3125 2583 3156 ,
2614 3097 2791 3158 super
2822 3077 3207 3139 translatione
3249 3072 3559 3151 cujusdam
3584 3072 3701 3131 mi-

1716 3186 2029 3248 nisterialis
2053 3188 2106 3262 ej
2116 3184 2322 3245 usdcm
2349 3181 2715 3242 monasterii.
3344 3242 3348 3246 ,
3582 3176 3691 3228 621

1302 3291 1481 3368 Apud
1645 3316 1720 3328 —
1761 3283 1856 3344 Ad
1883 3284 2229 3343 instantiam
2256 3279 2496 3339 Henricl
2521 3278 2765 3354 majoris
2789 3274 2897 3359 filii
2928 3271 3096 3332 ducis
3120 3267 3556 3344 Lotbaringiae,
3587 3265 3700 3325 ho-

1208 3389 1583 3465 Nurimberg.
1723 3384 1913 3442 mines
1968 3382 2042 3441 de
2082 3397 2241 3440 nova
2278 3381 2517 3439 civitate
2558 3374 2719 3452 apud
2758 3373 2980 3434 Silvam
3020 3365 3443 3448 (Bols-le-Duc)
3485 3381 3524 3425 a
3567 3365 3698 3425 the-

1723 3478 1911 3538 loneis
1937 3493 2090 3553 quae
2115 3478 2178 3535 in
2208 3474 2415 3535 Rbeno
2445 3473 2521 3532 ad
2550 3486 2765 3531 manus
2804 3467 3004 3539 habet,
3028 3468 3093 3524 in
3130 3468 3477 3541 perpetuum
3504 3461 3706 3523 absol-

1722 3576 1836 3633 vit.
3239 3570 3244 3571 ⁷
3586 3568 3701 3620 622

1306 3675 1482 3753 Apud
1647 3702 1724 3716 —
1744 3669 2086 3747 Burgi-avio
2119 3668 2195 3728 de
2232 3666 2459 3728 Werda
2492 3672 2551 3726 et
2597 3663 2827 3740 imperii
2852 3659 3122 3721 fidelibus
3152 3656 3419 3717 notificat
3446 3673 3510 3717 se
3538 3656 3702 3718 Hen-

1202 3773 1592 3851 Nuremberg.
1728 3767 1850 3827 rico
1878 3766 2088 3844 majori
2118 3764 2242 3824 fillo
2270 3762 2439 3823 ducis
2462 3761 2881 3837 Lotharingiae
2907 3758 3219 3832 deputasse
3237 3753 3518 3814 ducentas
3544 3770 3700 3815 mar-

1728 3879 1828 3923 cas
1862 3861 2252 3939 colonienses,
2286 3859 2447 3935 apud
2483 3859 2822 3918 theloneum
2848 3871 3021 3914 suum
3047 3854 3110 3912 in
3136 3851 3363 3912 Werda
3398 3854 3703 3914 annuatim

1724 3959 2145 4037 percipiendas.
3587 3958 3701 4012 623

1204 4055 1593 4117 Wormatiae.
1647 4092 1729 4104 —
1770 4057 1992 4118 Notum
2028 4056 2171 4116 facit
2208 4071 2271 4115 se
2315 4052 2585 4114 Conrado
2623 4051 2696 4112 de
2728 4049 3130 4128 Clingenburg
3170 4053 3232 4109 et
3268 4048 3584 4109 Ludewico
3627 4048 3704 4109 de

1735 4152 1975 4230 Schipfe
1999 4169 2174 4228 super
2204 4151 2491 4228 quasdam
2528 4150 2722 4208 curias
2748 4148 3091 4208 monasterii
3115 4145 3190 4206 de
3213 4143 3527 4206 Brunbach
3564 4149 3702 4207 sim-

1729 4253 1946 4330 plicem
1968 4251 2386 4326 defensionem,
2408 4264 2524 4308 non
2552 4264 2693 4307 vero
2718 4247 3086 4306 advocatiam
3113 4246 3491 4317 commisisse,
3517 4261 3703 4321 quum

1728 4352 1855 4426 ipse
1879 4349 2040 4408 solus
2064 4347 2332 4424 ejusdem
2354 4345 2698 4404 monasterii
2722 4343 3042 4402 advocatus
3067 4357 3194 4402 esse
3219 4340 3381 4402 velit.
3584 4348 3700 4400 624

1310 4443 1487 4520 Apud
1649 4479 1732 4490 —
1770 4446 2110 4506 nonasterii
2147 4446 2212 4503 in
2237 4443 2618 4520 Weingarten
2656 4442 3046 4518 possessiones
3081 4444 3140 4498 et
3174 4440 3313 4515 jura
3338 4439 3538 4498 omnia
3560 4455 3706 4499 con-

1222 4543 1563 4620 Hagenowe
1731 4542 1962 4615 firmat3
1989 4541 2256 4601 decernit
2277 4538 2423 4616 quid
2452 4540 2514 4598 in
2544 4541 2681 4616 jure
2715 4534 3076 4597 censualium
3104 4536 3231 4594 sive
3263 4535 3705 4595 morticinorum

1733 4639 1924 4699 eidem
1959 4639 2238 4699 ecclesiae
2263 4636 2467 4697 cedere
2493 4636 2735 4709 debeat3
2762 4638 2865 4712 jus
2904 4633 3081 4693 simul
3114 4633 3449 4692 monasterii
3484 4631 3559 4692 de
3599 4649 3705 4692 no-

1733 4737 1963 4799 valibus
1989 4740 2052 4797 in
2081 4738 2250 4816 sylva
2276 4736 2596 4798 Alton-tensi
2623 4736 2874 4797 excultis
2896 4733 3131 4805 diffinit,
3155 4739 3271 4794 etc.
3593 4742 3708 4793 625

883 2136 935 2185 1⁰
961 2133 1111 2204 sept.

882 2521 939 2571 1·
964 2517 1116 2591 sept.

870 3299 940 3350 19
985 3299 1136 3368 sept.

872 3685 946 3736 2ο
995 3681 1144 3753 sept.

892 4074 962 4125 19
985 4082 1127 4127 nov-

902 4320 1123 4395 1254

901 4457 975 4508 25
999 4453 1129 4527 jan.
