4842 5802
898 641 1085 701 hatur.
1116 638 1209 716 5.]
1793 634 2187 696 HISTORIA
2238 634 2825 700 DIP'LOMATICA.
3594 641 3713 700 577

898 775 1053 846 mile
1104 772 1265 868 quis
1324 771 1505 844 alins
1558 770 1630 840 in
1682 771 2025 865 sepefatos
2081 770 2471 866 capellanos
2525 783 2793 846 nostros
2845 781 2916 845 et
2967 775 3225 847 clerum
3280 756 3535 847 andeat
3589 782 3711 847 at-

899 907 1026 970 tem
1076 906 1245 969 tare.

986 919 1234 1092 Blatnm
1267 1016 1459 1113 apud
1490 1015 2012 1107 Franchenfnrt,
2055 1037 2241 1089 anno
2276 1016 2625 1090 dominice
2657 1019 3148 1091 incarnationis
3184 1018 3545 1093 millesimo
3580 1018 3712 1093 du-

897 1143 1260 1215 centesimo
1290 1139 1635 1213 tricesimo
1662 1138 2004 1231 secundo,
2042 1138 2355 1213 kalendis
2389 1142 2697 1233 angusti,
2739 1137 3116 1215 indictione
3152 1142 3236 1215 V.

1007 1726 1373 1811 Henricus
1386 1789 1410 1835 ,
1471 1726 1989 1810 Romanorum
2053 1751 2188 1809 rex
2202 1788 2226 1834 ,
2285 1725 2688 1810 confirmat
2747 1727 3234 1810 donationem
3289 1728 3389 1811 ab
3446 1728 3724 1813 Ottone

3908 1746 4136 1851 cffim,

3791 1802 3908 1847 Fun

914 1859 1244 1969 Aquensi
1296 1869 1372 1942 et
1423 1859 1882 1969 Trajectensi
1936 1860 2363 1969 praeposito
2415 1859 2798 1942 canonicis
2861 1861 3348 1970 Aquensibus
3391 1862 3721 1970 factam3
3823 1858 3869 1900 ¹·
3891 1854 4088 1908 mu·

914 1992 1190 2075 scilicet
1257 2004 1345 2076 ut
1411 2018 1554 2101 pro
1623 1992 2159 2100 hospitalitatis
2237 1993 2741 2075 incommodis
2807 1994 2885 2074 in
2956 1995 3727 2103 recompensationem

919 2124 1250 2235 quinque
1293 2126 1391 2207 de
1425 2136 1731 2207 centum
1772 2126 2049 2208 marcis
2085 2125 2183 2207 de
2217 2125 2730 2208 oblationibus
2766 2126 3208 2234 percipiant.

1067 2337 1411 2415 (Memorat.
1463 2353 1556 2413 ap.
1589 2335 1974 2410 Laconem,
2013 2333 2376 2398 Urkundenb.
2392 2334 2514 2415 fur
2537 2334 2630 2396 die
2677 2334 2871 2397 Gescla.
2903 2335 2999 2396 des
3023 2334 3328 2399 Niederrh.
3340 2382 3362 2414 ,
3392 2354 3507 2398 zw-
3541 2339 3730 2412 Band,

1147 2460 1211 2520 p.
1256 2451 1358 2519 91,
1392 2448 1519 2503 not.
1563 2450 1634 2514 23
1679 2445 1785 2520 qul
1831 2441 2073 2520 quidem
2108 2442 2527 2504 tantummodo
2565 2443 2942 2503 donationem
2985 2443 3220 2504 ottonis
3260 2443 3374 2504 snb
3411 2452 3477 2502 n⁰
3519 2452 3629 2504 177
3672 2446 3736 2504 ln

1028 2538 1029 2541 '
1149 2551 1452 2626 integrum
1505 2547 1768 2609 exhibet.
1813 2548 2114 2627 originale
2169 2565 2313 2609 vero
2355 2547 2818 2610 confirmationis
2869 2551 3064 2628 teglae
3110 2551 3175 2610 in
3217 2549 3454 2610 archivo
3496 2548 3735 2610 Dirssel-

1147 2654 1406 2716 dorfensl
1436 2653 1820 2733 asservatur.)

1018 2837 1259 2912 Datum
1325 2838 1515 2935 apud
1581 2838 2109 2931 Franchenfnrt,
2172 2860 2357 2912 anno
2418 2839 2761 2913 dominice
2822 2839 3310 2913 incarnationis
3375 2840 3737 2916 millesimo

928 2958 1384 3034 ducentesimo
1434 2961 1777 3035 tricesimo
1825 2961 2172 3053 secund0,
2220 2961 2535 3036 kalendis
2581 2963 2855 3056 augusti
2879 3017 2899 3053 ,
2947 2962 3320 3036 indictione
3369 2964 3634 3057 quinta.

938 3599 944 3608 -
1035 3549 1439 3658 HenricuS‚
1497 3550 2020 3634 Romanorum
2070 3574 2202 3632 rex
2217 3610 2243 3657 ⁷
2301 3547 2713 3657 capellanis
2778 3552 2936 3630 suis
2989 3548 3371 3630 canonicis
3424 3548 3748 3656 Aquen-

3808 3581 4157 3685 ωὲῖἓὲω,

938 3679 1147 3764 sibus
1210 3682 1497 3767 confert
1548 3683 1935 3794 jurnalem
2000 3708 2243 3767 unum
2309 3693 2551 3764 terrae
2614 3705 2798 3763 suae
2861 3680 3062 3763 circa
3123 3705 3389 3763 eorum
3451 3680 3746 3763 curiam
3850 3691 3879 3731 ²
3908 3690 4102 3744 ”⁸⁰⁸⁶-

935 3815 1133 3922 apud
1181 3813 1466 3898 Diiren.

1086 4042 1299 4117 (Edld.
1339 4042 1731 4117 hconm,
1775 4038 2147 4105 Urhandenb.
2165 4039 2286 4122 fiir
2310 4039 2403 4101 die
2440 4036 2637 4103 Gaea.
2667 4036 2765 4100 des
2788 4033 3124 4112 Nicaea-kt,
3156 4054 3273 4099 tw,
3310 4038 3511 4114 Band,
3548 4056 3609 4116 p.
3643 4047 3746 4115 98,

1163 4150 1232 4207 n·
1266 4145 1435 4228 183.)

1029 4342 1113 4413 H.
1140 4395 1161 4434 ‚
1200 4344 1324 4416 Dei
1361 4344 1582 4438 gratia
1612 4345 2073 4417 Romanorum
2109 4365 2235 4415 rex
2272 4352 2343 4415 et
2373 4364 2641 4439 semper
2679 4353 3052 4437 angustus,
3091 4343 3435 4416 universis
3474 4343 3744 4439 imperii

943 4460 1256 4538 fidelibus
1309 4468 1568 4560 quibus
1626 4489 1906 4562 presens
1965 4468 2189 4540 littera
2253 4466 2459 4538 fuerit
2502 4475 2774 4539 ostensa
2825 4467 3115 4561 gratiam
3172 4489 3369 4539 suam
3419 4478 3490 4540 et
3543 4489 3748 4541 omne

943 4585 1220 4660 bonum.
1276 4591 1539 4663 Tenore
1585 4592 2006 4686 presentium
2064 4590 2155 4663 ad
2213 4589 2524 4662 notitiam
2581 4590 3064 4664 universorum
3120 4591 3438 4687 cupimus
3486 4616 3748 4689 perve-

948 4707 1089 4782 nire
1132 4710 1325 4804 qnod
1379 4734 1506 4785 nos
1560 4714 1830 4789 dilectis
1879 4713 2252 4810 capellanis
2297 4712 2548 4785 nostris
2604 4714 2951 4786 canonicis
2995 4713 3435 4809 Aquensibns
3483 4717 3576 4791 de
3625 4719 3748 4790 in-

1134 4835 1240 4897 lV.
1286 4850 1401 4894 Pm
1426 4853 1469 4895 2.
3355 4847 3429 4898 73
