4842 5802
847 646 1047 715 imm.
1077 653 1165 731 9.]
1743 648 2138 710 msroma
2186 638 2767 714 mrnoua‘rlca
3547 638 3668 711 865

942 788 1087 879 Fr.,
1130 786 1251 859 Dei
1296 784 1525 878 gracia
1555 785 2018 856 Romanorum
2060 781 2431 878 imperator
2463 804 2732 878 semper
2770 795 3140 878 augustus,
3184 784 3558 856 Jerusalem
3594 792 3665 856 et

848 910 1076 983 Sicilie
1116 931 1279 1000 rex,
1339 907 1683 980 universis
1724 915 2074 1002 presentes
2112 906 2370 978 litteras
2411 908 2855 1001 inspecturis,
2908 907 3232 981 fidelibus
3272 907 3450 998 suis,
3504 916 3662 999 gra‘-

849 1034 1011 1106 tiam
1053 1055 1251 1108 suam
1298 1040 1368 1105 et
1407 1051 1612 1103 omne
1653 1029 1941 1102 bonum.
1990 1030 2423 1124 supplicavit
2470 1030 2860 1103 celsitudini
2905 1042 3133 1104 nostre
3170 1030 3526 1126 Philippus
3572 1029 3662 1102 de

847 1159 1264 1247 Hohenvels‚
1314 1155 1606 1229 dilectus
1632 1151 1857 1227 fidelis
1895 1162 2149 1243 noster,
2186 1161 2263 1224 ut
2299 1174 2426 1226 nos
2465 1154 2672 1227 feuda
2718 1157 2984 1247 omnia,
3026 1176 3164 1249 que
3197 1155 3347 1250 ipse
3384 1176 3427 1227 a
3462 1153 3662 1226 nobis

848 1288 917 1352 et
961 1279 1252 1375 imperio
1294 1288 1530 1351 tenere
1581 1276 1984 1364 dinoscitur,
2048 1273 2188 1349 filio
2235 1298 2364 1348 suo
2410 1276 2536 1349 Ph.
2594 1288 2664 1350 et
2715 1277 2853 1351 filie
2903 1299 3029 1350 sue
3088 1277 3473 1367 Elisabeth,
3522 1297 3659 1349 non

848 1414 1076 1477 tamen
1114 1404 1184 1475 in
1215 1401 1676 1499 preJudicium
1708 1399 2030 1492 filiorum,
2063 1400 2123 1472 si
2159 1422 2341 1496 quos
2375 1403 2447 1473 in
2478 1412 2825 1499 posterum
2859 1404 3088 1498 ipsum
3122 1423 3450 1497 generare
3488 1423 3664 1474 con-

851 1529 1142 1621 tingeret
1171 1527 1543 1621 legitimos,
1592 1524 1972 1599 concedere
2016 1525 2486 1619 dignaremur,
2527 1537 2597 1599 et
2628 1528 2687 1598 si
2724 1527 2951 1622 ipsum
2996 1528 3146 1598 sine
3190 1527 3382 1621 prole
3428 1525 3660 1618 aliqua

849 1653 1146 1748 premori
1185 1653 1649 1745 contingeret,
1684 1650 1776 1722 ad
1816 1649 2105 1723 heredes
2138 1649 2482 1741 legitimos
2526 1650 2755 1724 redire
2795 1650 3125 1724 deberent
3178 1649 3382 1722 feuda
3422 1670 3663 1742 supra-

852 1774 1061 1847 dicta.
1113 1776 1253 1848 Nos
1294 1797 1461 1848 vero
1505 1775 1651 1846 suis
1699 1773 2021 1868 precibus
2068 1773 2407 1863 inclinati,
2464 1772 2553 1845 de
2604 1774 2836 1845 innata
2881 1773 3085 1845 nobis
3133 1772 3663 1844 mansuetudine

853 1896 996 1971 filio
1022 1918 1152 1969 suo
1178 1897 1445 1992 prefato
1473 1896 1936 1968 concessimus
1967 1903 2036 1967 et
2073 1893 2212 1967 filie
2239 1915 2364 1967 sue
2394 1894 2808 1990 possidenda
2841 1896 3144 1989 legitime
3188 1904 3343 1990 post
3378 1902 3660 1968 mortem

853 2020 1072 2114 ipsius
1110 2020 1320 2093 feuda
1354 2029 1756 2110 memorata,
1790 2027 1860 2091 et
1895 2019 1954 2090 si
1998 2017 2297 2090 eundem
2345 2019 2498 2090 sine
2539 2020 2728 2113 prole
2763 2019 3063 2112 legitima
3102 2018 3398 2114 premori
3446 2019 3663 2089 conti-

854 2145 1067 2234 gerit,
1110 2145 1451 2237 legitimos
1498 2142 1785 2215 redeant
1819 2141 1911 2215 ad
1956 2141 2269 2215 heredes.
2313 2142 2424 2214 Ad
2471 2143 2682 2234 hujus
2731 2143 2963 2235 itaque
3013 2142 3471 2215 concessionis
3509 2163 3664 2213 me-

855 2262 1168 2355 moriam,
1223 2287 1503 2360 proeens
1546 2265 1876 2360 scriptum
1919 2264 2051 2336 sibi
2084 2263 2232 2336 fieri
2251 2266 2584 2357 jussimus
2612 2265 2834 2360 sigillo
2867 2275 3097 2338 nostro
3143 2266 3512 2337 munitum.

950 2390 1199 2460 Datum
1244 2398 1412 2484 aput
1453 2389 1911 2484 Herbipolim,
1951 2410 2135 2460 anno
2186 2387 2530 2461 dominice
2582 2389 3069 2461 incarnationis
3120 2389 3483 2461 millesimo
3532 2389 3661 2461 du-

856 2511 1222 2585 centesimo
1251 2511 1607 2585 trecesimo
1641 2520 1864 2601 sexto,
1906 2532 2142 2584 mense
2170 2511 2416 2600 madii,
2451 2533 2634 2584 none
2667 2512 3086 2585 indictionis.

872 3117 873 3120 ‘
962 3092 1416 3200 FridericuS,
1473 3096 1994 3181 Romanorum
2045 3099 2486 3207 imperator,
2526 3098 3042 3206 praepositum
3096 3107 3171 3180 et
3213 3107 3668 3181 conventum
3747 3117 4049 3224 numm,

856 3229 1292 3311 monasterii
1328 3229 1408 3309 in
1451 3228 1763 3313 Selbold
1798 3256 1974 3313 cum
2011 3232 2370 3315 omnibus
2405 3256 2671 3314 eorum
2718 3230 2940 3313 bonis
2956 3290 2980 3336 ,
3030 3257 3359 3339 quorum
3414 3257 3668 3340 quae-
3835 3225 3969 3269 ‘³⁸¹⁰‘

858 3359 1039 3440 dam
1076 3370 1650 3466 enumerantur,
1691 3362 1835 3445 sub
1874 3389 2014 3445 sua
2049 3373 2123 3445 et
2155 3363 2447 3473 imperii
2485 3362 2944 3471 protectione
2973 3362 3258 3471 recipit.

1019 3571 1209 3649 (Edit.
1251 3589 1349 3649 ap.
1389 3574 1635 3635 Wmcx
1648 3615 1668 3646 ,
1715 3573 2002 3636 Hessiscloe
2043 3574 2448 3657 Landesqesclae.
2469 3620 2489 3656 ,
2533 3585 2594 3637 2·
2629 3592 2798 3653 pars,
2840 3575 3328 3639 Urknndenbucb
3342 3618 3362 3649 ,
3412 3592 3473 3653 p.
3519 3584 3628 3637 153
3645 3619 3664 3650 ‚

1093 3686 1160 3737 n⁰
1183 3676 1478 3757 CXVIII.)

954 3859 1374 3952 Fridericus,
1410 3862 1542 3955 ‘Dei
1586 3864 1804 3956 gratia
1845 3866 2305 3938 Romanorum
2356 3867 2720 3961 imperator
2763 3888 3030 3961 semper
3081 3877 3454 3961 augustus,
3511 3870 3668 3941 Hie-

766 4055 770 4058 .
858 3983 1155 4055 rusalem
1201 3995 1270 4057 et
1321 3985 1548 4058 Sicilie
1584 4007 1711 4059 rex
1719 4042 2141 4060 ......
2196 3991 2486 4063 salutem
2535 4000 2605 4062 et
2637 4012 2842 4063 omne
2887 3991 3172 4063 bonum.
3217 3992 3342 4064 Per
3387 4015 3665 4086 presens

858 4108 1187 4202 scriptum
1237 4118 1474 4181 notum
1524 4131 1675 4182 esse
1727 4113 2049 4184 volumus
2106 4113 2448 4186 universis
2491 4113 2756 4211 imperii
2808 4113 3133 4186 fidelibus
3180 4124 3317 4186 tam
3375 4138 3661 4209 presen-

859 4231 1044 4304 tibus
1088 4254 1297 4326 quam
1332 4235 1580 4306 futuris
1612 4234 1806 4329 quod
1860 4258 2020 4324 nos,
2067 4236 2307 4309 divine
2337 4237 2606 4333 pietatis
2653 4237 2907 4308 intuitu
2961 4258 3101 4332 quo
3150 4259 3472 4333 personas
3520 4241 3664 4311 Deo

861 4354 1122 4428 dicatas
1154 4357 1585 4452 respicimus,
1624 4359 2084 4432 venerabilem
2117 4361 2537 4455 prepositum
2570 4369 2641 4434 et
2687 4370 3102 4433 conventum
3148 4361 3537 4432 monasterii
3589 4362 3662 4432 in

858 4478 1159 4568 Selbold,
1205 4482 1691 4553 monasterium
1722 4481 1984 4576 ipsum,
2030 4482 2264 4556 villam
2291 4484 2493 4574 juxta
2519 4484 2721 4555 sitam
2768 4482 3010 4556 eodem
3056 4482 3333 4555 nomine
3364 4491 3434 4555 et
3460 4483 3553 4556 ad
3582 4506 3667 4558 ea

860 4601 1293 4693 pertinentia,
1343 4604 1604 4676 scilicet
1641 4605 2197 4698 Hattengesesse‚
2244 4606 2666 4697 WitteramS,
2706 4604 3138 4696 Gunsrodes,
3194 4605 3662 4696 Lobberbach,

861 4721 1085 4793 Mietla
1108 4776 1125 4807 ‚
1184 4723 1529 4817 Miroldis‚
1571 4729 1871 4819 Heilers‚
1927 4728 2343 4802 Geilnhusen
2350 4781 2778 4802 ......
2833 4738 2904 4802 et
2956 4740 3220 4824 partem
3273 4729 3362 4802 de
3403 4730 3667 4803 Wech-

1016 4844 1123 4905 1v.
1165 4860 1278 4905 rm
1299 4862 1342 4905 a.
3241 4862 3352 4917 109
