4842 5802
1220 597 1343 660 992
2140 603 2396 664 INDEX
2451 601 3144 664 DOGUMENTORUM.

2070 930 2216 1002 tino,
2244 931 2572 993 marchioni
2597 930 2871 1003 Badensi,
2894 930 3143 991 Gerlaco
3166 930 3240 990 de
3265 930 3574 1008 Budingen
3600 935 3663 989 et
3685 926 3948 1005 dapifero
3974 929 4051 991 de

2069 1024 2398 1106 Walpnrg,
2424 1042 2574 1105 quos
2601 1028 2664 1086 in
2690 1028 2959 1102 proximo
2984 1025 3064 1086 ad
3087 1041 3189 1086 eos
3222 1027 3450 1098 mittet,
3481 1024 3726 1085 credam
3755 1030 3820 1083 et
3851 1023 4048 1084 inten-

2068 1121 2233 1183 dant.
3928 1127 4045 1180 854

1588 1214 1659 1274 In
1689 1218 1895 1276 castris
1987 1246 2068 1259 —
2107 1217 2225 1277 Pro
2269 1219 2454 1295 gratis
2492 1225 2555 1279 et
2600 1221 2910 1295 praeclaris
2950 1217 3248 1295 obsequiis
3283 1216 3536 1277 Conradi
3577 1215 3806 1276 abbatis
3845 1216 4046 1277 Sancti

1521 1326 1617 1387 ap.
1643 1311 1955 1391 Thungen.
2068 1310 2245 1387 Galli,
2270 1316 2496 1375 curiam
2523 1332 2693 1376 suam
2712 1315 2871 1392 apud
2896 1315 3201 1376 Griessern
3227 1330 3364 1374 cum
3385 1312 3663 1374 omnibus
3690 1312 4044 1390 appenditiis

2066 1408 2258 1470 eidem
2283 1410 2533 1472 confert.
3924 1417 4040 1469 582

1651 1504 1829 1583 Apud
1986 1538 2065 1588 „—
2104 1506 2192 1567 De
2216 1509 2499 1569 mandato
2524 1511 2892 1586 imperatoris
2916 1510 3101 1585 patris
3136 1509 3228 1568 sui
3241 1551 3258 1580 ‚
3296 1507 3741 1583 promissionem
3771 1505 4042 1566 abbatiae

1533 1602 1923 1681 Wimpinam.
2063 1604 2138 1664 de
2164 1604 2489 1665 odenheim
2516 1605 2736 1666 factam
2761 1613 3008 1665 renovat
3031 1620 3204 1680 super
3228 1604 3539 1664 advocatia
3564 1601 3830 1678 ejusdem
3855 1602 4040 1662 eccle-

2062 1701 2184 1760 siae
2211 1706 2271 1760 et
2296 1704 2593 1761 curiarum
2623 1705 2753 1779 ejus
2778 1700 2945 1762 nullo
2969 1701 3144 1761 titulo
3170 1698 3246 1760 ab
3272 1702 3512 1775 imperio
3528 1698 3859 1758 alienanda.
3917 1705 4033 1759 588

1238 1803 1311 1855 14
1333 1802 1481 1871 sept.
1512 1795 1626 1872 Ap.
1645 1795 1947 1861 Swinrort.
1980 1826 2059 1840 —
2101 1796 2313 1857 Ratam
2350 1796 2526 1857 babet
2564 1797 2938 1858 donationem
2981 1797 3121 1857 boni
3164 1795 3473 1873 cujusdam
3514 1793 3673 1870 apud
3713 1793 4036 1854 Eschinber

2058 1907 2134 1952 ex
2159 1900 2324 1969 parte
2354 1893 2658 1954 Ludewici
2684 1894 2760 1954 de
2786 1892 3221 1972 Wangcnheim
3248 1892 3599 1951 monasterio
3623 1888 3812 1950 Vallis
3836 1889 4034 1950 Sancti

2056 1988 2326 2068 Gregorii
2353 1990 2594 2051 factam.
3916 1995 4034 2047 584

1643 2090 1820 2167 Apud
1977 2118 2054 2129 —
2096 2087 2207 2146 Per
2234 2102 2447 2147 manus
2478 2089 2709 2147 comitis
2734 2086 3087 2147 Hartmanni
3113 2086 3189 2146 de
3211 2084 3527 2161 Dillingen,
3557 2081 3896 2144 Godeboldo
3921 2084 4030 2144 ab·

1529 2186 1922 2263 Wimpinam.
2053 2184 2179 2245 bati
2232 2194 2293 2247 et
2341 2189 2659 2247 conventui
2707 2187 2782 2247 de
2833 2185 3169 2247 Neresheim
3221 2184 3448 2246 confert
3514 2184 3820 2260 praedium
3870 2184 4031 2260 apud

2051 2281 2281 2359 Zurtin‚
2308 2283 2471 2359 quod
2508 2284 2900 2344 ministerialis
2937 2298 3082 2344 suus
3116 2281 3351 2342 Uli-icus
3377 2280 3453 2340 de
3478 2280 3937 2356 Truchtelingen
3963 2281 4029 2340 in

2050 2396 2263 2441 manus
2289 2397 2427 2441 snas
2453 2381 2826 2443 contradidit.
3737 2387 3877 2452 584,
3910 2388 4025 2440 585

1218 2480 1293 2532 80
1322 2477 1473 2549 sept.
1522 2474 1635 2554 Ap.
1657 2476 1913 2554 Spiram.
1970 2507 2050 2520 —
2085 2478 2122 2536 J
2125 2477 2342 2537 obanni
2369 2478 2445 2538 de
2469 2478 2904 2555 Scharpfeneck
2931 2481 3178 2555 ejusque
3203 2476 3555 2537 haeredibus
3593 2482 3699 2537 aut
3725 2492 4028 2537 successo-

2048 2573 2215 2635 ribus
2254 2574 2674 2651 praefecturam
2719 2582 2779 2635 et
2821 2576 3231 2653 wildpannum
3263 2575 3447 2634 totius
3489 2574 3792 2634 districtus
3837 2575 4026 2634 Hain-

2047 2673 2281 2749 gereide
2309 2675 2504 2732 vocati
2530 2675 2685 2733 circa
2710 2679 2969 2734 castrum
2996 2687 3200 2733 eorum
3226 2669 3678 2747 Scharpteneck,
3702 2672 3865 2747 justo
3889 2668 4023 2730 fen-

2046 2767 2168 2828 dali
2192 2769 2368 2829 titulo
2393 2769 2685 2830 concedit.
3905 2775 4019 2829 588

1631 2862 1810 2941 Apud
1966 2895 2047 2911 —
2084 2866 2297 2928 Ratam
2341 2865 2522 2927 habet
2559 2867 2916 2943 emptionem
2954 2864 3131 2925 villae
3164 2863 3630 2926 Winmotsheim
3666 2861 4024 2939 (Wimbsen)

1520 2959 1911 3038 Wimpinam.
2043 2979 2224 3040 quam
2251 2963 2570 3023 Gozwinus
2603 2963 2786 3023 abbas
2820 2968 2880 3022 et
2917 2968 3242 3023 conventus
3281 2961 3358 3021 de
3393 2960 3748 3022 Maulbronn
3779 2975 3815 3019 a
3841 2959 4019 3020 Gote-

2043 3061 2196 3121 frido
2250 3064 2461 3120 comite
2515 3061 2587 3121 de
2641 3061 2973 3137 vaihingen
3033 3065 3525 3136 comparaverunt
3541 3101 3558 3130 ,
3614 3059 4019 3135 promittitque

2041 3158 2203 3235 quod
2229 3158 2601 3218 advocatiam
2640 3159 2814 3218 villae
2854 3157 3118 3235 ejusdem
3151 3172 3461 3235 nunquam
3487 3155 3565 3216 ab
3590 3157 3837 3234 imperio
3872 3156 4018 3216 alie-

1222 2092 1297 2144 25
1326 2091 1474 2163 sept.

1236 2868 1269 2920 2
1308 2866 1426 2922 oct.

2042 3255 2234 3315 nabit.
3897 3261 4010 3314 587

1220 3358 1292 3410 19
1321 3354 1439 3411 oct.
1626 3345 1806 3423 Apud
1961 3382 2040 3394 —
2078 3350 2438 3410 monasterio
2463 3348 2818 3413 Caesariensi
2857 3347 3306 3430 (Kaisersheim)
3341 3350 3721 3411 donationem
3747 3350 4016 3410 ministe-

1517 3442 1901 3525 Nuremberg.
2038 3448 2202 3507 rialis
2228 3449 2322 3507 sni
2347 3447 2603 3507 Heinrici
2632 3447 2707 3506 de
2733 3447 3033 3507 Kallindin
3055 3454 3117 3508 et
3136 3449 3339 3508 uxoris
3364 3450 3494 3524 eJus
3519 3447 3594 3507 de
3623 3453 3877 3524 quatuor
3903 3462 4011 3507 no-

2035 3545 2275 3604 minatis
2300 3544 2554 3620 praediis
2579 3544 2720 3603 illuc
2745 3543 2962 3604 factam
2988 3542 3318 3605 confirmat.
3894 3551 4009 3604 588

1210 3645 1286 3700 26
1313 3645 1430 3702 oct.
1619 3637 1798 3714 Apud
1954 3670 2035 3683 —
2073 3639 2292 3699 Abbati
2318 3646 2378 3699 et
2404 3641 2721 3699 conventui
2748 3638 2824 3699 de
2840 3638 3251 3717 Creutziingen
3274 3638 3434 3717 apud
3453 3638 3853 3699 Constantiam
3871 3654 4010 3714 pro-

1520 3732 1887 3814 Ezzelingen.
2033 3738 2219 3796 mittit
2243 3735 2404 3812 quod
2432 3752 2736 3812 nunqnam
2766 3737 2940 3797 villas
2964 3752 3169 3796 eorum
3194 3737 3444 3797 Hirslatt
3481 3742 3544 3795 et
3567 3736 3924 3813 Horgunzell
3949 3740 4011 3796 et

2032 3833 2150 3893 alia
2174 3833 2332 3894 bona
2363 3833 2624 3911 ejusdem
2669 3834 2948 3895 ecclesiae
2986 3834 3264 3895 alienabit
3299 3833 3394 3895 vel
3434 3833 3804 3894 advocatiam
3838 3848 3877 3892 a
3900 3847 4008 3893 sno

2032 3929 2293 3990 dominio
2319 3929 2732 4006 sequestrabit.
3889 3936 4005 3989 588

1206 4033 1282 4085 29
1309 4029 1426 4086 oet.
1610 4020 1788 4099 Apud
1953 4058 2032 4072 —
2069 4027 2167 4088 Ad
2209 4026 2697 4103 supplicationem
2745 4026 2977 4087 abbatis
3028 4027 3104 4088 de
3147 4026 3571 4088 Bebenhausen
3591 4069 3611 4104 ,
3656 4024 3814 4086 bona
3854 4040 4008 4102 qnae

1531 4119 1859 4198 Rssiingen.
2026 4121 2185 4182 idem
2212 4124 2633 4184 monasterium
2661 4125 2726 4182 in
2751 4123 3063 4201 Esslingen
3090 4126 3251 4201 juste
3286 4122 3547 4201 poaeidet
3574 4121 3652 4182 ab
3677 4124 3841 4182 omni
3866 4121 4007 4182 dato

2029 4225 2090 4280 et
2113 4222 2423 4281 exactione
2445 4222 2675 4281 eximit.
3888 4226 4004 4279 590

1197 4326 1222 4376 1
1235 4327 1268 4379 8
1287 4334 1427 4378 nov.
1614 4312 1792 4391 Apud
1948 4349 2027 4361 --
2066 4316 2391 4378 Confirmat
2430 4317 2805 4379 donationem
2839 4319 3041 4379 domui
3076 4317 3383 4395 hospitalis
3414 4317 3616 4379 Sancti
3649 4316 3903 4393 Spiritus
3940 4317 4007 4375 in

1518 4409 1881 4491 Hagenoam.
2023 4412 2437 4489 Stephansfeld
2469 4430 2506 4474 a
2529 4416 2742 4475 comite
2762 4413 3065 4492 sigeberto
3098 4414 3173 4475 de
3199 4414 3425 4475 Werda
3450 4420 3510 4474 et
3534 4412 3610 4472 ab
3653 4413 3912 4472 Henrico
3940 4419 4002 4473 et

2024 4509 2384 4571 Theoderico
2432 4511 2746 4572 comitibus
2786 4513 2914 4587 ejus
2957 4510 3095 4572 filiis
3139 4510 3358 4572 {actam
3375 4553 3395 4584 ,
3425 4509 3501 4570 de
3543 4515 3709 4586 parte
3746 4509 4004 4569 nemoris

2022 4606 2180 4682 apud
2215 4606 2463 4667 Brumat
2501 4614 2561 4669 et
2603 4609 2678 4669 de
2716 4608 2972 4685 quodam
3014 4607 3355 4669 molendino
3391 4622 3528 4667 cum
3568 4620 3857 4683 aquarum
3895 4603 4003 4663 de·

2017 4702 2309 4765 cursibus.
3880 4708 3990 4762 591
