4842 5802
1192 559 1314 620 626
2234 561 2576 623 usmmci
2626 559 2963 621 ssrrmi
3636 558 3795 641 [Anu.
3834 561 4006 623 1234.

1431 726 1523 781 oet
1564 723 1680 781 nisi
1720 724 2027 782 renovatio
2070 724 2249 782 unius
2289 721 2583 797 privilegii
2624 719 2906 779 Friderici
2931 720 3107 796 -regls
3153 718 3229 778 de
3275 734 3433 779 anno
3471 727 3625 779 1215
3668 717 3828 796 (vid.
3865 726 3914 781 t.
3956 720 4009 795 1,

1432 842 1491 902 p.
1530 830 1680 901 386)
1711 832 1770 886 et
1800 827 2041 889 alterius
2069 829 2254 903 ipsius
2278 827 2518 887 Henrici
2543 825 2619 885 de
2643 840 2801 887 anno
2832 832 2985 885 1226
3018 822 3172 901 (vid.
3204 829 3253 885 t.
3285 824 3371 897 11,
3399 841 3462 901 p.
3495 829 3666 909 372),
3694 825 3768 884 de
3795 826 4014 902 quibus

1432 932 1598 993 nulla
1635 933 1896 1010 legitima
1933 934 2188 1009 suspicio
2226 934 2367 992 oriri
2409 936 2628 1008 potest.
2657 930 2820 1003 Quae
2845 946 2988 991 vero
3031 929 3250 990 ibidem
3291 929 3613 1003 adduntur,
3641 946 3834 1008 neque
3859 932 4011 991 soli-

1431 1043 1555 1097 tam
1593 1038 1942 1098 redactionis
1968 1038 2221 1098 formam
2246 1053 2443 1114 neque
2460 1038 2614 1114 juris
2640 1038 2784 1114 regii
2810 1034 2958 1096 fines
2986 1035 3299 1097 excedunt.
3332 1034 3488 1096 Justi
3513 1042 3811 1112 praeterea
3835 1042 4013 1097 testes

1435 1141 1811 1219 adhibentur,
1843 1160 1993 1220 quos
2018 1144 2354 1216 falsarium,
2385 1144 2437 1204 si
2475 1142 2742 1203 fraudem
2785 1142 3121 1217 admtseris,
3153 1143 3321 1220 quasi
3364 1142 3650 1202 divinitus
3701 1142 4013 1220 indigitare

1434 1252 1809 1324 oportuisset.
1839 1248 2046 1324 Unde,
2078 1249 2215 1308 licet
2240 1251 2303 1308 in
2332 1252 2488 1309 notis
2523 1247 2945 1326 chronologicis
2972 1247 3254 1329 quiddam
3287 1245 3451 1308 dubii
3486 1250 3772 1327 supersit,
3813 1251 4013 1325 privi-

1431 1351 1650 1430 legium
1676 1356 1829 1414 inter
1857 1355 2055 1429 spuria
2083 1355 2487 1431 reponendum
2513 1371 2637 1416 esse
2660 1371 2783 1415 non
2815 1351 3168 1430 censemus.)

1289 1565 1687 1655 Heinricus,
1730 1567 1873 1639 divi
1911 1569 2187 1660 augusti
2221 1567 2648 1663 imperatoris
2688 1565 2906 1652 filius,
2949 1567 3075 1638 Dei
3110 1567 3332 1661 gratia
3380 1568 3842 1639 Romanorum
3885 1586 4013 1637 rex

1194 1696 1265 1757 et
1313 1709 1584 1781 semper
1631 1700 1992 1782 augustus.
2051 1692 2236 1763 Licet
2286 1691 2379 1764 ad
2432 1710 2669 1763 omnes
2716 1689 3036 1763 ecclesias
3078 1690 3461 1762 serenitatis
3510 1698 3740 1761 nostre
3793 1688 4014 1761 aciem

1193 1810 1571 1885 extendere
1610 1821 1988 1902 teneamur,
2038 1836 2273 1887 earum
2322 1823 2553 1886 tamen
2606 1813 2763 1909 paci
2811 1822 2881 1884 et
2930 1813 3407 1907 tranquillitati
3445 1812 3854 1907 propensius
3888 1810 4011 1883 de·

1194 1932 1441 2004 bemus
1512 1935 1867 2007 intendere
1925 1937 1994 2007 in
2052 1937 2310 2029 quihus
2372 1936 2811 2008 laudabiliter
2864 1946 3097 2008 sancte
3158 1936 3566 2009 observatur
3617 1934 3789 2008 ordo
3842 1935 4015 2008 reli-

1195 2056 1457 2149 gionis,
1500 2059 1841 2152 nobisque
1873 2069 1944 2130 et
1979 2060 2268 2155 imperio
2315 2060 2519 2131 unica
2565 2068 2633 2132 et
2685 2060 2966 2155 speciali
3015 2059 3330 2132 inherere
3371 2066 3734 2130 censentur
3781 2057 4013 2129 dilec-

1195 2179 1402 2251 tione.
1469 2180 1619 2265 Qua
1684 2192 1962 2277 propter
2006 2183 2096 2256 ad
2157 2183 2636 2256 universorum
2707 2183 2974 2278 imperii
3032 2181 3346 2255 fidelium
3416 2182 3752 2276 presentis
3813 2182 4013 2252 etatis

1193 2312 1263 2375 et
1329 2325 1727 2377 successore
1810 2308 2218 2400 posteritatis
2274 2307 2599 2381 noticiam
2667 2306 3002 2379 duximus
3080 2304 3560 2400 perferendum
3623 2302 3814 2396 quod
3885 2325 4014 2376 nos

1191 2428 1679 2499 monasterium
1768 2429 1837 2499 in
1918 2430 2358 2523 Winegarten
2425 2431 2516 2501 ab
2588 2429 3134 2502 antecessoribus
3193 2429 3442 2502 nostris
3516 2427 3702 2501 divis
3770 2426 4015 2498 Roma-

1194 2571 1442 2622 norum
1502 2553 2072 2646 imperatoribus,
2135 2555 2417 2646 regibus
2484 2564 2552 2626 et
2620 2555 3049 2649 principibus
3122 2563 3588 2625 constructum
3614 2605 3636 2642 ,
3695 2551 3886 2646 quod
3948 2560 4018 2623 et

1195 2673 1395 2745 nohis
1443 2673 1827 2768 specialiter
1872 2675 2254 2746 dinoscitur
2303 2676 2686 2770 pertinere,
2738 2676 2976 2748 divine
3017 2676 3591 2747 remunerationis
3643 2675 3899 2747 intuitu
3949 2683 4019 2744 et

1193 2816 1644 2890 personarum
1718 2795 1977 2868 ibidem
2037 2799 2329 2868 Domino
2387 2796 2907 2887 famulantium,
2985 2798 3118 2869 sub
3176 2798 3581 2869 omnimoda
3633 2798 4016 2869 serenitatis

1195 2928 1425 2990 nostre
1479 2919 1900 3012 suscipimus
1937 2919 2236 2993 tuicione
2278 2943 2435 2994 cum
2474 2922 2798 2994 omnibus
2836 2921 3258 3015 pertinentiis
3299 2920 3470 2991 suis.
3521 2917 4017 2990 Confirmantes

1200 3040 1302 3110 eis
1328 3039 1558 3110 omnia
1585 3041 1745 3130 jura
1779 3050 1848 3112 et
1895 3042 2426 3114 consuetudines
2469 3064 2552 3115 ac
2602 3044 2961 3116 universas
2995 3042 3458 3137 possessiones
3493 3060 3912 3134 quecunque
3944 3041 4018 3110 in

1199 3162 1697 3258 presentiarum
1718 3163 2073 3257 possident
2096 3218 2116 3255 ,
2149 3173 2271 3236 aut
2305 3166 2375 3236 in
2412 3168 2717 3238 futurum
2734 3167 3026 3239 Domino
3049 3165 3468 3237 concedente
3481 3166 3669 3256 justo
3682 3163 3881 3235 titulo
3895 3185 4018 3257 po-

1198 3292 1429 3356 terunt
1460 3285 1774 3379 adipisci.
1806 3281 1919 3358 Ad
1946 3286 2071 3358 hec
2089 3288 2294 3359 etiam
2322 3288 2488 3382 quia
2520 3287 2970 3383 prenominati
2998 3287 3393 3360 monasterii
3424 3296 3492 3359 et
3523 3287 3668 3358 suis
3695 3285 4019 3357 fratribus

1200 3407 1345 3503 (sic)
1383 3410 1570 3502 regia
1601 3409 2021 3502 benignitate
2053 3421 2280 3484 nostra
2314 3413 2648 3486 duximus
2675 3409 3439 3510 indempnitatiutiliter
3473 3409 4013 3507 providendum,

1202 3531 1637 3606 decernimus
1668 3541 1740 3604 et
1776 3532 2231 3606 concedimus
2254 3536 2353 3609 eis
2383 3533 2463 3608 ut
2493 3533 2818 3609 homines
2845 3547 2915 3610 et
2955 3537 3139 3610 hona
3167 3539 3416 3608 'eorum
3453 3535 3857 3628 ubicunque
3890 3533 4023 3604 sita

1199 3655 1271 3726 in
1306 3664 1535 3727 nostra
1571 3677 1838 3750 semper
1878 3664 2216 3753 potestate
2251 3661 2402 3732 sine
2440 3662 2674 3757 aliqua
2699 3659 3068 3735 donatione
3103 3681 3229 3733 seu
3257 3659 3697 3732 concessione
3741 3677 4021 3752 perma-

1200 3787 1410 3851 neant
1426 3830 1448 3870 ,
1482 3787 1550 3850 et
1578 3779 1670 3851 ad
1697 3782 1963 3852 nullum
1991 3783 2123 3854 nisi
2159 3783 2249 3855 ad
2273 3806 2400 3857 nos
2432 3795 2836 3879 nostrosque
2854 3785 3142 3858 heredes
3168 3794 3236 3856 et
3261 3801 3695 3856 successores
3724 3780 4023 3853 debeant

1203 3901 1458 3974 habere
1504 3914 1937 4006 respectum,
2004 3906 2101 3978 ita
2149 3909 2356 3980 etiam
2403 3919 2482 3980 ut
2527 3910 2584 3980 si
2645 3899 3023 4002 aliquando
3065 3909 3325 4003 prefate
3361 3915 3595 3978 nostre
3633 3901 4022 3975 donationis

1206 4025 1618 4097 inmemores
1653 4027 2223 4127 concessione[m]
2265 4029 2623 4127 aliqua[m]
2667 4031 2756 4102 de
2799 4030 3176 4126 supradicti
3215 4026 3607 4101 monasterii
3644 4023 4019 4119 possessio-

1208 4148 1415 4220 nibus
1449 4149 1562 4219 vel
1592 4147 1682 4220 de
1706 4149 2101 4221 hominihus
2136 4173 2261 4224 nos
2296 4154 2519 4225 facere
2546 4154 2928 4247 contingat,
2977 4153 3127 4224 sine
3158 4151 3349 4223 omui
3382 4151 3454 4220 in
3484 4147 3751 4218 irritum
3782 4142 4021 4216 dedu-

1207 4278 1404 4343 catur
1448 4269 2011 4343 contradictione.
2073 4275 2359 4369 Insuper
2408 4275 2891 4348 confirmamus
2932 4276 3065 4372 ipsi
3109 4273 3397 4345 ecclesie
3440 4279 3519 4343 ut
3562 4270 3633 4339 in
3664 4269 3821 4359 jure
3857 4288 4021 4338 cen·

1213 4394 1511 4466 sualium
1556 4393 1706 4465 sine
1750 4395 2262 4467 morticinorum
2306 4398 2498 4491 quod
2546 4400 2916 4492 vulgariter
2962 4398 3213 4471 dicitur
3265 4396 3416 4486 val,
3472 4393 3535 4465 si
3582 4393 3733 4463 sine
3766 4388 4024 4463 herede

1211 4517 1463 4610 aliquis
1490 4518 1699 4590 homo
1743 4518 1963 4613 ipsius
2010 4521 2294 4593 ecclesie
2346 4521 2712 4594 defunctus
2763 4523 2997 4611 fuerit,
3037 4520 3270 4592 omnia
3310 4539 3448 4613 que
3484 4515 3833 4609 reliquerit
3876 4513 4026 4585 sive

1210 4641 1284 4736 in
1309 4642 1684 4713 mobilibus
1701 4641 1850 4714 sive
1887 4643 1959 4714 in
1991 4644 2436 4718 inmobilibus
2460 4647 2616 4719 usui
2651 4647 2868 4742 ipsius
2902 4644 3189 4719 ecclesie
3223 4642 3503 4734 cedant3
3540 4640 3690 4713 sive
3711 4657 3870 4711 vero
3892 4636 4023 4708 de-
