4842 5802
1156 641 1279 702 674
2196 645 2544 705 HENRICI
2600 644 2938 704 sEP'rml
3588 647 3747 724 [Anu.
3787 649 3957 709 1234.

1160 777 1445 867 certiuS,
1505 778 1669 851 hora
1708 804 1874 852 vero
1914 782 2152 853 mortis
2204 781 2372 851 nihil
2411 781 2769 867 incertius,
2805 801 2935 852 nos
2973 782 3130 874 plus
3170 791 3707 874 expavescentes
3746 783 3965 877 ipsius

1158 898 1323 971 hore
1355 901 1909 976 incertitudinem
1943 927 2151 997 quam
2183 905 2400 999 ipsius
2429 904 2666 974 mortis
2697 903 3207 994 certitudinem,
3249 925 3374 999 pro
3402 905 3709 980 remedio
3734 908 3964 981 anime

1157 1033 1384 1097 nostre
1410 1034 1478 1097 et
1514 1028 2019 1120 progenitomm
2057 1036 2440 1099 nostrorum
2473 1028 2890 1098 contulimus
2936 1027 3173 1098 domui
3211 1028 3442 1099 Sancti
3474 1030 3708 1101 Lazari
3745 1033 3962 1104 ecole-

1152 1147 1324 1219 siam
1363 1157 1660 1220 nostram
1692 1150 2102 1245 Meyringen
2140 1152 2337 1222 sitam
2378 1151 2447 1220 in
2486 1150 2795 1221 terminis
2820 1150 3223 1244 Burgundie
3263 1151 3335 1222 in
3376 1153 3525 1225 loco
3551 1153 3674 1246 qui
3708 1154 3962 1227 dicitur

1152 1271 1506 1360 Hasilthal,
1543 1294 1700 1345 cum
1730 1277 1887 1366 jure
1913 1283 2310 1369 patronatus
2334 1273 2613 1346 ecclesie
2641 1272 2953 1366 ejusdem
2984 1284 3052 1346 et
3086 1276 3274 1348 omni
3301 1275 3610 1349 libertate
3632 1287 3960 1372 perpetuo

1151 1393 1638 1489 possidendam
1662 1423 1681 1485 ;
1723 1398 2033 1471 volentes
2068 1407 2147 1469 ut
2181 1397 2504 1470 defuncto
2529 1397 2824 1490 plebano
2849 1397 3158 1489 ejusdem
3186 1400 3471 1471 ecclesie
3492 1400 3841 1474 Burcardo
3870 1402 3959 1474 de

1150 1519 1641 1613 Ueberlingen,
1703 1521 1939 1593 fratres
1985 1521 2202 1617 ipsius
2258 1521 2506 1594 domus
2554 1520 2775 1616 ipsam
2828 1522 3184 1594 ecclesiam
3238 1522 3310 1593 in
3345 1545 3515 1596 usus
3558 1525 3843 1596 fratrum
3890 1534 3960 1597 et

1147 1662 1530 1737 pauperum
1582 1644 1830 1716 domus
1882 1654 2231 1740 prenotate
2267 1645 2583 1738 redigant
2634 1655 2701 1718 et
2748 1656 3186 1737 convertant;
3246 1648 3574 1741 quoniam
3628 1648 3956 1721 desiderii

1147 1767 1359 1839 nostri
1396 1777 1501 1840 est
1544 1769 1858 1842 eamdem
1899 1770 2182 1842 domum
2225 1770 2638 1862 largioribus
2678 1779 2750 1843 et
2783 1771 3217 1844 uberioribus
3252 1771 3604 1843 beneficiis
3639 1771 3947 1844 dilatare.

1145 1891 1556 1964 Mandamus
1587 1894 1797 1987 igitur
1829 1902 1898 1966 et
1932 1895 2064 1966 sub
2097 1895 2646 1966 interminatione
2671 1895 2888 1986 gratie
2912 1903 3141 1966 nostre
3174 1902 3243 1965 et
3267 1894 3537 1989 imperii
3570 1895 3955 1968 firmissime

1146 2016 1562 2111 precipimus
1585 2025 1663 2089 ut
1689 2018 1877 2089 nulla
1894 2019 1990 2090 sit
2016 2019 2300 2091 omnino
2328 2039 2618 2113 persona
2645 2018 3103 2090 ecclesiastica
3123 2018 3235 2088 vel
3258 2018 3646 2106 mundana,
3677 2019 3812 2089 alta
3841 2020 3949 2089 vel

1144 2139 1458 2231 humilis,
1498 2162 1638 2233 que
1669 2140 1835 2212 huic
1867 2150 2096 2215 nostre
2131 2142 2487 2214 donationi
2520 2140 2775 2214 audeat
2804 2142 3086 2214 obviare
3120 2143 3231 2213 vel
3260 2142 3480 2236 ipsam
3513 2141 3805 2233 alicujus
3846 2141 3951 2211 in-

1143 2265 1329 2358 genii
1377 2266 1700 2361 scrupulo
1748 2265 2117 2339 infirmare.
2177 2267 2379 2351 Quod
2416 2267 2538 2360 qui
2592 2266 2824 2339 fecerit
2873 2266 3419 2360 indignationem
3467 2266 3953 2360 omnipotentis

1137 2388 1262 2461 Dei
1291 2399 1658 2484 nostreque
1701 2392 2069 2481 majestatis
2121 2390 2448 2463 offensam
2500 2413 2575 2463 se
2630 2391 2800 2462 sciat
2835 2391 3118 2483 gravius
3164 2389 3556 2462 incurrisse.
3598 2389 3707 2462 Ad
3744 2390 3953 2482 hujus

1141 2512 1372 2606 itaque
1401 2514 1557 2585 facti
1585 2514 2000 2586 evidentiam
2043 2526 2112 2585 et
2142 2516 2355 2587 robur
2388 2524 2721 2608 perpetuo
2750 2514 3158 2604 valiturum,
3205 2534 3487 2609 presens
3517 2513 3951 2608 privilegium

1135 2637 1301 2731 ipsis
1335 2637 1662 2708 fratribus
1695 2638 2114 2709 indulsimus
2148 2638 2353 2731 sigilli
2389 2640 2603 2709 nostri
2634 2637 3017 2708 munimine
3043 2637 3566 2708 communitum.

1232 2762 1465 2833 Testes
1521 2770 1682 2832 sunt
1727 2761 1798 2831 hi
1850 2787 1868 2830 ε
1913 2759 2253 2854 Sigfridus
2300 2760 2716 2834 venerabilis
2763 2760 3308 2852 Moguntinensis
3351 2759 3944 2855 archiepiscopus,

1133 2885 1547 2978 Eggibertus
1594 2884 2157 2975 Bambergensis,
2215 2885 2648 2957 Hermannus
2681 2883 3187 2979 Herbipolensis
3235 2882 3576 2977 episcopi,
3621 2883 3950 2954 Henricus

1137 3009 1444 3080 marchio
1482 3009 1570 3081 de
1597 3010 1876 3100 Burgau
1896 3062 1915 3100 ,
1950 3010 2292 3102 Rupertus
2328 3030 2558 3081 comes
2586 3008 2677 3080 de
2715 3008 2967 3098 Castel,
3007 3006 3228 3099 Egino
3263 3026 3492 3077 comes
3523 3004 3612 3077 de
3625 3005 3940 3099 Friburg,

1140 3131 1500 3204 Heinricus
1533 3132 1622 3203 de
1652 3131 1907 3223 Niffen,
1966 3131 2345 3205 Gottfridus
2385 3132 2476 3205 de
2527 3130 2958 3219 Hohenloch,
3015 3131 3172 3201 Otto
3207 3129 3297 3201 de
3324 3128 3716 3217 Eberstein‚
3772 3128 3949 3201 Con·

1139 3255 1351 3329 radus
1380 3256 1469 3328 de
1496 3255 2054 3348 Tannenwerde,
2086 3258 2481 3330 Waltbems
2515 3257 2841 3351 pincerna
2880 3254 2968 3328 de
3003 3254 3355 3348 Limperg,
3411 3252 3765 3324 Conradus
3794 3254 3945 3348 pin-

1143 3402 1344 3453 cerna
1378 3379 1468 3451 de
1496 3382 2039 3472 Winterstetten,
2077 3382 2433 3476 Lupoldus
2469 3390 2539 3452 et
2567 3379 3002 3453 Eberhardus
3024 3381 3263 3450 fratres
3284 3376 3374 3449 de
3401 3375 3810 3449 Grindelaoh
3831 3431 3850 3467 ,
3882 3387 3947 3449 et

1135 3505 1250 3576 alii
1278 3505 1742 3598 quamplures,

1232 3628 1479 3698 Actum
1520 3627 1715 3723 apud
1770 3627 2234 3720 Nuremberg,
2284 3649 2467 3700 anno
2511 3626 2996 3699 incarnationis
3045 3624 3315 3697 Domini
3340 3623 3431 3696 Μ.
3463 3623 3587 3695 CC.
3622 3622 3941 3711 XXXIV,

1141 3750 1411 3825 decimo
1438 3751 1679 3846 quinto
1707 3749 2037 3825 kalendas
2060 3739 2496 3846 septembris,
2541 3751 2913 3825 indictione
2943 3751 3255 3845 septima.

842 4500 966 4553 Apud
1239 4464 1645 4565 HenricuS,
1705 4462 2223 4544 Romanorum
2269 4485 2440 4562 rex,
2491 4456 2844 4539 abbatem
2899 4464 2973 4537 et
3022 4453 3293 4534 fratres
3346 4451 3443 4533 de
3495 4446 3705 4532 Buch
3753 4446 3936 4530 Cis-

748 4553 1025 4605 Nuremberg
1038 4582 1053 4606 ,

760 4608 813 4649 ²¹
835 4608 1034 4657 ⁸¹¹⁸&
1132 4597 1521 4683 terciensis
1556 4595 1845 4678 ordinis
1880 4619 2057 4675 cum
2092 4590 2529 4674 hominibus
2572 4601 2646 4671 et
2689 4587 2909 4672 bonis
2963 4612 3229 4670 eorum
3284 4584 3428 4667 sub
3481 4581 3939 4692 protectione

1136 4756 1277 4813 sua
1315 4728 1663 4837 suscipit,
1702 4726 2194 4835 indulgetque
2241 4734 2326 4807 ut
2360 4722 2739 4832 quidquid
2795 4748 2840 4804 a
2892 4746 3217 4829 persona
3267 4717 3509 4802 libera
3564 4716 3718 4798 sive
3772 4714 3938 4794 mi·-
