4842 5802
867 599 1067 658 himer.
1104 596 1189 670 7.]
1768 592 2170 654 HISTORIA
2208 591 2797 655 DIPLoMA'rch.
3568 591 3690 651 679

869 731 1054 804 ricus
1078 725 1386 800 marchio
1417 723 1508 798 de
1524 726 1870 818 Burgove,
1908 744 2139 800 comes
2162 728 2400 821 Egeno
2427 725 2517 799 de
2538 725 2873 818 Vriburg,
2906 745 3134 796 comes
3152 725 3563 798 Hartmanus
3600 724 3690 797 de

869 854 1225 945 Quiburg,
1263 870 1492 922 comes
1522 848 1903 922 Rnodolsus
1924 850 2036 924 ade
2067 851 2632 947 Raprehtswilar,
2679 849 3036 922 Heinricns
3066 848 3155 920 de
3178 847 3439 939 Niffen‚
3478 848 3687 919 Hein-

870 979 1055 1050 ricus
1105 975 1196 1049 de
1243 975 1692 1068 Ravenspnrg
1727 973 2101 1068 imperialis
2137 976 2297 1047 anle
2336 973 2786 1058 mmerariuS,
2822 972 3179 1045 Heinricns
3231 972 3691 1044 marschalcus

869 1102 959 1176 de
988 1098 1460 1175 Babbenheim
1480 1151 1499 1189 ,
1543 1106 1613 1170 et
1638 1098 1755 1170 alii
1786 1101 2256 1193 quamplures,

966 1227 1219 1297 Datum
1258 1219 1448 1316 apud
1474 1221 1907 1316 Nnerinberg
1926 1276 1946 1314 ,
1994 1244 2176 1295 anno
2210 1221 2556 1295 dominice
2591 1218 3077 1295 incarnationis
3105 1219 3202 1290 Μο
3223 1217 3686 1310 CCXXXIIIP,

867 1348 1080 1422 tercio
1108 1343 1442 1421 kalendas
1473 1345 1918 1440 septembris,
1963 1345 2340 1418 indictione
2375 1344 2690 1440 septima.

968 1920 1339 2006 Henricus
1362 1985 1386 2026 ,
1467 1926 1987 2008 Romanorum
2060 1951 2189 2008 rex
2219 1988 2243 2033 ‚
2338 1926 2585 2009 Ulrico
2666 1928 3093 2036 praeposito
3174 1938 3250 2010 et
3321 1926 3685 2013 fratribus
3765 1949 4033 2055 ⁸⁸23&me

865 2055 1185 2140 Sanctae
1242 2057 1503 2140 Crucis
1568 2058 1774 2167 apud
1846 2058 2275 2168 Augustam
2328 2067 2641 2142 renovat
2691 2059 2978 2143 litteras
3031 2071 3108 2143 et
3164 2062 3686 2146 concessiones
3772 2056 3827 2097 ³⁰
3853 2059 4033 2110 ‘mm‘

862 2187 1189 2299 Philippi
1243 2189 1444 2300 regis
1461 2251 1484 2298 ‚
1525 2215 1723 2301 quae
1757 2190 2043 2274 ibidem
2078 2192 2544 2276 inseruntur.

4044 2035 4056 2056 9

4038 2087 4048 2099 ι

1027 2416 1225 2498 (Edit.
1257 2434 1356 2495 ap.
1391 2417 1655 2480 Monam.
1686 2418 1881 2493 Boio„
1921 2424 1971 2479 t.
2017 2419 2222 2493 XXX,
2250 2436 2388 2497 pars
2430 2420 2504 2497 1·,
2541 2437 2601 2496 p.
2636 2428 2783 2497 215,
2813 2430 2882 2480 n⁰
2911 2429 3059 2496 722,
3088 2437 3164 2481 ex
3207 2423 3481 2500 originali
3522 2424 3682 2485 unde

1101 2524 1360 2617 sigillum
1387 2523 1511 2584 fere
1549 2524 1819 2584 illaesum
1858 2524 2149 2601 appendet
2181 2542 2256 2584 ex
2293 2524 2408 2584 filis
2434 2527 2637 2585 sericis
2664 2525 2832 2585 rubri
2857 2531 2919 2585 et
2942 2526 3149 2586 viridis
3172 2527 3405 2587 coloris.
3430 2560 3513 2571 —
3538 2529 3683 2589 Pri-

1099 2630 1382 2708 vlleglum
1409 2636 1607 2691 autem
1640 2631 1900 2708 Philippi
1924 2632 2080 2708 regis
2103 2636 2270 2692 extat
2292 2627 2535 2707 Ibidem,
2566 2637 2713 2692 tom.
2743 2630 2965 2706 XXIX,
2995 2648 3131 2708 pars
3154 2633 3229 2707 1¹,
3258 2649 3320 2710 p.
3352 2637 3519 2707 499.)

962 2829 1037 2899 ln
1088 2829 1366 2903 nomine
1414 2840 1647 2904 sancte
1700 2839 1768 2903 et
1818 2827 2181 2904 individue
2207 2829 2575 2904 Trinitatis.
2614 2829 2978 2903 Heinricus
3029 2831 3387 2926 septimnS‚
3442 2833 3681 2909 divina

863 2953 1136 3026 favente
1173 2954 1538 3027 clementia
1572 2956 2035 3027 Romanorum
2069 2975 2198 3026 rex
2232 2964 2300 3027 et
2326 2976 2600 3048 semper
2629 2963 2989 3047 augustus.
3038 2955 3228 3027 Sicut
3276 2978 3358 3028 ea
3393 2980 3529 3050 que
3560 2981 3685 3052 per

865 3077 1185 3149 culminis
1220 3078 1437 3150 nostri
1473 3079 1912 3151 eminentiam
1948 3089 2283 3173 geruntur
2316 3080 2431 3151 vel
2473 3088 2664 3172 gesta
2700 3079 2984 3167 fuerint,
3042 3079 3529 3153 rationabiliter
3560 3083 3681 3155 de·

864 3200 1246 3274 sideramus
1268 3224 1311 3273 a
1338 3202 1588 3275 nostris
1623 3204 2134 3276 successoribus
2160 3202 2546 3290 observari,
2590 3202 2685 3273 ita
2715 3201 3272 3297 predecessorum
3299 3215 3682 3279 nostrornm

863 3334 1011 3396 acta
1043 3326 1293 3397 nostris
1326 3326 1753 3422 temporibus
1783 3326 2089 3399 stabilire
2120 3327 2444 3399 volumus
2480 3348 2568 3397 ne
2594 3348 2719 3420 per
2759 3347 2880 3398 nos
2919 3327 3031 3398 vel
3067 3349 3192 3421 per
3220 3327 3517 3421 aliquem
3550 3353 3684 3402 va-

832 3425 1047 3520 leant
1091 3450 1464 3522 immutari.
1527 3450 1889 3525 Accedens
1937 3451 2029 3524 ad
2073 3451 2485 3545 presentiam
2513 3459 2814 3523 nostram
2861 3451 3208 3540 Volricus,
3265 3451 3682 3526 honorabilis

866 3573 1252 3665 prepositus
1275 3573 1557 3647 vivifice
1595 3574 1831 3648 Crucis
1857 3575 2050 3670 apud
2083 3575 2497 3668 Augustam,
2535 3586 2674 3646 tam
2704 3596 2824 3668 pro
2857 3596 2933 3645 se
2962 3597 3173 3667 quam
3202 3598 3327 3669 pro
3361 3578 3682 3650 fratribus

867 3694 1179 3787 ejusdem
1211 3699 1610 3771 monasterii
1643 3699 2061 3794 supplicavit
2086 3699 2439 3770 humiliter
2467 3707 2541 3768 ut
2558 3697 2996 3792 privilegium
3020 3698 3170 3769 sive
3197 3699 3680 3791 obligationem

866 3819 1112 3891 factam
1138 3842 1260 3915 per
1287 3821 1544 3896 litteras
1600 3822 1765 3896 dive
1819 3821 2312 3896 recordationis
2349 3821 2646 3916 Philippi
2702 3820 2885 3914 regis
2940 3823 3435 3915 consanguinei
3467 3828 3680 3898 nostri

863 3942 1266 4017 confirmare
1293 3955 1364 4019 et
1396 3968 1727 4020 renovare
1754 3946 1845 4020 de
1862 3947 2288 4041 benignitate
2311 3945 2505 4039 regia
2531 3945 2999 4038 dignaremur.
3024 3945 3162 4017 Nos
3186 3944 3419 4039 itaque
3444 3970 3683 4021 eornm

866 4068 1184 4159 precibus
1231 4069 1581 4159 inclinati,
1642 4072 1872 4143 literas
1926 4070 2205 4144 easdem
2261 4069 2353 4143 de
2393 4071 2611 4142 verbo
2641 4069 2731 4143 ad
2767 4069 3060 4142 verbum
3104 4071 3400 4165 presenti
3441 4074 3686 4166 pagine

864 4189 1196 4265 duximus
1233 4193 1677 4285 inserendas3
1718 4195 1920 4287 cujus
1952 4192 2307 4290 (quarum)
2337 4204 2534 4266 tenor
2563 4193 2716 4265 talis
2744 4201 2846 4265 est
2883 4219 2901 4263 ε

963 4316 1037 4385 ln
1072 4317 1352 4390 nomine
1394 4328 1630 4392 sancte
1680 4329 1752 4392 et
1804 4318 2169 4392 individue
2208 4318 2584 4390 Trinitatis.
2624 4317 2983 4411 Philippus
3014 4317 3400 4408 secundus,
3449 4318 3691 4395 divina

862 4435 1139 4511 favente
1193 4441 1553 4513 clementia
1605 4443 2063 4515 Romanorum
2107 4464 2235 4515 rex
2258 4452 2327 4514 et
2371 4462 2643 4535 semper
2677 4451 3039 4534 augustus.
3079 4439 3480 4533 Augustalis
3512 4445 3693 4515 emi·-

864 4561 1106 4635 nencie
1137 4564 1509 4638 laudabilis
1546 4566 1881 4639 stabilitas
1916 4567 2094 4639 inter
2143 4574 2404 4639 ceteras
2438 4565 2696 4658 quibus
2743 4565 3066 4640 decenter
3099 4577 3380 4637 ornatur
3411 4567 3694 4641 virtutes

866 4703 1087 4778 usqne
1116 4686 1293 4760 adeo
1322 4689 1503 4761 circa
1534 4690 1863 4762 universa
1897 4698 2088 4784 gesta
2118 4712 2246 4764 sua
2258 4689 2499 4762 florem
2528 4690 2921 4762 constancie
2944 4690 3304 4764 consuevit
3329 4691 3696 4765 observare
