4842 5802
1240 634 1365 696 640
2284 634 2632 695 HENRICI
2680 635 3012 697 SEPTml
3686 636 3845 721 [Anu.
3884 637 4055 700 1234.

1242 770 1637 842 Basiliensis
1660 770 2020 866 episcopus
2054 772 2126 842 in
2159 771 2448 844 solemni
2484 771 2675 845 curia
2722 769 2913 867 apud
2947 769 3542 842 Franckinfurtum
3578 792 3810 843 coram
3859 772 4060 844 nobis

1244 902 1316 965 et
1353 892 1816 987 principibus,
1853 893 1975 965 ubi
2008 903 2357 988 presentes
2380 902 2576 966 erant
2616 914 2775 965 cum
2812 893 3170 966 advocatis
3210 892 3357 964 suis
3392 894 3822 964 Hermannus
3867 914 4058 965 mar-

1245 1015 1402 1088 chio
1431 1014 1521 1087 de
1554 1015 1788 1087 Baden
1828 1024 1898 1088 et
1925 1016 2148 1109 Egino
2182 1037 2411 1089 comes
2466 1015 2556 1089 de
2604 1016 2929 1109 Friburg,
2993 1014 3483 1089 contendentes
3533 1013 3623 1086 de
3670 1015 4056 1108 argentifo-

1241 1137 1428 1210 dinis
1463 1148 1533 1210 et
1581 1138 1912 1211 custodiis
1958 1141 2287 1213 silvarum
2323 1161 2446 1235 per
2488 1140 2961 1234 Brisgaugiam
3019 1136 3211 1234 qnod
3263 1139 3641 1231 vulgariter
3674 1137 4054 1233 Wildpann

1242 1259 1525 1349 dicitur,
1590 1262 1884 1334 obtinuit
1914 1271 1983 1335 et
2021 1264 2228 1336 evicit
2267 1285 2392 1359 per
2439 1262 2873 1359 privilegium
2909 1285 3118 1336 suum
3171 1261 3357 1358 ipsas
3418 1260 3953 1354 argentifodinas
3984 1271 4056 1335 et

1241 1384 1591 1458 custodias
1626 1385 1759 1457 sibi
1791 1395 1860 1457 et
1893 1386 2181 1459 ecclesie
2201 1409 2327 1460 sne
2352 1387 2639 1460 attinere
2667 1388 2727 1479 (⁴
2746 1385 2808 1481 ),
2846 1394 2915 1459 et
2941 1386 3170 1480 ipsum
3199 1384 3579 1480 Eginonem
3609 1384 3925 1458 comitem
3962 1384 4052 1457 de

1236 1507 1531 1600 Friburg
1560 1507 1822 1582 eisdem
1863 1510 1953 1582 ab
1991 1510 2140 1605 ipso
2179 1519 2249 1582 et
2298 1509 2584 1583 ecclesia
2620 1531 2743 1582 sua
2789 1509 3092 1603 legitime
3126 1507 3587 1582 infeudatum.
3627 1507 3771 1581 Nos
3818 1508 4051 1602 itaque

1234 1633 1741 1706 considerantes
1788 1632 2007 1727 ipsius
2051 1633 2383 1728 principis
2432 1632 2871 1706 devotionem
2919 1642 2988 1704 et
3030 1632 3221 1726 quod
3259 1631 3623 1704 sufficienti
3659 1631 4048 1704 testimonio

1231 1756 1642 1850 probaverat
1662 1755 1993 1849 prelibata
2025 1777 2150 1827 sne
2184 1756 2470 1829 ecclesie
2496 1756 2783 1828 attinere
2800 1810 2818 1842 ,
2849 1764 3303 1827 memoratum
3327 1755 3705 1849 Eginonem
3729 1755 4045 1827 comitem

1230 1901 1352 1973 per
1379 1879 1782 1952 sententiam
1819 1879 2263 1973 approbatam
2295 1878 2386 1951 de
2413 1878 2852 1973 providentia
2886 1878 3151 1951 consilii
3185 1878 3396 1950 nostri
3435 1878 3745 1950 misimus
3777 1879 3847 1948 in
3884 1899 4044 1972 pos-

1236 2003 1607 2074 sessionem
1641 2000 1979 2073 bonorum
2005 2002 2567 2097 prescriptorum,
2602 2012 2671 2074 et
2706 2001 2948 2074 eadem
2973 2001 3103 2096 ipsi
3140 2001 3374 2073 comiti
3401 2010 3471 2071 et
3507 2000 3878 2073 heredibus
3894 2002 4041 2073 suis

1227 2126 1420 2220 regia
1469 2126 1869 2198 auctoritate
1910 2124 2430 2214 confirmamus;
2488 2125 2894 2198 mandantes
2934 2134 3002 2198 et
3045 2124 3179 2196 sub
3226 2124 3779 2196 interminatione
3822 2125 4040 2218 gratie

1226 2259 1455 2320 nostre
1490 2248 1876 2320 firmissime
1907 2248 2362 2343 precipientes
2392 2250 2689 2320 utnulla
2721 2248 2809 2320 sit
2834 2268 3123 2343 persona
3152 2248 3289 2319 alta
3322 2247 3433 2319 vel
3464 2246 3774 2337 humilis,
3815 2245 4039 2320 eccle-

1223 2374 1496 2445 siastica
1522 2373 1633 2445 vel
1665 2371 2046 2462 mundana,
2086 2393 2226 2466 que
2248 2374 2627 2445 antefatum
2650 2373 2970 2445 comitem
3002 2372 3072 2442 in
3103 2370 3494 2443 memoratis
3517 2371 4038 2463 argentifodinis

1224 2506 1293 2570 et
1328 2496 1659 2568 custodiis
1692 2497 1985 2579 ferarum
2018 2494 2352 2589 impedire
2386 2496 2639 2568 audeat
2659 2498 2764 2566 vol
2802 2517 3131 2587 gravare3
3173 2494 3362 2589 quod
3408 2494 3528 2588 qui
3565 2495 3798 2567 fecerit
3818 2495 4037 2588 gratia

1218 2628 1447 2693 nostra
1483 2619 1570 2690 sit
1599 2618 1951 2689 exclusus.
1994 2615 2107 2688 Ad
2141 2618 2261 2709 huj
2271 2640 2352 2689 us
2382 2618 2586 2689 etiam
2619 2616 2781 2689 facti
2819 2616 3236 2690 evidentiam
3273 2638 3559 2711 presens
3595 2618 4032 2712 privilegium

1216 2744 1349 2838 ipsi
1376 2741 1606 2814 comiti
1635 2740 1858 2833 sigillo
1887 2748 2114 2810 nostro
2137 2740 2634 2811 communitum
2674 2740 2960 2811 fecimus
2983 2739 3344 2831 assignari.

1316 2869 1545 2938 Toetes
1581 2872 1744 2934 sunt
1768 2862 2164 2954 hujusmodi
2202 2889 2219 2932 ε
2250 2861 2548 2935 Sifridus
2569 2862 3042 2956 Moguntinus,
3079 2862 3460 2934 Thitericus
3480 2862 3900 2936 Trevirensis
3921 2885 4034 2936 ar·-

1218 2987 1667 3081 chiepiscopi,
1707 2986 2133 3058 Ekkebertus
2164 2986 2723 3077 Bambergensis,
2758 2984 3236 3079 Engelhardus
3265 2984 3876 3077 Naumbergensis,
3919 2986 4032 3055 Si-

1216 3109 1437 3183 fridus
1489 3108 1997 3204 Ratisponensis
2055 3108 2403 3203 episcopi,
2470 3108 2824 3181 Conradus
2878 3108 3095 3180 abbas
3152 3107 3381 3179 Sancti
3429 3104 3646 3196 Galli,
3708 3105 4030 3180 Albertus

1216 3233 1541 3323 saxonie,
1565 3234 1721 3304 Otto
1756 3230 2057 3304 Meranie
2086 3229 2325 3322 duces,
2368 3231 2729 3304 Heinricus
2751 3231 3053 3304 marchio
3090 3229 3181 3304 de
3215 3231 3554 3322 Burgow,
3591 3229 4028 3303 Eberhardus

1212 3366 1280 3431 et
1310 3359 1466 3429 Otto
1493 3358 1733 3428 fratres
1767 3355 1857 3428 de
1879 3354 2276 3445 Eberstain‚
2323 3354 2680 3428 Conradus
2708 3354 3128 3449 burgravius
3161 3352 3251 3426 de
3282 3352 3704 3454 Nurinbeyg,
3750 3355 4028 3427 Heinri-

1211 3502 1333 3553 cus
1364 3488 1434 3552 et
1459 3478 1782 3552 Albertus
1816 3480 2051 3550 fratres
2078 3477 2170 3551 de
2188 3477 2476 3566 Neiffen,
2520 3500 2748 3552 comes
2766 3479 3184 3551 Wolframus
3214 3474 3305 3549 de
3327 3477 3708 3571 veringen,
3745 3478 4027 3552 comites

1209 3603 1674 3675 Heinricus-et
1735 3603 2164 3673 Hermannus
2218 3602 2457 3675 fratres
2513 3600 2604 3675 de
2652 3601 3115 3695 Valdinberg,
3158 3599 3478 3674 Gerlacus
3513 3600 3604 3673 de
3633 3601 3975 3697 Butingen
3998 3654 4019 3692 ,

1208 3726 1566 3799 Heinricus
1601 3726 1692 3799 de
1720 3726 2059 3816 Eberstal,
2088 3723 2409 3799 Albertus
2446 3725 2537 3799 de
2565 3727 2935 3815 Roswach‚
2961 3725 3364 3821 Rudolphus
3386 3726 3652 3820 Hagge,
3690 3726 4025 3798 Eberhar-

1208 3849 1341 3922 dus
1377 3849 1643 3943 dapifer
1678 3847 1768 3921 de
1795 3848 2209 3944 Waldperg,
2252 3848 2616 3922 Cunradus
2653 3849 2977 3945 pincerna
3012 3847 3102 3921 de
3136 3848 3635 3936 Winterstetin,
3676 3847 4023 3919 Eberhar-

1210 3969 1343 4043 dus
1382 3970 1471 4043 de
1496 3971 1765 4061 Monte,
1806 3980 1874 4043 et
1910 3971 2025 4042 alii
2058 3973 2529 4065 quamplureS.

1301 4094 1554 4166 Actum
1584 4091 1775 4187 apud
1807 4093 2393 4165 Franckinfortum
2413 4145 2434 4181 ,
2487 4112 2670 4163 anno
2697 4091 2972 4163 Domini
2998 4091 3363 4163 millesimo
3395 4088 3865 4162 ducentesimo
3895 4087 4016 4159 tri·

1211 4218 1464 4291 cesimo
1488 4224 1770 4310 quarto,
1804 4215 1927 4285 XV
1967 4212 2301 4286 kalendas
2325 4215 2593 4305 martii,
2626 4213 2997 4287 indictione
3021 4214 3336 4311 septima.

1275 4571 1347 4643 (⁴)
1383 4571 1462 4630 Cf.
1489 4586 1652 4646 supra
1668 4570 1836 4646 ipsius
1851 4570 2149 4630 sententiae
2170 4569 2428 4643 formam,
2458 4586 2514 4645 p.
2538 4570 2664 4629 629.
