4842 5802
1392 792 1834 896 INDEX
1925 789 3098 897 DOCUMENTORUM

1075 1011 1279 1082 QUAE
1321 1010 1405 1071 IN
1448 1010 1601 1068 HOC
1650 1009 2053 1069 vommmn
2097 1009 2591 1067 EXHIBENTUR
2635 1009 2805 1066 SIVE
2848 1010 3401 1070 MEMORANTUR.

1693 1649 2078 1721 Fridericus
2111 1652 2207 1738 ΙΙ,
2253 1652 2696 1722 Romanorum
2746 1652 3135 1743 imperator,
3186 1649 3554 1720 Jerusalem

854 1815 1064 1892 125¹
2324 1774 2387 1835 et
2433 1763 2694 1834 Siciliae
2735 1785 2914 1834 rem:

886 1950 1037 2021 sept.
1221 1940 1472 2003 Melflae.
1593 1967 1675 1980 —
1713 1935 2172 1996 Constitutiones
2223 1938 2389 2014 regni
2436 1936 2667 1998 Siciliae
2708 1937 2774 1997 in
2818 1936 3037 2013 quibus
3086 1937 3241 2013 leges
3282 1942 3406 1995 tam
3450 1951 3486 1995 a
3528 1936 3651 1996 suis

1671 2034 2212 2111 praedecessoribus
2237 2050 2418 2112 quam
2463 2034 2539 2094 ab
2571 2037 2700 2111 ipso
2726 2040 2899 2094 antea
2923 2034 3254 2111 publicatae
3280 2033 3650 2093 concludun-

1671 2138 1793 2208 tur,
1821 2134 1884 2191 in
1910 2132 2158 2191 solemni
2185 2133 2534 2192 consistorio
2560 2148 2669 2192 suo
2696 2131 3045 2209 promulgat.
3263 2130 3412 2208 Pag.
3464 2139 3647 2190 1-177

872 2229 1051 2304 [circa
1133 2269 1559 2292 .......
1592 2258 1674 2272 -
1710 2227 2110 2288 Januensibus
2135 2227 2381 2287 mandat
2405 2233 2476 2287 ut
2508 2230 2751 2287 nuncios
2778 2243 2915 2286 cum
2941 2233 3226 2303 potestate
3249 2228 3650 2288 transmittant

834 2326 1092 2388 medium
1671 2323 1750 2383 ad
1778 2325 2001 2383 curiam
2019 2365 2037 2396 ,
2066 2338 2248 2400 quam
2274 2325 2593 2384 Ravennae
2618 2322 3024 2382 celebrandam
3050 2325 3241 2399 primo
3280 2324 3374 2384 dle
3399 2340 3649 2384 novem-

880 2420 1055 2503 sept.]
1672 2419 1795 2480 bris
1820 2421 1896 2481 de
1921 2421 2166 2481 consilio
2191 2421 2407 2480 summi
2432 2418 2727 2496 pontificis
2752 2419 2987 2478 indixit.
3529 2428 3646 2480 266

823 2520 1090 2582 novemb.
1150 2520 1263 2598 Ap.
1287 2521 1536 2583 Fanum.
1594 2547 1666 2562 -
1710 2518 1913 2578 Ottoni
1958 2519 2157 2577 comiti
2202 2516 2433 2577 Gelriae
2477 2518 2675 2576 omnia
2717 2531 2870 2592 quae
2912 2531 3111 2575 comes
3150 2515 3450 2577 Gerardus
3485 2522 3652 2592 pater

1671 2619 1799 2693 ejus
1838 2615 1914 2676 ab
1960 2616 2204 2691 imperio
2239 2617 2463 2687 tenuit,
2494 2613 2763 2673 concedit
2788 2618 2849 2672 et
2871 2612 3180 2674 confirmat
3194 2658 3213 2691 ‚
3241 2613 3527 2673 mandans
3552 2615 3649 2690 ip-

1669 2728 1802 2772 sum
1830 2711 2211 2787 personaliter
2235 2727 2340 2787 per
2365 2712 2800 2788 Trajectensem
2827 2710 3162 2786 episcopum
3180 2754 3199 2783 ,
3228 2716 3461 2788 recepto
3486 2712 3651 2786 prius

1669 2807 1969 2869 fidelitatis
1995 2813 2055 2868 et
2078 2807 2325 2868 hominii
2347 2808 2708 2883 juramento,
2739 2806 3027 2866 investiri.
3359 2815 3499 2881 268,
3534 2813 3651 2866 269

829 2900 1086 2964 decemb.
1172 2905 1247 2967 In
1271 2910 1513 2972 civitate
1591 2935 1669 2948 —
1701 2905 1739 2964 J
1741 2904 1957 2965 ohanni
2000 2905 2329 2966 marchioni
2372 2903 2917 2981 Brandenburgensi
2957 2909 3015 2964 et
3044 2901 3277 2965 oddoni
3301 2903 3470 2965 fiatri
3497 2906 3649 2981 ejuS‚

1165 3005 1506 3070 Ravennae.
1667 3003 1721 3061 si
1762 3001 1800 3060 J
1802 3002 2098 3062 ohannem
2139 3001 2434 3078 praemori
2475 3002 2789 3078 contigerit
2802 3043 2821 3073 ,
2863 2998 3187 3060 marchiam
3225 3000 3650 3061 Brandenbur-

1665 3112 1907 3174 gensem
1932 3114 2070 3158 cum
2097 3096 2316 3158 ducatu
2341 3096 2721 3156 Pomeraniae
2747 3096 3016 3157 concedit
3039 3102 3099 3156 et
3131 3095 3461 3157 confirmat.
3530 3106 3647 3156 270

822 3193 1085 3257 decemb.
1169 3199 1241 3259 In
1264 3202 1505 3263 civitate
1584 3225 1668 3239 —
1706 3194 1761 3253 A
1781 3195 2048 3255 Conrado
2068 3193 2282 3254 abbate
2308 3193 2512 3255 Sancti
2535 3193 2825 3253 Jobannis
2846 3195 2910 3252 ln
2941 3193 3231 3253 Thurthal
3256 3195 3318 3253 in
3344 3210 3452 3254 sua
3473 3209 3646 3271 prae-

1164 3294 1501 3359 Bavennae.
1665 3299 1858 3355 sentia
1897 3298 2220 3355 constituto
2258 3295 2627 3354 advocatiam
2653 3292 2932 3353 ecclesiae
2958 3291 3222 3369 ejusdem
3253 3293 3458 3367 recipit
3482 3308 3644 3351 nun-

1663 3407 1844 3466 quam
1872 3392 1948 3450 ab
1974 3393 2219 3467 imperio
2246 3391 2640 3450 alienandam.
3524 3397 3596 3447 27
3605 3398 3639 3447 2

823 3477 1085 3541 decemb.
1169 3484 1241 3544 In
1268 3488 1508 3548 civitate
1583 3516 1665 3531 —
1703 3485 1799 3545 Ad
1844 3502 2046 3561 preces
2083 3488 2318 3545 Henrici
2354 3485 2586 3545 abbatis
2627 3486 2703 3543 de
2745 3487 3101 3561 Tegernsee,
3135 3485 3342 3544 statuit
3385 3490 3453 3543 ut
3491 3486 3640 3545 nulli

1172 3581 1508 3644 Ravennae.
1663 3580 1946 3641 abbatum
1972 3582 2153 3657 hujus
2187 3583 2529 3639 monasterii
2555 3581 2726 3640 liceat
2750 3581 2905 3640 bona
2944 3584 3073 3656 ejus
3113 3583 3174 3638 in
3217 3581 3436 3640 ducatu
3478 3581 3637 3642 Aus-

1661 3679 1809 3737 triae
1849 3676 2200 3755 quibusdam
2248 3679 2309 3736 in
2354 3676 2771 3737 detrimentum
2814 3678 3146 3736 monasterii
3188 3677 3399 3737 collata
3414 3720 3433 3750 ,
3471 3687 3636 3754 post-

1662 3789 1842 3850 quam
1869 3772 1947 3832 ad
1972 3772 2309 3832 demanium
2342 3775 2472 3848 ejus
2495 3772 2773 3832 redierint
2790 3813 2808 3844 ,
2835 3772 2957 3831 ullo
2985 3772 3161 3832 modo
3188 3773 3462 3833 alienare.
3519 3756 3637 3835 {74

817 3863 1079 3927 decemb.
1168 3866 1239 3927 In
1263 3870 1501 3932 civitate
1582 3900 1660 3913 —
1699 3869 1991 3929 Abbatem
2015 3874 2075 3929 et
2100 3867 2311 3928 fratres
2341 3869 2616 3929 ecclesiae
2642 3868 3036 3928 cisterciensis
3059 3868 3280 3929 ordinis
3299 3886 3452 3946 quae
3476 3870 3636 3930 dici-

1158 3967 1501 4030 Ravennae.
1657 3972 1757 4026 tur
1782 3965 1948 4037 Bucb
1975 3981 2153 4042 supra
2177 3964 2468 4038 Muldam,
2497 3967 2558 4024 in
2587 3981 2694 4026 sua
2718 3967 3078 4041 protectione
3102 3966 3365 4043 suscipit,
3377 3966 3630 4027 eisdem-

1657 4078 1774 4138 que
1821 4060 1976 4122 bona
2020 4060 2096 4120 ab
2139 4061 2392 4120 Heni-ico
2438 4061 2514 4121 de
2560 4060 2794 4121 Chorun
2830 4060 3132 4138 quondam
3174 4061 3374 4121 oblata
3411 4063 3631 4123 confir-

1654 4165 1800 4219 mat.
3513 4169 3629 4221 275

809 4248 1076 4313 decemb.
1157 4259 1496 4319 Ravennae.
1577 4285 1652 4299 —
1693 4255 2113 4316 Mouasterium
2142 4255 2215 4315 de
2239 4255 2482 4315 Ahusen
2522 4271 2659 4316 cum
2703 4254 2973 4317 omnibus
3015 4255 3474 4331 possessionibus
3499 4260 3628 4335 ejus

1653 4350 1765 4412 sub
1793 4351 2033 4428 speciali
2057 4367 2163 4411 sua
2187 4358 2247 4411 et
2267 4352 2494 4428 imperil
2520 4353 2725 4428 recipit
2749 4353 3124 4428 protectione.
3507 4360 3622 4413 278

812 4440 1076 4506 decemb.
1151 4448 1491 4511 Ravennae.
1570 4480 1652 4494 —
1690 4448 2028 4509 Hermanno
2070 4450 2352 4526 magistro
2389 4448 2699 4525 hospitalis
2736 4448 3234 4509 Theutonicorum
3263 4454 3324 4508 et
3346 4448 3624 4512 fratribus

1649 4548 1779 4622 ejus
1825 4550 2041 4604 terram
2079 4544 2400 4622 quamdam
2448 4545 2731 4605 incultam
2774 4544 3004 4605 confert
3018 4585 3036 4618 ‚
3080 4544 3157 4605 de
3199 4552 3327 4604 orto
3371 4548 3625 4623 episcopi

1651 4641 2004 4702 Acconensis
2028 4658 2216 4719 usque
2251 4643 2327 4701 ad
2367 4643 2646 4703 terminos
2673 4647 2861 4703 terrae
2885 4643 3275 4703 Januensium
3302 4649 3362 4703 et
3390 4645 3505 4704 alio
3530 4644 3621 4704 la-

1649 4743 1772 4800 tere
1796 4739 1871 4800 de
1897 4741 1997 4799 via
2022 4755 2175 4817 quae
2199 4739 2361 4800 ducit
2386 4739 2463 4800 ad
2490 4738 2711 4817 Saphat
2735 4756 2921 4818 usque
2943 4741 3022 4802 ad
3041 4741 3316 4802 fluvium.
3362 4751 3434 4801 27
3444 4750 3579 4802 8-27
3588 4749 3624 4802 9

961 4837 1070 4901 lV.
1112 4851 1224 4897 Pan
1251 4855 1296 4898 2.
3198 4854 3303 4905 121
