4842 5802
828 739 1030 800 lamet.
1062 738 1153 814 9.]
1741 734 2139 800 HISTORIA
2189 731 2774 797 mnonm'rlclt.
3556 738 3682 802 829

928 871 1376 949 sanctissimo
1428 872 1504 945 in
1544 870 1815 945 Christo
1867 872 2041 967 patri
2078 870 2442 964 Gregorio,
2481 868 2607 941 Dei
2653 867 2872 962 gratia
2922 878 3158 943 sancte
3180 869 3507 945 'Romane
3552 873 3680 946 Ec-

834 997 1044 1071 clesie
1075 1018 1350 1072 summo
1392 995 1742 1092 pontifici,
1778 995 2196 1088 Fridericus,
2239 993 2485 1068 eadem
2534 993 2755 1089 gratia
2791 992 3259 1068 Romanorum
3307 997 3680 1093 imperator

836 1141 1108 1215 semper
1160 1127 1539 1213 augustus,
1579 1119 2004 1193 Hierusalem
2042 1128 2111 1193 et
2146 1118 2377 1192 Sicilie
2432 1139 2556 1190 rex
2578 1170 2599 1208 ,
2638 1119 2931 1191 salutem
2981 1127 3054 1192 et
3104 1121 3557 1194 reverentiam
3597 1121 3676 1194 fi-

836 1244 1094 1317 lialem.
1132 1242 1461 1316 Preterita
1495 1253 1726 1317 nostre
1773 1242 2184 1316 sinceritatis
2229 1242 2566 1337 obsequia
2601 1263 2739 1337 que
2767 1244 2913 1337 jam
2965 1264 3007 1314 a
3057 1244 3391 1318 memoria
3444 1253 3675 1319 nostra

842 1366 1248 1442 deciderant
1300 1365 1471 1439 dum
1520 1366 1612 1440 ad
1645 1367 1878 1440 futura
1922 1367 2329 1464 propensius
2362 1366 2793 1464 aspiramus,
2841 1387 2925 1437 ac
2976 1388 3151 1462 pura
3190 1378 3413 1441 vestre
3450 1379 3676 1464 pater-

833 1491 1070 1564 nitatis
1102 1490 1369 1565 affectio
1401 1514 1613 1587 quam
1648 1492 1738 1566 de
1771 1492 2027 1563 scrinio
2060 1490 2273 1563 nostri
2305 1490 2601 1586 pectoris
2633 1488 2967 1564 abradere
3011 1489 3284 1563 dierum
3315 1513 3502 1566 serra
3528 1514 3673 1567 non

831 1616 1084 1712 poterit
1102 1670 1123 1708 ,
1172 1616 1344 1690 dum
1392 1617 1767 1691 constantis
1817 1638 2013 1713 spem
2050 1614 2272 1711 gratie
2311 1614 2702 1711 repromisit
2742 1614 2922 1689 votis
2954 1616 3205 1689 nostris
3222 1669 3243 1708 ,
3295 1626 3499 1690 acuta
3532 1618 3671 1691 cal-

833 1740 1021 1814 caria
1062 1741 1491 1838 prebuerunt
1541 1749 1618 1813 ut
1668 1741 2009 1816 voluntati
2044 1749 2272 1815 vestre
2299 1760 2426 1835 per
2456 1738 2688 1813 omnia
2717 1761 2857 1834 que
2886 1738 3218 1813 honorem
3253 1741 3558 1815 Ecclesie
3600 1752 3670 1816 et

835 1863 1111 1959 imperii
1146 1875 1332 1938 recta
1369 1866 1591 1938 fronte
1636 1864 2099 1961 prospiciunt,
2148 1863 2347 1934 hilari
2401 1871 2633 1934 mente
2692 1882 3051 1935 occurrere
3111 1861 3514 1937 debeamus.
3554 1864 3666 1938 Ad

827 1986 1010 2060 illud
1043 1987 1469 2082 impossibile
1496 1998 1753 2080 tamen,
1787 1986 2394 2083 providentissime
2421 1994 2638 2081 pater,
2675 2007 2803 2059 nec
2835 1985 3141 2080 obligare
3174 2009 3302 2060 nos
3338 1990 3667 2063 volumus

829 2131 961 2184 nec
979 2132 1366 2206 possemus,
1402 2111 1593 2206 quod
1617 2133 1741 2206 per
1769 2111 2044 2184 sinistre
2076 2133 2214 2183 non
2246 2110 2687 2207 suspicionis,
2716 2109 2842 2183 sed
2869 2110 3216 2183 relationis
3242 2111 3664 2186 absinthium

826 2232 1194 2307 amaricari
1235 2234 1325 2308 de
1363 2234 1564 2307 vobis
1600 2245 1909 2307 nostrum
1958 2256 2095 2308 non
2140 2234 2617 2329 permittamus
2667 2233 3018 2325 auditum,
3060 2235 3387 2308 venenari
3433 2245 3659 2309 tamen

827 2358 1023 2431 nullo
1066 2357 1276 2431 modo
1324 2360 1437 2432 vel
1478 2367 1783 2454 tempore
1826 2359 2303 2455 permittemus
2355 2356 2706 2431 eumdem.
2744 2358 2896 2430 Non
2949 2358 3306 2430 amaricari
3362 2381 3665 2454 namque

827 2500 968 2552 non
1014 2489 1239 2575 potest
1291 2479 1722 2554 devotissimi
1772 2479 1898 2553 filii
1935 2481 2244 2554 sincerus
2282 2479 2599 2571 auditus,
2656 2502 2865 2576 quem
2916 2480 3060 2554 fere
3111 2481 3336 2553 omnis
3389 2484 3662 2575 generis

825 2602 1191 2677 bominum
1223 2603 1497 2678 sinistra
1548 2603 1930 2678 dicentium
1967 2604 2169 2677 turba
2212 2604 2601 2677 conturbat.
2645 2604 2789 2677 Nec
2824 2612 3051 2676 tamen
3092 2605 3549 2678 amaricamur
3585 2605 3657 2678 in

831 2727 1031 2803 vobis
1081 2728 1173 2801 de
1220 2749 1364 2823 quo
1416 2730 1590 2803 falsa
1634 2727 2083 2822 confingunt,
2125 2727 2249 2801 sed
2275 2727 2731 2800 amaricamur
2782 2727 2854 2799 in
2905 2727 3075 2824 ipsis
3129 2728 3252 2823 qui
3307 2729 3477 2803 falsa
3532 2751 3660 2803 nos

827 2853 1114 2928 credere
1146 2853 1570 2946 moliuntur3
1610 2852 1790 2929 adeo
1816 2863 1895 2927 ut
1927 2852 2061 2926 nisi
2094 2851 2313 2925 multa
2346 2852 2528 2925 bone
2556 2851 2971 2925 conscientie
3005 2852 3308 2948 gravitas
3336 2875 3543 2950 quam
3565 2854 3658 2928 de

822 2976 1030 3051 vobis
1065 2975 1302 3052 haberi
1339 2978 1518 3051 Petri
1554 2987 1746 3074 petra
1781 2978 2161 3074 compellit,
2196 2999 2239 3050 a
2280 2976 2557 3051 levitate
2594 2973 3031 3050 mendacium
3068 2985 3408 3050 averteret
3451 3000 3657 3052 aures

821 3109 895 3173 et
930 3101 1242 3174 animum
1277 3102 1658 3195 audientis,
1692 3104 1874 3176 fame
1909 3101 2193 3175 scientia
2223 3100 2627 3193 deserviret,
2669 3100 2804 3173 nisi
2838 3099 3030 3195 quod
3060 3100 3251 3197 apud
3289 3122 3413 3174 nos
3442 3102 3654 3175 unius

823 3225 1206 3300 constantie
1268 3225 1491 3300 virtus
1547 3226 1916 3300 multorum
1985 3224 2425 3298 mendacium
2491 3246 2781 3298 numero
2832 3245 2973 3296 non
3034 3226 3447 3299 succumbit.
3515 3227 3655 3299 Vos

823 3358 1084 3440 tamen,
1124 3370 1168 3422 o
1205 3359 1424 3444 pater,
1463 3350 1536 3422 in
1570 3350 1743 3443 istis,
1798 3349 1858 3422 si
1901 3348 2132 3423 dicere
2178 3350 2406 3440 liceat,
2449 3347 2658 3422 valde
2710 3348 3084 3421 lentissima
3134 3350 3336 3422 nobis
3392 3350 3653 3424 affertis

822 3470 1088 3542 auxilia
1126 3493 1248 3566 per
1298 3474 1735 3567 exemplum,
1779 3473 1949 3546 dum
1999 3495 2093 3546 ex
2137 3472 2713 3568 improbabilibus
2758 3481 3163 3567 argumenta
3208 3474 3546 3565 conjicitis
3583 3485 3652 3547 et

823 3590 921 3664 ad
971 3601 1196 3666 certas
1247 3594 1576 3668 reducitis
1628 3595 2078 3688 conjecturas,
2136 3595 2249 3668 Sic
2283 3596 2539 3668 etenim
2571 3618 2711 3691 que
2757 3618 2879 3691 per
2912 3597 3237 3669 officiales
3287 3607 3356 3670 et
3407 3596 3652 3672 fideles

822 3725 1094 3790 nostros
1126 3716 1200 3788 in
1253 3739 1470 3812 regno
1517 3718 1746 3791 Sicilie
1782 3719 1983 3792 nobis
2019 3718 2424 3792 absentibus
2473 3729 2777 3814 aguntur
2826 3718 3175 3792 interdum
3199 3774 3218 3807 ,
3276 3721 3368 3793 ad
3415 3731 3646 3796 notam

824 3840 1045 3912 nostri
1087 3841 1385 3914 nominis
1418 3843 1795 3934 revocatis,
1846 3864 1930 3915 ac
1963 3842 2023 3915 si
2068 3842 2140 3913 in
2189 3864 2481 3937 regnum
2525 3865 2568 3916 a
2601 3841 2980 3917 Theutonia
3025 3843 3242 3917 oculis
3277 3845 3537 3940 lynceis
3580 3855 3651 3918 et

822 3986 1000 4039 voce
1051 3966 1333 4040 tonitrui
1376 3967 1560 4041 clare
1603 3966 1992 4064 prospicere
2022 3989 2381 4063 possemus
2436 3976 2504 4040 et
2536 3967 2869 4064 prospici,
2919 3966 3164 4040 audire
3206 3969 3546 4042 subtiliter
3578 3980 3651 4044 et

822 4088 1081 4162 audiri.
1129 4090 1242 4163 Sic
1276 4113 1415 4185 que
1445 4091 1643 4166 vobis
1675 4092 1916 4186 lingua
1951 4090 2292 4164 mendacii
2327 4091 2635 4185 suggerit
2670 4090 3140 4164 indubitanter
3185 4094 3521 4187 asseritis,
3564 4116 3649 4167 ac

820 4211 881 4284 si
922 4223 1363 4289 monstrasset
1395 4214 1527 4289 hec
1576 4216 1821 4289 oculus
1856 4214 2186 4305 veritatiS,
2230 4214 2555 4289 viduatas
2588 4214 3007 4310 privilegiis,
3047 4214 3406 4289 destitutas
3447 4217 3649 4290 bonis

819 4338 1178 4432 ecclesias,
1215 4361 1542 4436 personas
1575 4339 2075 4413 ecclesiasticas
2109 4340 2515 4433 captivatas,
2556 4339 2768 4412 vetito
2805 4339 2953 4411 foro
2985 4341 3402 4435 compulsas,
3446 4343 3651 4416 talliis

819 4471 893 4533 et
960 4465 1438 4539 exactionibus
1485 4465 1800 4539 subditas
1850 4464 2261 4558 denotastis,
2326 4474 2396 4538 et
2444 4486 2584 4559 quo
2630 4464 3076 4538 vulneramur
3130 4465 3482 4560 acerbiuS,
3525 4488 3652 4541 ec-

823 4583 1067 4658 clesias
1125 4586 1382 4662 viduas
1457 4588 1868 4662 adulterinis
1929 4589 2368 4685 amplexibus
2424 4611 2549 4684 per
2612 4608 2738 4660 nos
2788 4588 3145 4683 illaqueari
3217 4591 3647 4686 compulsas,

823 4710 1225 4784 earumdem
1297 4713 1728 4787 ruinosarum
1789 4713 2043 4787 rudera
2111 4713 2202 4787 ad
2243 4711 2532 4809 profana
2573 4713 2723 4787 loca
2783 4733 3116 4786 conversa
3169 4712 3557 4789 describitis
3587 4726 3658 4790 et

826 4852 1073 4924 pacem
1111 4833 1288 4906 inter
1324 4835 1695 4910 Ecclesiam
1725 4846 1795 4909 et
1823 4837 2190 4934 imperium
2222 4837 2463 4909 initam
2499 4836 2849 4909 violatam.
2901 4836 3041 4910 Hec
3078 4837 3555 4912 universaliter
3592 4848 3663 4913 et
