4842 5802
826 659 1026 720 Inmer.
1055 657 1144 734 6.]
1727 650 2124 714 ms'roma
2172 648 2756 712 DIPLOMA‘I'ICA.
3535 651 3657 714 605

826 793 1096 889 imperii
1124 790 1450 864 fidelibus
1484 789 1666 861 hano
1692 788 1987 861 litteram
2024 786 2436 882 inspecturis
2465 784 2754 879 gratiam
2781 805 2977 857 suam
3010 794 3082 857 et
3110 802 3315 859 omne
3355 786 3642 861 bonum.

827 918 1038 1011 Regie
1064 914 1386 1009 congruit
1409 912 1750 986 honestati
1778 911 2187 985 devotorum
2233 918 2302 984 et
2331 908 2644 982 fidelium
2674 929 2959 981 suornm
2992 908 3283 983 lesiones
3318 919 3649 1006 tanquam

830 1041 1141 1136 proprias
1171 1037 1534 1112 vindicare
1568 1045 1638 1109 et
1674 1036 1962 1131 pleniori
1991 1057 2149 1108 eum
2183 1035 2428 1108 effectu
2455 1034 2758 1129 ipsorum
2796 1033 3152 1107 intendere
3179 1034 3541 1109 commodo
3585 1045 3654 1110 et

827 1165 1095 1237 honori.
1129 1163 1346 1257 Igitur
1368 1183 1531 1234 oum
1566 1159 1860 1233 dilectus
1886 1160 2207 1255 princeps
2232 1168 2463 1230 noster
2488 1159 2569 1229 Β.
2594 1158 3008 1231 venerabilis
3034 1158 3426 1254 episeopus,
3462 1160 3654 1255 capi-

829 1287 1047 1360 tulum
1065 1340 1087 1377 ‚
1120 1283 1630 1373 ministeriales,
1671 1283 2034 1354 consilium
2064 1292 2134 1356 et
2169 1282 2476 1355 universi
2509 1283 2699 1354 cives
2734 1281 3273 1377 Argentinenses
3303 1293 3532 1356 nostre
3573 1305 3650 1359 se

829 1410 1050 1482 taliter
1079 1407 1528 1482 astrinxerint
1550 1405 1887 1499 majestati
1916 1405 2107 1499 quod
2138 1414 2367 1478 nostra
2398 1406 2805 1496 gravamina
2835 1407 2976 1478 sint
3002 1428 3242 1479 eorum
3269 1408 3560 1481 lesiones
3585 1418 3656 1481 et

827 1555 1063 1606 eorum
1094 1534 1387 1604 laeionoe
1411 1542 1642 1603 nostra
1678 1530 2084 1624 gravamina
2114 1541 2515 1624 reputemus
2548 1527 2609 1624 (l
2629 1534 2654 1624 )
2675 1583 2695 1620 ,
2736 1529 3270 1620 significandum
3320 1531 3654 1605 duximus

828 1657 1170 1743 universis
1204 1654 1397 1749 quod
1425 1676 1552 1727 nos
1576 1674 1670 1726 ex
1697 1654 2011 1727 consulta
2035 1652 2531 1726 deliberatione
2565 1654 2913 1749 predictos
2935 1653 3173 1729 fideles
3218 1666 3484 1730 nostros
3508 1658 3648 1753 epi-

826 1803 1110 1876 soopum
1150 1790 1219 1852 et
1251 1800 1527 1852 omnem
1570 1778 1898 1850 familiam
1932 1776 2504 1871 Argentinensem
2534 1786 2604 1850 et
2639 1778 3041 1851 nominatim
3070 1780 3257 1852 cives
3282 1782 3644 1875 specialem

829 1905 963 1977 sub
980 1915 1277 1976 nostram
1299 1902 1688 1999 recepimus
1717 1902 2202 1997 protectionem
2225 1928 2244 1990 ;
2271 1903 2583 1975 volentes
2600 1911 2678 1974 ut
2696 1902 3118 1997 ubicumque
3137 1926 3260 2000 per
3281 1906 3648 2002 imperium

830 2023 1171 2120 proficisci
1207 2025 1320 2096 vel
1354 2022 1690 2115 negotiari
1732 2042 2014 2094 neeesse
2043 2021 2443 2112 habuerint,
2496 2021 2688 2114 regio
2735 2023 3111 2115 patrocinio
3158 2022 3640 2100 defendantur.

827 2146 1255 2240 Quapropter
1293 2141 1707 2215 mandamus
1746 2141 1880 2213 sub
1935 2140 2486 2213 interminatione
2527 2140 2745 2234 gratie
2786 2149 3014 2213 nostre
3062 2141 3368 2217 districte
3414 2148 3645 2241 preci-

828 2269 1090 2363 pientes
1123 2275 1201 2338 ut
1227 2266 1460 2338 nullus
1491 2265 1584 2336 sit
1613 2265 1733 2357 qui
1767 2285 1941 2336 ausu
1972 2263 2222 2336 ductus
2244 2265 2636 2355 temerario,
2678 2264 3063 2358 sepedictos
3100 2264 3337 2340 fideles
3379 2283 3645 2345 nostros

827 2392 1358 2487 Argentinenses
1392 2388 1467 2460 in
1492 2388 1809 2484 personis
1833 2388 1945 2459 vel
1979 2387 2049 2457 in
2074 2387 2284 2460 rebus
2316 2388 2678 2461 molestare
2713 2388 2965 2460 audeat
2990 2389 3102 2460 vel
3140 2389 3518 2486 dampnum
3543 2396 3645 2467 eis

829 2525 946 2588 aut
993 2535 1372 2610 gravamen
1417 2510 1699 2607 aliquod
1734 2512 2058 2606 irrogare.
2116 2510 2319 2596 Quod
2363 2512 2487 2604 qui
2525 2512 2748 2585 facere
2792 2513 3315 2608 presumpserit,
3363 2538 3642 2609 gravem

828 2640 1150 2713 offensam
1179 2646 1479 2710 nostram
1503 2657 1581 2709 se
1610 2634 1883 2708 noverit
1905 2635 2344 2708 incursurum
2372 2631 2496 2733 [et]
2524 2657 2663 2708 non
2694 2634 2946 2708 evadet
2964 2647 3194 2710 nostre
3219 2638 3649 2714 celsitudinis

832 2764 1182 2835 ultionem.
2871 2822 2880 2833 .

921 2888 1166 2958 Datum
1199 2882 1392 2981 apud
1424 2880 1960 2978 Bochperdiam,
2010 2904 2194 2956 anno
2235 2881 2580 2956 dominice
2622 2881 3105 2957 incarnationis
3138 2883 3595 2961 MCCXXXIII
3622 2945 3639 2975 ,

832 3011 973 3082 VIII
997 3010 1158 3083 idus
1188 3007 1453 3100 martii,
1494 2996 1869 3079 indietione
1892 3007 2010 3077 VI.

1301 3326 3125 3346 —ae—-—————-——-——-———-———-—————‚.-————-——-

932 3604 1296 3689 Hem-icus
1312 3670 1335 3715 ‚
1384 3608 1907 3691 Romanorum
1942 3633 2076 3689 rex
2091 3655 2129 3715 ‚·
2157 3609 2256 3690 ad
2309 3608 2746 3716 petitionem
2795 3610 3074 3694 civium
3121 3611 3643 3695 Bremensium
3812 3635 3937 3691 avua

3747 3687 3972 3732 Weoelam
3983 3721 3997 3744 ,

829 3746 1076 3818 ratum
1129 3737 1359 3820 habet
1400 3740 1609 3847 quod
1670 3738 2274 3847 archiepiscopus
2324 3740 2752 3821 Bremensis
2805 3743 3290 3825 statuendum
3344 3744 3646 3828 duxerit
3763 3743 3792 3785 ⁹
3817 3744 3980 3788 M·

831 3891 1053 3976 super
1087 3868 1427 3953 delendis
1460 3870 1776 3955 teloneis
1818 3880 1894 3952 et
1936 3871 2454 3954 exactionibus
2469 3932 2493 3977 ‚
2555 3896 2751 3981 quae
2805 3897 2962 3954 non
3023 3898 3117 3954 ex
3169 3873 3424 3957 debito
3469 3875 3644 3986 jure

823 3997 1321 4085 habebantur.

981 4206 1186 4280 (Edld.
1227 4207 1377 4269 Jon.
1414 4207 1590 4269 Pan..
1643 4208 1895 4284 Cassan,
1938 4205 2293 4292 Sammltmq
2318 4205 2665 4292 νημαι-αεὶ.
2717 4204 3029 4270 urkunden
3059 4209 3367 4289 (Bremen,
3412 4214 3634 4293 1768),

1054 4328 1117 4390 p.
1151 4313 1319 4392 ⁴61.)

840 4468 1280 4485 ——--...—....-..-.

896 4568 964 4641 (t)
999 4570 1057 4626 ld
1080 4571 1265 4629 sedulo
1297 4574 1591 4631 notandum
1610 4582 1725 4644 est,
1757 4577 1885 4633 dum
1910 4579 2065 4651 quasi
2088 4577 2406 4652 priucipium
2429 4594 2572 4634 nunc
2595 4577 3080 4635 animadvertamus
3113 4577 3303 4635 horum
3329 4593 3630 4636 sacramen-

829 4667 1016 4736 torum,
1043 4683 1179 4738 quae
1212 4674 1400 4741 postea
1432 4686 1466 4726 a
1492 4670 1824 4746 principibus
1856 4679 1919 4740 et⁸
1943 4674 2250 4732 civitatibus
2264 4716 2278 4745 ‚
2313 4673 2617 4733 volentibus
2655 4674 2742 4733 vel
2779 4675 2956 4734 invitis
2972 4717 2987 4746 ,
3031 4691 3127 4732 rex
3152 4674 3417 4734 Henricus
3448 4682 3638 4735 eontra

828 4765 1031 4831 patrem
1052 4778 1212 4821 suum
1235 4765 1449 4838 exigere
1471 4770 1847 4845 praesumpsit.
