4842 5802
1204 637 1325 699 606
2246 644 2604 706 mmmm
2653 646 2990 707 SEP'run
3650 650 3811 728 [An.
3850 652 4028 717 1233.

1302 775 1420 857 Η.,
1449 774 1573 847 Dei
1607 776 1829 869 gratia
1862 778 2321 852 Romanorum
2354 801 2483 852 rex
2532 791 2602 853 et
2651 803 2923 876 semper
2962 792 3334 876 augustus,
3381 783 3726 858 universis
3759 786 4032 881 imperii

1208 895 1533 972 fidelibus
1567 899 1825 993 quibus
1859 923 2142 997 presens
2173 903 2505 999 scriptum
2543 905 2748 977 fuerit
2778 905 3170 979 exhibitum
3218 907 3292 978 in
3337 916 3774 1003 perpetuum.
3817 911 4032 1007 Regie

1202 1023 1576 1117 majestatis
1610 1023 1893 1097 interest
1919 1025 2331 1100 devotorum
2366 1036 2438 1100 et
2477 1026 2790 1101 fidelium
2840 1028 3107 1124 imperii
3144 1038 3375 1125 partes
3401 1031 3839 1107 rationabiles
3874 1035 4026 1108 ani-

1202 1145 1638 1220 madvertere
1696 1158 1766 1220 et
1801 1168 1922 1222 eos
1960 1149 2032 1220 in
2078 1150 2188 1222 his
2223 1170 2318 1222 ex
2358 1149 2567 1222 officii
2617 1150 2851 1224 debito
2896 1151 3263 1225 liberaliter
3302 1153 3669 1227 exaudire.
3711 1155 3882 1229 Inde
3924 1166 4032 1229 est

1201 1269 1394 1364 quod
1422 1293 1547 1365 per
1588 1291 1873 1366 presens
1914 1272 2242 1367 scriptum
2282 1281 2523 1345 notum
2561 1293 2716 1346 esse
2758 1272 3084 1347 volumus
3130 1276 3475 1349 universis
3523 1277 3717 1371 quod
3765 1299 3891 1352 nos
3933 1278 4026 1353 ad

1202 1393 1598 1488 petitionem
1632 1392 1945 1467 fidelium
1971 1405 2359 1469 nostrorum
2391 1395 2651 1469 civium
2687 1404 2756 1469 et
2786 1396 3020 1491 populi
3043 1397 3252 1470 totius
3279 1399 3576 1473 civitatis
3605 1401 4018 1496 Bremensis,

1202 1516 1528 1590 universa
1576 1518 1846 1592 telonea
1882 1527 1952 1590 et
1987 1520 2380 1593 exactiones
2419 1520 2852 1594 omnimodas
2878 1542 3018 1614 que
3061 1541 3200 1593 non
3229 1543 3323 1595 ex
3358 1521 3594 1597 debito
3639 1533 3708 1597 et
3737 1525 4025 1619 antiquo

1198 1641 1357 1732 jure
1392 1642 1775 1716 habeantur
1793 1697 1814 1735 ,
1863 1666 2040 1738 quas
2066 1645 2355 1718 dilectus
2383 1645 2707 1742 princeps
2736 1655 2968 1719 noster
2998 1647 3417 1721 venerabilis
3460 1649 4023 1745 archiepiscopus

1201 1766 1589 1838 Bremensis
1620 1789 1746 1861 pro
1778 1778 1958 1841 terre
1984 1767 2348 1842 commodo
2370 1770 2673 1864 generali
2702 1771 2775 1842 in
2804 1792 2929 1843 sua
2957 1770 3216 1845 diocesi
3241 1771 3617 1845 eradicavit
3638 1782 3708 1844 et
3733 1771 4017 1858 delevit,

1197 1889 1402 1981 juxta
1433 1889 1625 1984 quod
1654 1892 1728 1962 in
1755 1892 1994 1964 litteris
2022 1892 2168 1965 suis
2193 1892 2487 1989 proinde
2516 1893 2841 1967 confectis
2866 1895 3140 1990 plenius
3165 1895 3577 1986 continetur,
3611 1894 4024 1968 authoritate

1202 2013 1389 2108 regia
1429 2013 1763 2088 delendas
1791 2015 2124 2089 duximus
2152 2026 2220 2089 et
2255 2017 2749 2107 eradicandas3
2790 2016 3269 2091 confirmantes
3314 2027 3550 2091 tenore
3598 2019 4019 2112 presentium

1206 2137 1396 2229 quod
1425 2139 1654 2213 dictus
1688 2139 2008 2235 princeps
2034 2148 2263 2212 noster
2281 2140 2489 2213 duxit
2509 2162 2720 2236 super
2751 2140 3149 2233 hujusmodi
3177 2139 3648 2213 statuendum.
3677 2142 3765 2214 Ut
3785 2151 4018 2213 autem

1199 2261 1333 2333 hec
1363 2271 1593 2334 nostra
1627 2262 2054 2336 confirmatio
2083 2264 2296 2336 robur
2323 2265 2652 2356 obtineat,
2692 2274 2762 2337 et
2787 2265 2951 2339 dicti
2980 2265 3168 2338 cives
3202 2263 3414 2338 nostri
3440 2285 3649 2360 super
3674 2263 4021 2359 premissis

1198 2407 1240 2456 a
1269 2385 1459 2457 nulla
1495 2407 1786 2481 persona
1818 2386 2064 2459 humili
2099 2389 2213 2460 vel
2261 2387 2397 2460 alta
2447 2389 2714 2484 possint
2752 2387 3004 2461 amodo
3048 2387 3466 2483 perturbari,
3520 2395 3872 2483 presentes
3919 2386 4022 2459 eis

1201 2510 1524 2584 dedimus
1557 2511 1817 2585 litteras
1851 2511 2078 2608 sigillo
2110 2521 2340 2585 nostre
2366 2512 2796 2587 celsitudinis
2827 2511 3196 2585 roboratas.

1293 2638 1542 2708 Datum
1576 2636 1769 2733 apud
1794 2635 2134 2709 Weselam
2155 2634 2216 2730 (l
2231 2633 2285 2731 ),
2317 2657 2501 2708 anno
2529 2635 2874 2709 dominice
2899 2635 3386 2710 incarnationis
3405 2636 3503 2708 Μο
3528 2634 3659 2707 CC⁰
3679 2632 4014 2725 xxxnr,

1196 2761 1314 2832 vn
1351 2759 1510 2832 idus
1550 2759 1816 2847 martii,
1856 2758 2238 2832 indictione
2271 2759 2387 2830 Vl.

1680 3053 2762 3065 w—*u-——mo-o—-m

804 3341 928 3439 Su*
960 3341 1113 3450 ἵζω,
1303 3318 1674 3403 Henricus
1691 3380 1714 3425 ‚
1769 3320 2291 3403 Romanorum
2329 3342 2459 3398 rex
2477 3379 2500 3424 ,
2551 3314 2975 3425 paupertati
3011 3313 3368 3398 ecclesiae
3408 3315 3753 3399 Uterinae
3779 3315 4019 3399 Vallis

840 3449 1073 3494 ’ΒΜ
1198 3452 1781 3567 (Eussernthal)
1821 3451 2286 3560 compatiens
2300 3513 2323 3558 ‚
2365 3475 2609 3559 quum
2653 3448 2868 3529 illam
2905 3449 3005 3529 ad
3039 3447 3298 3530 omnia
3332 3447 3665 3531 caritatis
3709 3460 3784 3533 et
3815 3450 4017 3533 hos-

1200 3588 1591 3699 pitalitatis
1635 3611 1865 3696 opera
1909 3594 2247 3693 oporteat
2300 3607 2467 3666 esse
2512 3589 2896 3690 paratam,
2957 3578 3360 3663 ecclesiam·
3379 3606 3617 3665 suam
3661 3581 3743 3663 in
3795 3583 4020 3665 Ann-

1192 3722 1448 3808 weiler
1482 3745 1661 3804 cum
1698 3716 1996 3803 vacabit
2029 3715 2273 3799 eidem
2308 3713 2676 3798 coenobio
2709 3712 3027 3796 confert.

1204 3883 1212 3892 ¹
1355 3875 1560 4014 (Edid.
1590 3934 2035 4003 Wunnrwmm
2062 3928 2203 3992 Νου.
2233 3925 2465 3991 Subsid.
2495 3922 2840 4008 Diplomaa,
2872 3934 2921 3989 t.
2945 3925 3086 4005 XII,
3112 3942 3176 4004 p.
3210 3926 3375 4006 144.)

1293 4122 1654 4197 Heinricus
1673 4119 2031 4214 septimus,
2064 4116 2305 4189 divina
2332 4117 2611 4187 favente
2637 4112 2994 4186 clementia
3019 4113 3480 4186 Romanorum
3507 4133 3633 4184 rex
3655 4121 3724 4184 et
3746 4132 4016 4206 semper

1197 4255 1569 4342 augustus,
1614 4241 1958 4314 universis
1988 4237 2261 4334 imperii
2296 4236 2620 4310 fidelibus
2654 4237 2913 4332 quibus
2943 4255 3225 4331 presens
3257 4237 3476 4307 littera
3504 4234 3709 4307 fuerit
3741 4244 4015 4309 ostensa

1206 4371 1498 4466 gratiam
1530 4389 1730 4441 suam
1763 4373 1832 4438 et
1862 4384 2068 4437 omne
2088 4361 2373 4435 bonum.
2404 4361 2576 4433 Cum
2595 4368 2857 4435 constet
2886 4360 3086 4433 nobis
3103 4359 3464 4432 ecclesiam
3492 4357 3769 4431 Uterine
3800 4358 4014 4431 Vallis

1264 4679 1337 4754 (t)
1375 4680 1546 4735 Locus
1574 4672 1790 4734 nomine
1812 4668 2110 4732 Oberwesel
2138 4669 2452 4741 distinctus,
2486 4684 2648 4743 supra
2683 4667 2928 4726 Rhenum
2946 4708 2961 4738 ‚
2993 4682 3103 4725 non
3125 4664 3370 4739 procula
3393 4662 3656 4738 Bopardia
3684 4677 3876 4722 versus
3900 4677 4012 4719 me-

1189 4779 1396 4838 ridiem.
