4842 5802
776 599 964 658 humer.
1002 591 1085 675 7.]
1662 585 2059 649 HISTORIA
2110 582 2695 647 DIPLOMATICA.
3475 575 3592 638 641

879 1087 1251 1173 Henricus
1281 1149 1306 1195 ,
1371 1088 1893 1172 Romanorum
1954 1115 2087 1173 rex
2110 1154 2133 1198 ,
2211 1090 2663 1172 sententiam
2744 1087 2843 1169 ab
2921 1086 3242 1193 Hugone
3321 1083 3595 1166 abbate
3678 1111 3972 1216 mmm

777 1218 1253 1304 Murbacensi
1306 1222 1545 1305 latam
1596 1223 1861 1305 inserit
1911 1233 1988 1306 et
2048 1222 2451 1306 confirmat
2469 1285 2491 1329 ⁷
2552 1246 2777 1330 super
2839 1216 3347 1301 controversia
3396 1242 3596 1325 quae
3671 1220 3724 1261 ¹⁶
3750 1219 3976 1264 “mm

775 1353 1206 1437 vertebatur
1275 1355 1472 1438 inter
1540 1356 2057 1464 praepositum
2109 1366 2185 1437 et
2254 1354 2670 1463 capitulum
2727 1352 3227 1435 Solodorense
3285 1366 3376 1432 ex
3441 1375 3594 1431 una

777 1494 988 1593 parte
1023 1495 1100 1568 et
1133 1487 1331 1570 cives
1368 1487 1908 1572 Solodorenses
1952 1514 2046 1570 ex
2080 1487 2358 1594 altera,
2398 1485 2743 1568 videlicet
2776 1494 2866 1567 ut
2897 1484 3215 1592 quidam
3248 1481 3596 1564 homines

782 1615 1034 1701 Sancti
1089 1620 1254 1702 Ursi
1309 1610 1597 1705 eisdem
1645 1619 2076 1730 praeposito
2129 1630 2204 1701 et
2253 1618 2587 1728 capitulo
2637 1628 2713 1702 et
2764 1643 2919 1701 non
2975 1615 3104 1697 alii
3157 1617 3253 1698 de
3306 1622 3599 1697 caetero

781 1753 1134 1839 serviant.

940 1965 1138 2045 (Edit.
1166 1982 1267 2044 ap.
1299 1966 1598 2039 Tscnum,
1633 1964 1899 2028 Chr-onie.
1931 1963 2180 2040 Helvet„
2209 1972 2256 2026 t.
2286 1965 2339 2041 1,
2370 1982 2432 2043 p.
2468 1962 2630 2042 129.)

875 2152 1275 2241 Heinricus,
1327 2150 1567 2224 divina
1598 2151 1879 2223 favente
1923 2150 2285 2223 clementia
2314 2150 2776 2222 Romanorum
2824 2170 2951 2222 rex
3011 2171 3282 2246 semper
3324 2173 3598 2246 augus-

785 2284 934 2367 tae,
995 2274 1340 2347 universis
1376 2274 1644 2369 imperii
1699 2273 2020 2347 fidelibus
2077 2273 2149 2344 in
2185 2281 2616 2369 perpetuum.
2661 2273 2940 2347 Noverit
2997 2295 3278 2368 presens
3336 2283 3481 2349 etas
3531 2285 3601 2348 et

783 2401 1012 2472 futura
1038 2400 1399 2494 posteritas
1433 2398 1626 2492 quod
1657 2419 2054 2493 processum
2083 2397 2315 2469 dilecti
2362 2396 2691 2492 principis
2722 2396 2933 2468 nostri
2965 2396 3273 2489 Hugonis
3299 2419 3599 2471 venera-

784 2524 942 2596 bilis
975 2522 1448 2595 Murbacensis
1492 2520 1762 2593 abbatis
1801 2541 2009 2615 super
2044 2541 2250 2592 causa
2286 2541 2427 2613 que
2461 2519 2858 2592 vertebatur
2883 2520 3058 2591 inter
3090 2521 3403 2592 Ottonem
3441 2543 3599 2616 pre-

783 2648 1081 2742 positum
1126 2655 1194 2718 et
1229 2647 1604 2741 capitulum
1642 2645 2094 2718 Solodorense
2118 2666 2208 2716 ex
2254 2666 2395 2717 una
2420 2654 2613 2739 parte
2657 2653 2728 2717 et
2759 2644 2947 2718 cives
2989 2644 3473 2718 Solodorenses
3503 2667 3597 2719 ex

789 2773 1001 2843 altera
1030 2792 1238 2866 super
1274 2770 1694 2864 quibusdam
1748 2769 2141 2842 hominibus
2194 2768 2423 2840 Sancti
2458 2769 2609 2840 Ursi
2664 2769 2838 2841 inter
2888 2768 3156 2840 Ararim
3189 2778 3257 2842 et
3294 2779 3596 2844 montem

786 2895 1087 2969 Leberen
1117 2893 1217 2991 (a)
1251 2893 1836 2968 commorantibus
1870 2894 2140 2986 justum
2181 2900 2668 2987 cognoscentes
2688 2946 2707 2983 ,
2767 2915 2928 2966 eum
2966 2893 3364 2967 auctoritate
3407 2895 3598 2990 regia

789 3020 1309 3109 confirmamus;
1354 3019 1556 3092 dictis
1591 3019 1865 3091 civibus
1904 3039 2114 3113 super
2144 3019 2254 3090 his
2284 3027 2697 3114 perpetuum
2740 3017 3086 3089 silentium
3124 3017 3595 3113 imponentes,

789 3144 1107 3216 volumus
1140 3153 1209 3215 et
1241 3142 1652 3215 mandamus
1672 3151 1742 3214 et
1772 3142 1903 3213 sub
1929 3141 2212 3214 obtentu
2243 3141 2463 3236 gratie
2488 3150 2718 3214 nostre
2736 3141 3158 3236 precipimus
3185 3150 3264 3212 ut
3289 3141 3602 3216 homines

789 3265 1109 3339 antedicti
1144 3265 1488 3361 preposito
1536 3273 1603 3337 et
1638 3265 1943 3360 capitulo
1978 3265 2371 3338 memoratis
2415 3275 2487 3338 et
2519 3286 2659 3338 non
2705 3265 2825 3337 alii
2856 3264 2946 3338 de
2991 3275 3216 3339 cetero
3248 3268 3592 3358 serviant,

787 3397 993 3485 prout
1017 3389 1089 3462 in
1119 3390 1573 3462 instrumento
1619 3409 1828 3484 super
1860 3409 2190 3484 processu
2236 3389 2402 3461 dicti
2436 3389 2705 3462 abbatis
2741 3389 3050 3461 confecto
3083 3390 3354 3484 plenius
3383 3393 3601 3463 conti·

789 3520 1028 3599 netur3
1069 3515 1266 3606 cujus
1314 3522 1507 3586 tenor
1543 3512 1696 3585 talis
1732 3521 1836 3585 est
1879 3538 1897 3583 ε

885 3637 1115 3729 Hugo,
1146 3636 1271 3708 Dei
1298 3637 1517 3731 gratia
1552 3636 2023 3709 Murbacensis
2049 3636 2291 3727 abbas,
2319 3636 2664 3708 universis
2689 3644 3076 3732 presentem
3108 3637 3430 3732 paginam
3483 3638 3600 3709 in-

790 3758 1125 3855 specturis
1152 3760 1439 3833 salutem
1464 3761 1537 3832 in
1553 3760 1873 3833 Domino.
1905 3759 2093 3832 Scire
2119 3761 2446 3833 volumus
2466 3780 2707 3832 omnes
2724 3781 2901 3855 quos
2921 3759 3097 3832 scire
3121 3760 3324 3832 fuerit
3348 3782 3598 3857 oppor-

790 3893 1034 3956 tunum
1065 3882 1255 3977 quod
1289 3905 1450 3956 cum
1482 3883 1574 3956 ad
1606 3884 2001 3958 instantiam
2037 3894 2107 3956 et
2141 3883 2539 3979 petitionem
2576 3880 2841 3956 domini
2885 3883 3151 3956 Ottonis
3182 3886 3600 3959 venerabilis

791 4009 1257 4083 Solodorensis
1269 4010 1558 4083 ecclesie
1583 4010 1926 4107 prepositi
1950 4018 2019 4082 et
2046 4009 2155 4081 sui
2192 4009 2498 4104 capituli,
2531 4009 2850 4082 dominus
2885 4018 3114 4082 noster
3150 4011 3431 4084 illustris
3463 4013 3597 4085 Ro·

789 4153 1152 4206 manorum
1183 4154 1311 4205 rex
1345 4154 1616 4229 semper
1644 4142 1985 4228 augustus
2010 4132 2211 4207 nobis
2240 4132 2543 4205 dedisset
2584 4133 2657 4204 in
2702 4133 3045 4207 mandatis
3089 4143 3168 4205 ut
3192 4157 3402 4232 super
3427 4157 3602 4209 con-

790 4257 1120 4331 troversia
1150 4278 1288 4351 que
1319 4257 1497 4330 inter
1521 4257 1931 4349 jamdictum
1959 4255 2383 4353 prepositum
2409 4265 2479 4329 et
2500 4278 2707 4329 suum
2729 4258 3109 4352 capitulum
3139 4279 3233 4331 ex
3253 4281 3392 4331 una
3407 4268 3601 4353 parte

790 4388 857 4450 et
885 4380 1075 4453 cives
1106 4380 1592 4455 Solodorenses
1624 4403 1721 4454 ex
1750 4382 1966 4454 altera
1996 4381 2388 4455 vertebatur
2423 4402 2549 4477 pro
2580 4380 2972 4453 hominibus
3019 4382 3248 4455 Sancti
3279 4382 3432 4455 Ursi
3474 4386 3599 4479 qui

797 4500 960 4574 citra
975 4501 1249 4575 Ararim
1278 4504 1369 4577 de
1401 4513 1596 4600 parte
1624 4505 1876 4577 montis
1907 4506 2152 4579 Lebrin
2188 4514 2718 4596 commorantur,
2758 4506 3021 4599 dejure
3051 4507 3412 4602 utriusque
3442 4532 3598 4604 par-

881 4675 965 4758 (α)
1006 4677 1242 4740 Scilicet
1263 4678 1393 4742 Am·
1419 4687 1481 4744 et
1501 4678 1879 4763 Lacherberq.

950 4780 1051 4843 lv.
1096 4797 1209 4842 Pan
1231 4801 1275 4844 ς.
3204 4796 3271 4847 81
