4842 5802
1213 661 1334 721 714
2252 662 2592 723 numum
2647 661 2980 725 sssr'rmn
3654 664 3814 749 [Anu.
3853 667 4022 730 1235.

1318 1314 1687 1401 Henricus
1702 1380 1725 1426 ‚
1792 1315 2313 1400 Romanorum
2372 1342 2507 1398 rex
2532 1378 2555 1423 ‚
2621 1316 3167 1399 monasterium
3229 1316 3325 1400 de
3395 1315 3673 1403 Sancto
3730 1320 4025 1407 Urbano

1219 1449 1365 1534 sub
1402 1477 1543 1533 sua
1601 1450 2060 1558 protectione
2121 1448 2412 1556 recipit,
2479 1457 2555 1530 et
2607 1448 2922 1530 sculteto
2984 1449 3080 1531 de
3132 1448 3501 1535 Solodoro
3559 1454 4022 1565 caeterisque

1211 1580 1702 1692 Burgundiae
1763 1580 2182 1664 rectoribus
2237 1580 2553 1662 mandat
2603 1589 2691 1663 ut
2741 1604 2871 1664 eos
2932 1579 3079 1692 qui·
3120 1582 3665 1666 monasterium
3725 1585 4022 1671 laedere

1207 1714 1891 1824 praesumpserint,
1930 1713 2339 1823 reprimere
2373 1736 2529 1796 non
2566 1711 2946 1795 omittant.

1375 1956 1565 2029 (Edit.
1598 1971 1694 2031 ap.
1735 1951 1957 2016 Solone.
2007 1950 2423 2025 Wochenblatt,
2464 1970 2620 2013 anno
2668 1962 2853 2028 1828,
2882 1962 2948 2013 n·
2973 1962 3083 2028 41,
3131 1971 3194 2032 p.
3237 1962 3379 2015 446.
3406 1985 3486 2000 -
3515 1954 3590 2015 Et
3628 1972 3727 2033 ap.
3779 1955 4018 2018 Ver-nacla

1451 2062 1610 2120 einer
1651 2056 1910 2121 dar-stell.
1961 2057 2058 2119 des
2099 2055 2230 2138 ctist
2271 2055 2631 2139 Enqdberq,
2658 2077 2714 2136 p.
2756 2068 2902 2134 113,
2934 2068 3002 2120 n⁰
3042 2067 3111 2139 ὅ,
3148 2076 3224 2121 ex
3258 2061 3525 2138 origlnall
3560 2062 3717 2122 unde
3759 2063 4016 2140 sigillum

1447 2182 1682 2229 cereum
1709 2166 1927 2243 pendet
1951 2181 2088 2227 eum
2136 2166 2516 2242 inscriptlone
2543 2164 2734 2239 sollte,
2766 2170 2997 2242 praeter
3029 2165 3193 2243 quod
3229 2166 3307 2227 ad
3339 2166 3621 2228 thronum
3661 2168 3877 2245 legitur
3918 2167 4017 2229 ΕΤ

1443 2270 1964 2349 DUX-SVEVIE.)

1304 2488 1390 2560 Η.
1413 2544 1431 2576 ,
1470 2486 1594 2560 Dei
1637 2486 1859 2579 gratia
1898 2486 2357 2559 Romanorum
2398 2506 2527 2557 rex
2569 2494 2639 2557 et
2682 2505 2957 2580 semper
2991 2495 3328 2580 augustus
3347 2539 3368 2574 ‚
3408 2489 3694 2560 sculteto
3746 2488 3837 2561 de
3880 2489 4018 2561 So·-

1210 2611 1448 2687 lodoro
1479 2619 1548 2683 et
1587 2610 1828 2683 ceteris
1869 2607 2272 2701 Burgundie
2324 2607 2707 2680 rectoribus
2759 2608 2894 2681 sub
2933 2608 3195 2685 ditione
3236 2632 3369 2683 sua
3412 2610 3824 2704 degentibus
3857 2632 4013 2704 gra·

1208 2736 1375 2808 tiam
1412 2754 1607 2806 suam
1649 2741 1718 2805 et
1762 2752 1966 2805 omne
2004 2730 2291 2802 bonum.
2331 2730 2510 2815 Quia
2557 2730 2778 2803 honor
2834 2731 3020 2824 regis
3070 2742 3177 2804 est
3219 2732 3565 2826 judicium
3617 2733 3905 2828 diligere
3949 2744 4017 2807 et

1205 2855 1500 2930 Domino
1544 2855 1953 2928 famulantes
1987 2854 2119 2928 sub
2167 2852 2608 2948 protectionis
2641 2874 2767 2925 sue
2800 2853 3183 2930 munimine
3226 2875 3673 2944 conservare,
3718 2878 3879 2929 nam
3931 2877 4016 2931 eo

1205 2979 1585 3053 studiosius
1627 2999 1753 3072 pro
1794 2977 1937 3050 vita
1982 2977 2168 3068 regis
2205 2974 2645 3068 filiorumque
2675 2978 2828 3067 ejus
2862 2975 2962 3068 (⁴)
2997 2997 3194 3049 orare
3230 2986 3551 3073 poterunt
3581 2999 3723 3071 quo
3756 2979 4012 3051 fuerint

1203 3124 1246 3174 a
1281 3103 1580 3172 tumultu
1630 3120 1855 3172 rerum
1898 3100 2308 3171 secularium
2343 3099 2630 3190 seclusi,
2664 3098 2855 3192 quod
2888 3098 3036 3172 fieri
3074 3121 3211 3173 non
3251 3109 3474 3195 potest
3508 3101 3642 3173 nisi
3672 3102 4013 3196 predones

1204 3233 1569 3298 arceantur
1623 3233 1691 3294 et
1727 3222 2064 3295 bonorum
2114 3222 2316 3295 saluti
2361 3221 2749 3295 invidentes
2788 3233 3297 3314 semoveantur,
3335 3223 3642 3318 alioquin
3683 3224 3759 3297 id
3798 3225 4015 3298 effec-

1209 3356 1355 3424 tum
1417 3368 1557 3420 non
1620 3346 1940 3436 habebit3
1993 3344 2184 3420 unde
2238 3345 2563 3419 omnibus
2618 3346 2800 3419 hanc
2840 3347 3171 3442 paginam
3220 3347 3735 3443 inspicientibus
3789 3359 4017 3444 pateat

1205 3473 1398 3568 quod
1444 3472 1936 3547 monasterium
1986 3471 2078 3544 de
2109 3473 2365 3545 Sancto
2425 3471 2698 3548 Urbano
2749 3494 2907 3544 cum
2964 3473 3288 3550 omnibus
3332 3474 3758 3568 pertinentiis
3816 3476 3963 3548 suis
3991 3533 4008 3561 ‚

1204 3599 1453 3671 intuitu
1482 3598 1608 3671 Dei
1645 3599 1940 3690 ejusque
1966 3594 2396 3669 sanctissime
2427 3597 2815 3688 Genitricis‚
2848 3597 2986 3669 sub
3018 3598 3509 3690 protectionem
3543 3611 3842 3672 nostram
3893 3623 4015 3674 re·-

1206 3725 1516 3818 cepimus
1535 3775 1555 3814 ,
1634 3741 2012 3814 eorumque
2092 3719 2424 3794 offensam
2475 3721 2693 3795 veluti
2743 3728 3043 3794 nostram
3097 3742 3527 3796 execramus.
3587 3724 4014 3820 Quapropter

1205 3847 1408 3920 vobis
1456 3844 1873 3941 precipimus
1931 3853 2001 3917 et
2046 3844 2178 3916 sub
2233 3845 2523 3918 obtentu
2578 3845 2795 3938 gratie
2833 3855 3061 3918 nostre
3113 3846 3554 3942 precipiendo
3601 3849 4011 3922 mandamus

2923 4061 3517 4072 -Q--o—w·
3533 4062 4001 4074 m—

1278 4201 1350 4275 (4)
1389 4200 1489 4257 Hic
1528 4213 1740 4272 quoque
1766 4196 1941 4271 prima
1966 4203 2021 4254 et
2056 4197 2214 4254 unica
2245 4197 2365 4255 vice
2401 4197 2495 4255 filii
2529 4198 2671 4270 regis
2698 4206 3075 4272 memorantur,
3101 4200 3361 4259 Henricus
3392 4200 3596 4259 scilicet
3621 4208 3676 4259 et
3709 4202 4010 4262 Fridericus

1207 4299 1405 4358 vocati.
1433 4296 1534 4368 Qui
1568 4296 1727 4352 ambo
1763 4294 1940 4351 adhuc
1965 4293 2173 4367 parvuli
2198 4299 2323 4367 post
2348 4295 2733 4368 depositionem
2756 4298 2924 4370 patris
2945 4312 3055 4356 una
3088 4313 3213 4355 cum
3254 4298 3371 4372 ipso
3408 4297 3624 4355 fuerunt
3665 4299 3719 4356 in
3762 4301 4008 4374 Apuliam

1207 4395 1446 4468 relegati.
1475 4393 1763 4449 Henricum
1789 4390 2075 4448 immatura
2101 4396 2271 4447 morte
2297 4398 2647 4463 praeventum
2682 4408 2803 4449 esse
2835 4393 3129 4466 credimus,
3157 4393 3285 4451 dum
3310 4394 3511 4451 nullum
3537 4395 3605 4452 de
3636 4411 3701 4454 eo
3726 4397 4009 4469 vestigium

1207 4491 1461 4567 supersit.
1492 4489 1790 4548 Fridericus
1814 4504 1944 4546 vero
1982 4487 2034 4544 in
2072 4487 2346 4562 privilegio
2374 4488 2461 4545 avi
2488 4490 2571 4546 sui
2610 4489 2680 4547 de
2716 4505 2902 4549 mense
2931 4491 3125 4550 martio
3164 4494 3305 4550 4245
3331 4493 3483 4550 testis
3517 4498 3574 4550 et
3606 4493 3661 4550 in
3688 4500 4009 4553 testamento

1209 4590 1451 4663 eiusdem
1472 4586 1542 4644 de
1568 4601 1756 4643 mense
1789 4584 2062 4642 decembri
2103 4586 2241 4641 4250
2265 4584 2458 4643 haeres
2485 4592 2724 4660 apparet.
2749 4590 2904 4645 Anno
2936 4591 3075 4647 4252
3113 4588 3265 4647 obiit.
3296 4589 3467 4658 Quem
3494 4606 3703 4649 veneno
3741 4591 4009 4650 sublatum

1213 4687 1360 4745 sama
1387 4684 1507 4755 fuit,
1535 4682 1659 4741 licet
1683 4684 1959 4741 conradus
1988 4698 2085 4739 rex
2118 4683 2251 4739 tanti
2277 4683 2493 4741 sceleris
2512 4683 2718 4742 crimen
2742 4685 2848 4744 sibi
2869 4685 3187 4746 intentatum
3213 4687 3369 4746 valde
3395 4689 3538 4762 apud
3577 4704 3776 4765 papam
3800 4690 4012 4750 refelle-

1211 4784 1300 4844 rit.
1333 4783 1414 4841 Cf.
1438 4782 1618 4841 hin-r.
1642 4781 1852 4853 Parus„
1874 4779 2170 4848 Additum„
2197 4796 2253 4854 p.
2276 4782 2401 4838 426.
