4842 5802
1235 663 1359 727 588
2280 656 2633 722 mmmm
2687 654 3028 719 SEPTml
3686 650 3847 728 [Anu.
3888 649 4060 711 1232.

941 1242 1070 1299 *νᾶ
1348 1234 1718 1318 Henricus
1734 1295 1760 1341 ,
1817 1233 2336 1319 Romanorum
2390 1259 2522 1315 rex
2534 1294 2559 1336 ,
2610 1230 3072 1315 monasterio
3137 1228 3604 1314 Caesariensi
3671 1228 4065 1336 (Kaisers-

848 1298 1123 1350 Numberg
1135 1328 1154 1353 ‚

862 1353 917 1397 ²⁹
937 1351 1145 1395 „mm
1241 1365 1493 1477 heim)
1533 1365 2020 1451 donationem
2064 1364 2581 1448 ministerialis
2617 1363 2737 1446 sui
2772 1361 3100 1446 Heinrici
3132 1362 3229 1444 de
3264 1358 3647 1444 Kallindin
3690 1369 3766 1442 et
3800 1357 4059 1442 uxoris

1241 1498 1408 1610 ejus
1443 1500 1540 1583 de
1575 1508 1905 1610 quatuor
1939 1498 2352 1581 nominatis
2385 1497 2716 1606 praediis
2742 1495 2927 1578 illuc
2959 1493 3236 1578 factam
3257 1556 3281 1601 ,
3322 1492 3750 1577 confirmat.

1404 1739 1596 1819 (Edit.
1630 1742 1695 1801 in
1736 1740 1995 1801 Monum-
2026 1738 2219 1815 Boia,
2249 1744 2395 1800 tom.
2426 1736 2630 1817 XXX,
2655 1752 2793 1815 pars
2815 1737 2892 1815 1⁸,
2922 1746 2988 1796 n⁰
3017 1743 3164 1811 715,
3192 1753 3258 1814 p.
3289 1743 3440 1808 205,
3468 1750 3545 1795 ex
3570 1731 3843 1811 originali
3886 1733 4060 1808 culus

1475 1847 1733 1926 sigillum
1779 1849 1992 1925 periit,
2047 1844 2487 1908 remanentibus
2529 1850 2763 1905 tantum
2804 1841 2923 1904 tilis
2977 1842 3260 1919 disruptis
3312 1841 3597 1919 violacei,
3639 1837 3759 1903 albi
3805 1841 3865 1897 et
3908 1834 4057 1896 flavi

1474 1950 1737 2033 coloris.)

1332 2167 1694 2240 Heinricus
1755 2165 2089 2260 septimus
2115 2221 2131 2252 ,
2209 2163 2454 2237 divina
2521 2164 2797 2235 favente
2851 2158 3210 2234 clementia
3264 2159 3724 2230 Romanorum
3797 2175 3925 2227 rex
3986 2166 4055 2229 et

1233 2312 1505 2388 semper
1557 2299 1920 2385 augustus.
1972 2290 2116 2362 Deo
2172 2287 2461 2361 creatori
2515 2296 2747 2361 nostro
2799 2293 3070 2380 gratum
3120 2291 3190 2356 et
3239 2283 3518 2378 placens
3562 2288 3867 2376 prestare
3911 2298 4050 2350 non

1233 2416 1653 2512 ambigimus
1680 2416 2119 2511 obsequium,
2158 2414 2218 2485 si
2248 2414 2398 2486 loca
2427 2411 2670 2486 divino
2703 2410 2922 2484 cultui
2958 2408 3346 2504 mancipata
3388 2405 3859 2480 curaverimus
3890 2425 4053 2475 am·-

1230 2543 1451 2639 pliare
1483 2550 1554 2615 et
1576 2562 1814 2615 eorum
1848 2537 2258 2635 promotioni
2310 2558 2394 2610 ac
2434 2534 2818 2610 defensioni
2860 2531 3358 2606 intenderimus
3391 2551 3552 2601 cum
3590 2528 3864 2601 effectu.
3898 2526 4051 2611 Qua

1231 2668 1322 2741 de
1353 2688 1430 2739 re
1456 2665 1773 2741 noverint
1798 2673 1938 2735 tam
1967 2683 2249 2757 presens
2290 2670 2438 2734 etas
2476 2680 2687 2754 quam
2719 2677 3118 2729 successura
3152 2654 3512 2749 posteritas
3556 2651 3749 2745 quod
3793 2672 3920 2723 nos
3962 2649 4052 2722 de

1228 2790 1434 2887 plena
1476 2788 1928 2883 cognovimus
1974 2784 2264 2858 veritate
2295 2794 2367 2857 et
2405 2783 2778 2855 multorum
2816 2778 3125 2854 veridico
3170 2798 3264 2850 ex
3315 2778 3532 2848 relatu
3581 2783 3650 2847 et
3694 2795 3789 2846 ex
3836 2773 4051 2845 literis

1229 2923 1299 2988 et
1325 2912 1838 2986 confirmatione
1880 2909 2295 2984 serenissimi
2332 2907 2598 2981 domini
2635 2903 3064 3001 imperatoris
3099 2900 3314 2998 patris
3344 2898 3558 2972 nostri
3590 2917 3818 2969 coram
3848 2895 4049 2968 nobis

1227 3037 1440 3118 lecta,
1475 3034 1664 3129 quod
1691 3032 2150 3106 ministerialis
2176 3041 2406 3105 noster
2455 3029 2814 3103 Heinricus
2848 3027 2942 3101 de
2992 3023 3346 3098 Kallindin
3380 3032 3449 3096 et
3483 3043 3663 3093 uxor
3700 3041 3826 3093 sua
3860 3020 4047 3092 Bena

1225 3159 1374 3255 pari
1401 3166 1567 3231 voto
1592 3168 1661 3231 et
1692 3157 1923 3230 animo
1951 3155 2271 3229 concordi
2296 3154 2710 3229 monasterio
2739 3148 3121 3225 Cesariensi
3151 3147 3474 3220 universa
3496 3145 3678 3217 bona
3714 3152 3783 3216 et
3807 3142 4047 3238 predia

1222 3304 1366 3378 que
1436 3281 1785 3355 habebant
1835 3280 2028 3377 apud
2084 3280 2417 3374 Egewilr,
2467 3275 3191 3365 Vebermvotshoven,
3250 3267 3703 3343 Wezelsheim
3726 3323 3744 3353 ‚
3789 3264 4045 3338 Wach-

1224 3407 1445 3480 steine
1493 3415 1562 3480 et
1600 3404 2060 3500 Volperstetin
2084 3457 2105 3496 ,
2152 3401 2712 3477 contradiderunt
2768 3411 2838 3473 et
2885 3397 3321 3471 contulerunt
3372 3392 3588 3465 libere
3629 3384 3923 3463 tenenda
3978 3396 4047 3460 et

1223 3538 1557 3629 perpetuo
1601 3528 2015 3625 possidenda
2050 3555 2067 3598 ε
2105 3528 2223 3599 tali
2258 3536 2487 3599 tamen
2514 3525 2829 3598 condicto
2858 3521 3186 3596 videlicet
3220 3527 3292 3591 et
3316 3526 3516 3613 pacto
3551 3511 3744 3608 quod
3779 3532 4047 3585 annua-

1221 3655 1345 3729 tim
1380 3655 1470 3728 ab
1500 3652 1762 3727 eisdem
1809 3652 2012 3725 bonis
2054 3652 2299 3725 libram
2340 3672 2494 3724 cere
2538 3670 2664 3745 pro
2709 3668 2920 3721 censu
2965 3645 3396 3741 persolvatur
3442 3637 3731 3712 ecclesie
3782 3656 4044 3708 memo-

1221 3789 1407 3872 rate,
1460 3787 1529 3851 et
1585 3780 1643 3851 si
1702 3777 1993 3850 alterum
2059 3777 2369 3873 ipsorum
2424 3773 2715 3871 premori
2773 3771 3165 3863 contingat,
3222 3774 3569 3862 superstes
3626 3761 3868 3856 predia
3918 3779 4044 3855 pro

1224 3902 1471 3978 eodem
1507 3923 1714 3975 censu
1760 3901 1929 3974 dum
1965 3900 2220 3974 vixerit
2257 3899 2620 3989 obtinebit,
2667 3905 2736 3971 et
2759 3894 3099 3969 ambobus
3130 3889 3475 3967 defunctis
3506 3885 3751 3960 eadem
3803 3880 4043 3976 predia

1226 4027 1713 4100 monasterium
1762 4026 1977 4099 libere
2036 4034 2105 4098 et
2152 4025 2416 4118 absque
2478 4019 3016 4094 contradictione
3069 4014 3377 4109 qualibet
3439 4006 3843 4106 possidebit.
3897 4005 4043 4075 Hoc

1225 4153 1433 4226 etiam
1464 4159 1663 4246 pacto
1696 4148 2096 4245 interposito
2119 4146 2312 4243 quod
2346 4148 2406 4218 si
2446 4147 2601 4218 viro
2631 4152 2899 4216 mortuo
2937 4140 3122 4213 dicta
3149 4140 3335 4210 Bena
3364 4129 3847 4228 supervixerit,
3891 4129 4042 4222 ipsa

1221 4276 1406 4350 bona
1450 4296 1575 4369 pro
1616 4295 1823 4346 censu
1861 4279 2221 4368 prenotato
2267 4269 2358 4342 ad
2397 4272 2550 4363 eJus
2585 4269 2731 4340 vite
2774 4266 3143 4339 terminum
3187 4258 3559 4349 obtinebit,
3602 4262 3672 4328 et
3711 4253 3768 4325 si
3810 4254 4041 4325 forsan

1222 4401 1377 4473 viro
1418 4398 1552 4471 alio
1593 4397 2011 4492 superducto
2059 4394 2414 4488 generabit
2464 4413 2712 4488 pueros
2750 4400 2819 4463 et
2855 4385 3174 4476 heredes,
3209 4385 3309 4457 hii
3347 4385 3422 4457 in
3457 4378 3808 4477 prelibatis
3838 4376 4039 4449 bonis

1223 4525 1481 4609 nullam
1536 4521 1986 4596 hereditatem
2036 4520 2148 4591 vel
2215 4518 2567 4611 justiciam
2627 4514 2985 4587 habebunt
3024 4506 3493 4595 hereditandi‚
3561 4524 3692 4576 nec
3743 4500 4037 4589 alicujus

1220 4648 1485 4742 ingenii
1516 4646 1843 4743 scrupulo
1889 4667 1971 4717 ea
2022 4652 2342 4739 poterunt
2384 4642 2475 4714 ab
2524 4640 2814 4714 ecclesia
2860 4637 3188 4711 alienare.
3226 4632 3439 4724 Regia
3484 4629 3693 4723 igitur
3733 4621 4039 4698 auctori-

1222 4781 1361 4847 tate
1411 4779 1640 4844 nostra
1690 4780 1760 4841 et
1818 4769 2020 4862 legali
2082 4767 2436 4841 sanctione
2483 4763 2948 4861 supradictam
2999 4759 3434 4835 donationem
3483 4749 3771 4826 ecclesie
3821 4747 4037 4821 Cesa-
