4842 5802
936 601 1128 660 lnmcr.
1160 597 1246 673 5.]
1831 585 2223 650 HISTORIA
2272 572 2857 646 DIPLOMATICA.
3637 587 3749 647 581

1033 732 1319 826 Signum
1356 725 1620 800 domini
1648 724 1949 798 Heinrici
1979 724 2442 796 Romanorum
2472 721 2654 815 regis
2685 719 3139 793 invictissimi.
3177 718 3754 817 (Monoyramma.)

1034 857 1283 928 Datum
1315 848 1512 947 apud
1544 848 1985 922 Francenfort
2031 848 2106 920 in
2147 846 2485 941 solempni
2530 844 2722 917 curia
2762 853 3026 937 nostra,
3073 866 3284 936 anno,
3329 867 3590 939 mense,
3648 846 3754 917 in·

943 979 1234 1053 dictione
1271 973 1673 1072 prenotatis.

1047 1540 1413 1622 Henricus
1435 1600 1461 1646 ,
1519 1537 2035 1621 Romanorum
2097 1562 2233 1619 rex
2254 1599 2278 1644 ‚
2337 1536 3026 1620 Wormatiensibus
3086 1538 3377 1621 civibus
3442 1538 3759 1621 mandat
3828 1566 4049 1664 ,uffae

955 1662 1035 1754 se
1077 1697 1342 1756 eorum
1396 1670 1711 1753 consilia
1745 1678 1821 1752 et
1862 1668 2513 1752 confraternitates
2556 1670 2636 1750 in
2679 1681 3068 1779 posterum
3108 1670 3442 1779 auferre,
3485 1674 3581 1754 ad
3628 1699 3756 1756 eos
3859 1677 3888 1717 ⁴
3914 1622 4142 1728 ⁸·ffl'

952 1804 1246 1885 mittens
1283 1802 1936 1911 archiepiscopum
1970 1800 2660 1910 Moguntinensem,
2693 1801 2787 1883 H.
2824 1802 3339 1885 marchionem
3376 1804 3472 1886 de
3497 1804 3755 1889 Baden

954 1946 1023 2019 et
1058 1936 1454 2019 Gerlacum
1488 1935 1586 2018 de
1618 1933 2019 2045 Budingen
2064 1942 2151 2016 ut
2194 1959 2372 2016 cum
2425 1934 2776 2043 episcopo
2821 1935 3361 2019 Wormatiensi
3405 1937 3502 2020 de
3555 1948 3756 2020 statu

953 2066 1259 2151 civitatis
1295 2066 1650 2150 ordinent
1685 2073 1760 2149 et
1792 2065 2226 2173 disponant.

1100 2281 1377 2361 (Edlder.
1418 2282 1784 2354 Semnan,
1823 2279 1973 2340 Hist.
2005 2280 2174 2358 episc.
2219 2279 2461 2353 Worm‚,
2489 2296 2551 2356 p.
2590 2288 2734 2349 370,
2764 2280 2868 2340 sed
2911 2282 3106 2341 minus
3131 2283 3358 2358 integre
3382 2287 3443 2341 et
3478 2291 3759 2362 correcte,

1178 2405 1318 2448 cum
1342 2388 1408 2448 id
1431 2390 1768 2464 imperatori
1806 2385 2097 2447 Friderico
2124 2385 2429 2445 attribuat.
2455 2416 2531 2429 —
2559 2385 2875 2457 nomm,
2911 2387 3078 2446 Font.
3108 2402 3221 2444 rer.
3258 2385 3552 2463 German,
3585 2397 3628 2450 t.
3660 2391 3722 2451 11
3735 2433 3754 2468 ,

1178 2511 1240 2571 p.
1272 2502 1413 2567 219,
1435 2501 1503 2554 n⁰
1526 2501 1588 2568 5,
1617 2509 1694 2554 ex
1729 2491 1881 2552 libro
1912 2493 2121 2569 copiali
2151 2493 2325 2568 epIsc.
2356 2490 2658 2552 Wormat.
2687 2507 2840 2551 saec.
2882 2490 2994 2553 XV
3021 2493 3180 2569 apud
3206 2493 3596 2570 Darmstadt.)

1042 2680 1436 2771 Heinricus‚
1488 2679 1613 2752 Dei
1646 2678 1867 2773 gratia
1920 2678 2378 2751 Remanorum
2420 2699 2549 2751 rex
2589 2687 2659 2750 et
2701 2698 2970 2774 semper
3017 2691 3388 2774 augustu8‚
3441 2680 3763 2756 fidelibus

952 2806 1090 2878 suis
1143 2805 1485 2878 universis
1531 2804 1803 2875 civibus
1831 2801 2462 2874 wormaciensibus
2501 2803 2794 2895 gratiam
2838 2825 3034 2875 suam
3094 2813 3163 2876 et
3215 2827 3420 2878 omne
3469 2807 3750 2880 bonum.

953 2930 1257 3003 Instructi
1288 2930 1379 3002 de
1411 2929 1844 3024 plenitudine
1870 2928 2135 3001 consilii
2163 2927 2415 3017 nostri,
2470 2928 2753 3001 consilia
2779 2941 2849 3000 et
2888 2931 3477 3003 confraternitates
3509 2955 3647 3027 que
3687 2934 3757 3004 in

953 3055 1223 3128 civitate
1253 3063 1483 3128 vestra
1510 3054 1870 3147 hucusque
1897 3051 2267 3142 habuistiS,
2322 3051 2524 3123 vobis
2553 3061 2883 3145 potestate
2919 3053 3111 3145 regia
3146 3057 3556 3149 auferimus,
3597 3079 3759 3130 vos-

950 3201 1081 3273 que
1112 3178 1440 3273 deinceps
1475 3198 1518 3249 a
1543 3178 1662 3250 tali
1712 3174 2210 3250 consuetudine
2242 3196 2509 3248 cessare
2545 3177 2818 3270 penitus
2852 3178 3183 3270 jubemus
3226 3178 3367 3277 (l);
3419 3185 3759 3258 mittentes

950 3303 1037 3376 ad
1068 3325 1193 3376 vos
1216 3302 1547 3376 dilectum
1576 3300 1955 3402 principem
1983 3309 2288 3372 nostrum
2328 3300 2795 3373 venerabilem
2826 3303 3417 3399 archiepiscopum
3458 3307 3760 3400 Mogun-

950 3427 1280 3498 tinensem
1313 3436 1383 3498 et
1410 3424 1695 3499 dilectos
1726 3423 2095 3497 familiares
2127 3431 2396 3496 nostros
2436 3425 2522 3494 H.
2563 3424 3031 3498 marchionem
3085 3425 3173 3498 de
3217 3426 3452 3498 Baden
3483 3437 3554 3500 et
3594 3429 3761 3500 Ger-

954 3549 1180 3620 lacum
1206 3548 1296 3622 de
1325 3548 1726 3643 Budingen',
1772 3555 1852 3619 ut
1887 3569 2045 3620 cum
2078 3546 2401 3641 episcopo
2430 3545 2913 3619 Wormatiensi
2956 3547 3372 3622 consedeant
3406 3559 3474 3622 et
3500 3550 3591 3623 ad
3621 3551 3760 3623 ho-

1026 3826 1096 3901 (t)
1133 3827 1253 3885 Non
1276 3827 1563 3885 concordat
1584 3827 1997 3884 instrumentum
2025 3838 2149 3881 cum
2176 3823 2452 3898 privilegio
2483 3823 2656 3897 pridie
2682 3823 2828 3895 date,
2859 3824 3003 3898 quod
3027 3826 3310 3883 consiliarii
3332 3833 3390 3885 et
3417 3828 3564 3888 cives
3590 3832 3758 3889 Wor·

950 3924 1151 3983 maciae
1175 3924 1230 3980 in
1256 3924 1446 3982 litteris
1466 3924 1570 3982 hoc
1598 3924 1717 3998 ipso
1742 3928 1982 3997 tempore
2007 3927 2191 3979 contra
2217 3920 2507 3978 Henricum
2538 3920 2844 3995 episcopum
2872 3921 3079 3979 diffusis
3106 3922 3203 3996 (cl.
3230 3925 3523 3996 Βοεωιει,
3545 3928 3754 3997 Fontes,

948 4020 1024 4092 11,
1059 4022 1195 4094 2⁴9)
1242 4021 1317 4078 ita
1353 4020 1647 4078 laudabant
1674 4037 1688 4074 ε
1724 4038 1751 4072 α
1785 4019 2126 4092 Privilegium
2169 4017 2441 4092 quoddam
2477 4017 2619 4092 apud
2653 4017 2924 4074 dominum
2964 4019 3337 4094 imperatorem
3387 4022 3616 4080 obtinuit
3661 4040 3762 4098 per

949 4120 1090 4193 quod
1110 4119 1290 4178 omnia
1314 4120 1435 4193 jura
1461 4123 1643 4176 nostre
1671 4116 1900 4174 civitatis
1921 4116 2140 4189 antiqua
2160 4122 2216 4173 et
2237 4115 2515 4190 privilegia
2541 4114 2612 4173 ab
2644 4115 3057 4190 imperatoribus
3075 4161 3089 4189 ,
3118 4120 3335 4192 regibus
3352 4162 3366 4190 ,
3395 4119 3758 4194 archiepisco·

949 4218 1059 4290 pis,
1089 4218 1356 4291 episcopis
1391 4216 1600 4274 sancita
1623 4214 1810 4271 nititur
1836 4212 2125 4270 infirmare.
2167 4214 2368 4272 Verum
2409 4228 2534 4269 cum
2560 4212 2662 4270 hec
2691 4212 3164 4287 intellexissemus,
3193 4216 3406 4272 domino
3429 4222 3612 4273 nostro
3643 4215 3757 4290 regi

951 4314 1323 4388 conquerendo
1354 4310 1789 4385 significavimus,
1817 4309 1910 4384 qui
1939 4309 2129 4367 litteris
2152 4310 2266 4367 suis
2285 4309 2485 4383 apertis
2512 4308 2669 4367 nobis
2695 4310 2913 4368 indulsit
2936 4317 2999 4368 ut
3029 4312 3198 4385 ipsius
3219 4312 3532 4370 auctoritate
3557 4311 3610 4368 in
3632 4313 3756 4387 jure

952 4417 1129 4470 nostro
1152 4411 1373 4483 antiquo
1398 4408 1813 4466 subsisteremus
1827 4450 1842 4479 ,
1869 4408 1958 4464 cui
1981 4407 2363 4465 consensimus.
2392 4425 2420 4459 n
2444 4408 2521 4464 De
2540 4407 2790 4465 mandato
2804 4414 2985 4465 autem
3006 4410 3269 4468 contrario
3284 4425 3391 4484 quo
3408 4409 3759 4483 quadraginta

953 4507 1196 4566 consules
1228 4507 1490 4564 hactenus
1536 4505 1733 4563 civitati
1768 4503 2133 4580 praesidentes
2171 4502 2554 4562 auferebantur
2567 4546 2582 4575 ,
2611 4503 2759 4561 nulla
2797 4504 2995 4561 ibidem
3030 4506 3228 4562 mentio
3275 4506 3355 4564 fit.
3401 4506 3553 4566 Unde
3584 4508 3760 4582 conji-

958 4602 1200 4660 ciendum
1224 4604 1437 4660 videtur
1466 4617 1648 4676 regem
1670 4600 1959 4658 Henricum
1990 4616 2098 4657 non
2121 4616 2188 4658 ex
2213 4599 2485 4657 voluntate
2508 4615 2627 4672 sua,
2657 4600 2754 4657 sed
2774 4600 2846 4657 ob
2872 4607 3076 4658 metum
3092 4607 3345 4675 paternae
3365 4603 3756 4679 indignationis,

959 4700 1186 4769 generali
1216 4698 1499 4775 privilegio
1525 4714 1625 4758 suo
1645 4697 1933 4774 specialem
1954 4697 2321 4772 exceptionem
2341 4695 2495 4768 quasi
2522 4695 2746 4754 invitum
2771 4696 3061 4756 addidisse.
