4842 5802
1821 509 2074 573 INDEX
2122 511 2813 576 DOCUMENTORUM.
3061 581 3062 584 Ἴ
3565 510 3720 571 1007

915 711 1134 788 1255

913 837 1150 914 [martio
1330 838 1507 915 Apud
1661 838 2031 900 Hermam
2065 837 2227 902 miles
2248 840 2318 901 de
2351 838 2619 922 Rieeberq
2633 841 3023 900 donationem
3055 839 3346 899 bonorum
3373 855 3615 899 suorum
3652 840 3716 898 in

887 931 1171 1015 exeunte]
1233 932 1596 1013 Spigelberg.
1742 935 2127 998 Ulvensheim
2155 939 2432 999 ecclesiae
2456 938 2734 999 Uterinae
2759 937 2943 998 Vallis
2967 952 3005 996 a
3030 953 3093 997 se
3117 937 3338 997 factam
3372 940 3545 997 tertio
3578 954 3713 1013 pro-

1742 1037 2016 1107 testatur,
2046 1035 2301 1095 Henrieo
2327 1051 2464 1114 rege
2492 1036 2648 1113 apud
2673 1033 3009 1112 Spigelberg
3042 1040 3345 1110 praesente
3375 1040 3435 1094 et
3467 1049 3715 1093 consen-

1741 1130 1942 1190 tiente.
3598 1139 3710 1189 722

913 1232 946 1285 8
975 1229 1142 1287 maii.
1249 1225 1367 1302 Ap.
1388 1225 1590 1287 West-
1661 1225 1947 1286 Hem-icus
1985 1223 2112 1287 dua:
2147 1226 2505 1288 Brabantiae
2540 1228 2614 1287 de
2651 1228 2935 1288 mandato
2966 1227 3368 1288 Romanorum
3406 1229 3717 1303 imperato-

1194 1324 1633 1383 monasterium.
1744 1322 1846 1395 ris,
1877 1325 1941 1382 in
1980 1327 2311 1400 praesentia
2337 1327 2511 1402 regis,
2542 1328 2943 1401 episcoporum
2979 1329 3040 1384 et
3068 1330 3412 1402 magnatum
3438 1323 3708 1400 Angliae,

1742 1428 2176 1482 sacramentum
2198 1428 2456 1499 praestat
2480 1427 2603 1482 tam
2623 1422 2695 1481 de
2722 1420 2960 1481 domina
2969 1421 3219 1481 Isabella
3230 1420 3640 1498 desponsanda
3654 1427 3713 1481 et

1741 1516 2077 1576 coronanda
2103 1516 2182 1577 ab
2207 1517 2556 1593 imperatore
2589 1531 2768 1593 quam
2792 1516 2868 1576 de
2906 1531 2974 1575 ea
3000 1531 3103 1592 per
3138 1521 3355 1574 terram
3391 1530 3561 1574 suam
3588 1515 3714 1575 du-

1742 1608 1927 1669 cenda
1953 1616 2014 1670 et
2027 1653 2046 1683 ,
2076 1613 2127 1671 si
2156 1627 2331 1671 casus
2371 1614 2606 1672 sinister
2630 1610 2931 1685 acciderit,
2962 1612 3026 1670 in
3051 1610 3329 1688 Angliam
3355 1610 3708 1670 reducenda.

3597 1715 3706 1767 541

884 1799 991 1883 [20
1030 1805 1164 1880 julii
1195 1842 1624 1865 .......
1662 1801 1961 1863 Conrado-r
2003 1800 2478 1864 Hildesloemmis
2514 1805 2803 1884 episcopus
2839 1805 3125 1883 Gregorio
3157 1819 3342 1880 papae
3383 1804 3710 1880 gratulatur

882 1901 1163 1978 circiter.]
1736 1901 1812 1962 de
1850 1917 1995 1978 paee
2033 1902 2377 1976 reformata,
2408 1906 2759 1980 nuntiatque
2782 1903 3194 1979 Imperatorem
3209 1944 3228 1973 ,
3255 1900 3379 1959 filio
3410 1902 3597 1980 ipsius
3631 1900 3707 1960 ad

1735 2002 1864 2075 ejus
1890 2001 2140 2076 gratiam
2178 2002 2492 2061 accedente
2511 2044 2529 2074 ,
2560 2017 2699 2062 suas
2723 2000 2882 2077 apud
2905 1999 3301 2060 Wormatiam
3327 1999 3563 2073 nuptias
3601 2013 3711 2056 ee-

1736 2094 2053 2156 lebravisse
2105 2103 2166 2157 et
2207 2098 2432 2157 curiam
2479 2099 2798 2158 solemnem
2858 2095 2937 2156 ad
2978 2095 3347 2172 Moguntiam
3397 2094 3705 2156 indixisse.

930 2286 1120 2361 [circa
1187 2326 1622 2348 .......
1653 2287 1987 2350 Fn‘dericus
2020 2306 2201 2351 comes
2236 2288 2306 2349 de
2339 2287 2578 2350 Zollern
2606 2289 2900 2351 Friderlco
2938 2289 3337 2350 Romanorum
3375 2197 3712 2364 4321:an

885 2387 1159 2465 julium]
1735 2388 1939 2448 scribit
1965 2388 2261 2464 quomodo
2296 2390 2458 2464 apud
2481 2388 2729 2449 Achaim
2755 2387 3026 2448 obsessus
3054 2387 3270 2447 damna
3303 2388 3366 2445 in
3401 2387 3708 2446 servienti-

1733 2482 1849 2543 bus
1880 2490 1943 2543 et
1966 2484 2445 2545 ministerialibus
2478 2487 2602 2545 suis
2632 2500 2669 2544 a
2695 2484 3010 2544 marscaleo
3036 2479 3132 2563 [de
3158 2477 3491 2561 Jnstingen]
3516 2488 3576 2541 et
3600 2483 3709 2542 do-

1733 2581 1896 2639 mino
1921 2581 1997 2641 de
2022 2580 2221 2644 Nifi'en
2246 2580 2423 2641 fuerit
2447 2596 2782 2658 perpessus,
2815 2579 3102 2640 auxilium
3139 2584 3200 2639 et
3226 2577 3556 2640 subsidium
3590 2581 3708 2640 im-

1730 2676 1988 2753 plorans.
2224 2728 2235 2738 .
3591 2683 3704 2736 ⁷32

932 2769 1119 2854 [eirca
1189 2812 1618 2833 .......
1656 2771 1957 2833 Conradus
1991 2772 2061 2833 de
2092 2769 2415 2835 Hohenlocla
2423 2817 2444 2848 ,
2483 2773 2788 2832 Ηεὶηήεω
2823 2769 3163 2832 marscalcus
3202 2769 3272 2830 de
3312 2770 3703 2851 Bappenleeim

888 2871 1158 2950 julium]
1730 2876 1791 2932 et
1847 2870 1916 2932 C.
1965 2869 2035 2931 de
2067 2867 2419 2952 Blockinqm
2456 2872 2796 2948 imperatori
2840 2872 3119 2930 nuntiant
3159 2869 3456 2946 quomodo
3509 2886 3705 2931 eomes

1728 2971 1930 3048 Egeno
1956 2970 2031 3045 de
2056 2970 2311 3048 Frlburg
2353 2986 2418 3029 se
2459 2970 2522 3029 in
2564 2968 2760 3029 Urach
2787 2970 3133 3042 muniverit,
3164 2967 3308 3028 dum
3333 2969 3446 3045 ipsi
3480 2969 3704 3030 viribus

1729 3065 1996 3127 destituti
2021 3072 2279 3126 castrum
2306 3066 2379 3126 Ni
2382 3065 2538 3142 phen
2565 3065 2832 3125 obsidere
2854 3081 2974 3124 non
3000 3066 3244 3141 possint.
3585 3074 3699 3127 733

877 3161 1156 3239 [octobr.]
1313 3161 1490 3239 Apud
1654 3160 1812 3238 Otto,
1832 3179 2012 3222 eomes
2028 3159 2333 3241 palatinus
2362 3163 2513 3222 Beni
2541 3169 2598 3223 et
2628 3160 2754 3222 dux
2772 3162 3095 3237 Bawariae,
3125 3162 3189 3222 in
3214 3164 3537 3238 praesentIa
3565 3164 3697 3224 Fri-

1219 3255 1575 3336 Augustam.
1728 3259 1906 3320 derici
1940 3260 2340 3321 Romanorum
2373 3262 2738 3338 imperatoris
2754 3301 2775 3333 ,
2803 3276 2940 3319 cum
2967 3258 3220 3320 Henrico
3245 3259 3456 3320 abbate
3479 3261 3551 3319 de
3587 3263 3700 3321 Te-

911 3412 953 3486 1
967 3412 1138 3488 256
1181 3393 1184 3395 Α
1729 3370 1971 3432 gernsee
2005 3355 2218 3415 dividit
2254 3358 2317 3415 in
2359 3357 2746 3416 matrimoniis
2788 3357 3105 3414 contractis
3143 3360 3249 3415 aut
3285 3356 3700 3417 contrahendis

1729 3453 1882 3510 inter
1908 3467 2048 3511 suos
2072 3458 2133 3511 et
2157 3452 2421 3528 ejusdem
2446 3453 2722 3512 eeclesiae
2751 3452 3177 3511 ministeriales.
3582 3461 3690 3514 791

886 3538 1151 3602 decemb.
1205 3542 1593 3623 Nuremberg.
1655 3544 1979 3621 Conradus,
1997 3545 2285 3606 Fridm‘ci
2306 3548 2694 3607 Romanorum
2716 3547 3080 3626 imperatoris
3095 3543 3294 3624 filim,
3324 3549 3697 3611 donationem

1731 3660 1909 3722 quam
1936 3645 2310 3704 Hermannus
2344 3644 2538 3704 dictus
2575 3644 2854 3722 Anguilla
2894 3650 2954 3703 et
2991 3660 3144 3705 uxor
3182 3647 3310 3721 ejus
3336 3644 3552 3705 Bertha
3578 3645 3696 3706 fra·

1729 3740 1920 3801 tribus
1955 3741 2261 3816 hospitalis
2293 3740 2545 3801 Sanctae
2582 3742 2807 3801 Mariae
2840 3741 3337 3802 'theutonicorum
3374 3744 3436 3802 in
3473 3744 3697 3803 Nurin-

1726 3836 1865 3897 berc
1891 3837 1967 3897 de
1999 3837 2464 3913 possessionibus
2488 3839 2611 3897 suls
2637 3837 2856 3897 ibidem
2881 3838 3010 3898 sitis
3035 3838 3146 3897 sub
3173 3837 3527 3913 quibusdam
3555 3857 3694 3900 con-

1726 3932 2049 3993 ditionibus
2074 3932 2353 4006 fecerant,
2383 3932 2711 3994 confirmat.
3583 3946 3698 3997 926

882 4023 1147 4086 decemb.
1197 4022 1587 4104 Nuremberg.
1648 4027 1925 4086 Testatur
1975 4026 2305 4087 conradum
2364 4027 2791 4105 butegelarium
2859 4026 2934 4087 de
2989 4025 3348 4105 Nuremberg
3366 4074 3382 4106 ‚
3435 4034 3693 4091 auctori-

1726 4129 1849 4184 tate
1874 4125 2058 4200 patris
2084 4125 2180 4183 sui
2213 4129 2273 4182 et
2309 4140 2447 4198 sua,
2478 4124 2762 4200 quasdam
2790 4140 2956 4184 areas
2993 4123 3268 4200 hospitali
3291 4124 3542 4187 Sanctae
3567 4129 3699 4188 Ma-

1727 4224 1850 4281 riae
1872 4222 2373 4283 Theutonicorum
2407 4225 2471 4283 in
2498 4222 2863 4302 Nuremberg
2897 4224 3038 4284 olim
3083 4224 3350 4299 donatas,
3383 4226 3455 4285 de
3481 4227 3698 4304 quibus

1724 4320 1990 4395 quaeon
2037 4318 2405 4394 movebatur,
2448 4320 2637 4380 eidem
2682 4320 2956 4399 hospitali
3000 4322 3423 4382 sententialiter
3462 4323 3697 4401 adjudi-

1724 4431 1908 4478 casse.
3580 4430 3693 4483 927
