4842 5802
879 594 1072 655 lumcr.
1107 589 1194 674 8.]
1772 592 2169 655 HISTORIA
2222 595 2729 656 MPLOMATIC
2744 595 2807 655 A.
3585 599 3704 659 703

877 726 1069 821 quod
1104 727 1271 800 etati
1309 747 1437 799 sue
1468 748 1756 821 parcere
1773 729 2122 802 vellemus·
2147 741 2216 804 et
2247 731 2445 825 quod
2474 732 2774 824 aliquem
2796 731 3152 821 honorem,
3179 740 3256 801 ut
3291 730 3561 823 dejure
3593 744 3696 806 ta·

878 871 1187 939 ceamus,
1231 850 1306 921 in
1348 850 1710 925 advocatia
1744 854 2008 947 prefata
2052 853 2301 953 ei‘[de]
2334 857 2789 930 confratribus
2828 855 3075 927 nostris
3109 856 3337 927 Sancti
3375 858 3703 931 Iohannis

875 982 1562 1068 recognosceremus,
1623 975 1949 1050 videlicet
1989 979 2187 1073 quod
2217 982 2458 1053 saltem
2491 981 2759 1053 undum
2814 979 3173 1052 servitium
3222 980 3576 1053 advocatis
3608 984 3699 1055 ab

876 1098 1164 1192 antiquo
1197 1098 1289 1171 ad
1344 1099 1675 1171 honorem
1726 1109 1794 1171 et
1837 1098 2182 1175 modicam
2235 1119 2613 1198 expensam
2645 1104 3125 1194 constitutum,
3179 1104 3244 1175 ei
3297 1107 3486 1177 omni
3518 1127 3702 1181 anno

873 1221 1422 1315 relinqueremus
1438 1274 1459 1313 ,
1500 1232 1571 1295 et
1600 1223 1660 1293 si
1705 1223 1860 1317 ipse
1911 1224 2004 1297 de
2044 1234 2272 1299 cetero
2315 1228 2432 1298 vel
2464 1225 2757 1299 heredes
2799 1227 2915 1298 vel
2952 1227 3204 1319 posteri
3248 1228 3356 1299 sui
3408 1231 3699 1302 eandem

875 1344 1319 1418 advocatiam
1344 1344 1667 1441 adepturi
1690 1366 1912 1442 ‘supra
1944 1349 2078 1422 hoc
2107 1358 2438 1421 statutum
2480 1350 2750 1442 aliquid
2783 1350 3142 1444 exigerent
3171 1351 3284 1423 vel
3322 1351 3702 1448 dampnum

877 1468 1138 1540 colonis
1192 1469 1556 1553 inferrent,
1611 1470 2064 1545 advocatiam·
2086 1472 2237 1545 sine
2271 1474 2461 1545 omni
2495 1474 3011 1568 recuperatione
3053 1472 3443 1567 perderent.
3504 1476 3702 1548 Com·-

876 1592 1069 1662 muni
1106 1592 1345 1686 itaque
1374 1593 1665 1666 consilio
1704 1595 1994 1668 ecclesie
2023 1604 2250 1669 nostre
2285 1606 2355 1668 et
2387 1596 2829 1669 concessione
2862 1598 3146 1669 fratrum
3175 1599 3404 1671 Sancti
3439 1601 3707 1674 Johan-

873 1715 981 1786 nis
1009 1722 1081 1786 et
1114 1737 1241 1810 pro
1282 1717 1608 1811 precibus
1651 1728 1723 1791 et
1749 1719 2092 1814 peticione
2130 1717 2767 1794 inbeneficiatorum
2814 1730 2884 1792 et
2915 1721 3529 1795 ministerialiorum
3565 1723 3704 1822 (sic)

873 1845 1260 1910 nostrorum
1281 1893 1301 1930 ,
1339 1841 1709 1915 statuimus
1741 1842 1934 1936 quod
1980 1845 2245 1937 prefato
2280 1844 2737 1937 Regenhardo
2767 1865 2891 1917 sex
2925 1846 3173 1917 talenta
3223 1845 3313 1918 de
3359 1851 3701 1943 preposito

871 1962 1102 2036 Sancti
1125 1964 1462 2037 Iohannis
1493 1967 1603 2038 vel
1630 1967 1786 2057 ejus
1818 1966 2288 2062 dispensatore
2311 1989 2439 2063 pro
2462 1969 2741 2039 servitio
2776 1990 2907 2040 suo
2934 1968 3125 2040 nudo
3162 1971 3292 2041 sibi
3318 1972 3552 2043 relicto
3576 1972 3702 2046 da-

874 2097 1147 2182 nentur,
1193 2086 1651 2161 ita'videlicet
1680 2089 1874 2183 quod
1911 2090 1983 2161 in
2011 2109 2437 2185 unoquoque
2466 2091 2716 2185 placito
2745 2089 3048 2164 suoduo
3080 2093 3332 2165 talenta
3369 2095 3713 2189 reciperet

872 2219 943 2282 et
973 2221 1112 2283 tres
1150 2211 1474 2285 karratas
1498 2213 1883 2306 lignorum,
1923 2234 2134 2285 unam
2157 2213 2247 2286 de
2277 2212 2498 2286 aridis
2535 2223 2602 2286 et
2644 2214 2821 2287 duas
2859 2212 2949 2286 de
2983 2214 3356 2306 viridibus,
3406 2226 3473 2288 et
3510 2218 3699 2310 quod

872 2341 1007 2406 tres
1036 2334 1330 2407 culcitra
1360 2344 1432 2408 et
1458 2335 1602 2408 duo
1629 2335 2024 2431 pulvinaria
2052 2356 2177 2430 per
2207 2336 2515 2409 triduum
2544 2336 2677 2407 sibi
2701 2336 3404 2409 accommodarentur.
3437 2341 3509 2411 Si
3536 2340 3696 2432 quis

874 2456 1083 2550 igitur
1122 2458 1256 2531 hoc
1293 2468 1623 2532 statutum
1664 2463 1738 2530 in
1782 2469 2131 2555 posterum
2171 2460 2541 2554 infringere
2590 2460 2703 2533 vel
2762 2458 3109 2531 infirmare
3164 2464 3696 2556 presumpserit,

872 2585 1278 2657 auctoritate
1309 2585 1488 2658 beati
1515 2584 1699 2658 Petri
1728 2592 1798 2657 et
1831 2592 2065 2657 nostra
2089 2589 2419 2679 perpetuo
2445 2583 2865 2657 anathemati
2892 2584 3246 2677 subjaceat
3267 2595 3337 2657 et
3362 2587 3699 2670 visionem

870 2728 1036 2781 vere
1068 2718 1138 2782 et
1170 2715 1406 2782 eterne
1429 2710 1629 2799 lucis,
1662 2708 1799 2779 nisi
1821 2707 2376 2803 cito‘resipiscat,
2420 2708 2710 2781 amittat.
2742 2708 2829 2781 Ut
2861 2716 3094 2780 autem
3128 2730 3410 2804 presens
3447 2712 3701 2805 pagiua

873 2828 1385 2905 firmamentum
1436 2842 1506 2905 et
1559 2832 2030 2906 auctoritatem
2088 2853 2132 2905 a
2177 2832 2381 2905 nobis
2434 2832 2624 2929 apud
2681 2854 2923 2905 omnes
2963 2854 3392 2907 successores
3440 2845 3704 2908 nostros

871 2957 1209 3050 optineat,
1246 2980 1401 3031 eam
1426 2958 1879 3052 impressione
1906 2956 2112 3052 sigilli
2146 2958 2360 3030 nostri
2389 2957 2823 3049 signavimus
2852 2965 2922 3030 et
2953 2957 3017 3028 ei
3054 2967 3461 3052 perpetuum
3498 2960 3707 3030 robur

874 3081 1319 3155 multitudine
1350 3082 1627 3154 testium
1654 3081 2188 3174 prescriptorum
2221 3078 2572 3152 dedimus.

971 3230 1007 3273 n
1033 3206 1269 3279 Testes
1304 3214 1457 3277 acte
1486 3204 1585 3275 rei
1621 3203 1750 3277 viri
1780 3203 2168 3291 probabiles
2192 3203 2291 3273 hii
2321 3213 2483 3274 sunt
2523 3229 2539 3271 ε
2580 3203 2736 3274 Otto
2764 3202 3177 3291 preposituS,
3205 3204 3365 3273 Bru.
3384 3256 3431 3273 ..
3464 3226 3704 3291 prepo-
