4842 5802
1135 633 1266 700 732
2140 624 2577 691 rmnsnci
2629 626 2980 694 sacuam
3596 632 3760 716 [aa.
3796 633 3970 703 im.

1140 778 1453 846 vem-um
1483 763 1773 861 requirit
1795 761 2128 856 officium,
2163 765 2541 839 accuratim
2563 764 2656 864 (?)
2684 764 2997 841 debitum
3032 766 3543 865 impendentes.
3574 773 3748 846 Data
3778 772 3977 871 apud

1142 896 1447 970 montem
1478 888 1713 965 Sancti
1741 887 2018 984 Angeli,
2052 888 2350 986 septimo
2371 891 2690 985 augusti,
2725 901 2975 967 octavo
3005 891 3432 968 indictionis.

1239 1016 1381 1092 Nos
1404 1016 1656 1112 itaque·
1674 1012 1971 1111 prodidi
2002 1011 2238 1086 Simon
2267 1011 2361 1086 de
2390 1011 2782 1108 Gumisio,
2813 1014 3133 1090 Matheus
3163 1012 3260 1090 de
3281 1015 3590 1091 Concilio
3623 1025 3696 1092 et
3715 1010 3974 1093 Tholo-

1133 1160 1345 1216 meus
1397 1185 2077 1213 .........
2129 1138 2378 1209 Sancte
2427 1135 2650 1211 Maris
2700 1147 3046 1212 taxatores
3074 1148 3145 1213 et
3176 1140 3606 1232 collectores,
3647 1141 3977 1217 mandato

1140 1266 1344 1341 curie
1370 1262 1766 1337 satisfacere
1798 1261 2197 1359 cupientes,
2248 1280 2411 1333 <mn
2448 1260 2677 1335 dictus
2715 1262 3062 1336 Iohannes
3099 1264 3396 1337 'rasurus
3445 1263 3794 1361 predictas
3827 1284 3978 1339 un·—

1142 1389 1373 1465 decim
1400 1386 1641 1460 uncias
1667 1385 1821 1460 auri
1852 1402 2075 1481 nuper
2094 1385 2229 1459 sibi
2260 1382 2652 1483 impositae,
2692 1403 2919 1483 proeo
2949 1385 3142 1483 quod
3169 1387 3397 1462 exivit
3421 1387 3518 1463 de
3531 1390 3756 1484 Troia,
3783 1391 3980 1466 curie

1146 1532 1289 1587 non
1322 1511 1677 1601 solvisset,
1718 1526 1931 1581 unam
1965 1517 2231 1605 partem
2268 1518 2449 1583 terre
2474 1528 2615 1605 que
2640 1510 2773 1583 fnit
2805 1510 3026 1607 ipsius
3057 1507 3397 1586 ,Iohannis
3428 1510 3661 1587 Tarnri
3688 1532 3829 1609 que
3865 1523 3980 1589 est

1142 1636 1398 1710 exista
1429 1642 1625 1730 parte
1652 1632 2063 1706 Rurassonis
2085 1640 2156 1707 et
2185 1651 2386 1707 secus
2421 1633 2649 1730 ipsum
2672 1634 3169 1720 Rurassonum,
3189 1634 3372 1708 sicut
3397 1634 3847 1733 infrascriptis
3875 1635 3978 1711 fl—

1148 1760 1360 1834 uibus
1407 1758 1799 1850 denotatur,
1830 1756 2112 1851 triginta
2161 1755 2432 1830 dierum
2490 1755 2747 1854 spatio,
2811 1758 2963 1832 loco
2993 1757 3501 1833 subnotacionis
3539 1769 3690 1834 aste
3723 1760 3979 1836 fiscalis

1154 1932 1829 1959 .........
1881 1900 2057 1953 voce
2105 1880 2423 1975 preconis
2467 1880 2798 1954 omnibus
2847 1876 2940 1955 de
2970 1881 3254 1956 civitate
3295 1883 3497 1960 Trois
3535 1886 3854 1959 venalem
3904 1893 3981 1960 et

1148 2007 1627 2085 denuntiatam
1652 2058 1676 2098 ,
1726 2014 1807 2076 ut
1841 2004 2004 2101 plus
2040 2003 2211 2079 inde
2254 2004 2567 2078 offerenti
2599 2002 3048 2079 venderetur.
3082 2002 3362 2082 Interim
3406 2026 3566 2080 oum
3609 2009 3846 2082 nullus
3881 2008 3977 2083 ad

1146 2132 1468 2207 eamdem
1506 2134 1767 2226 partem
1796 2128 2216 2224 ipsiusterre
2244 2127 2612 2202 emendam
2635 2127 2733 2202 ad
2768 2146 2895 2202 nos
2936 2129 3240 2221 veniret,
3297 2130 3585 2206 consilio
3615 2132 3795 2208 inter
3847 2150 3979 2208 nos

1148 2258 1421 2348 habito,
1451 2254 1891 2352 presentibus
1944 2305 2532 2326 ........
2589 2252 2920 2328 Zaohinto
2952 2264 3026 2328 et
3078 2305 3668 2330 ........
3723 2256 3978 2351 bajulis

1151 2383 1384 2471 Trois,
1428 2401 1659 2453 coram
1684 2378 1964 2452 Nicolao
1998 2376 2093 2451 de
2118 2379 2421 2473 Sperano
2446 2378 2783 2473 imperiali
2819 2378 3020 2452 Troie
3057 2376 3297 2472 judice
3321 2388 3392 2453 et
3420 2380 3712 2453 testibus
3745 2380 3979 2455 infra—

1144 2505 1421 2602 scriptis
1445 2502 1541 2578 ad
1567 2503 1701 2577 hoo
1728 2500 2120 2599 mcialiter
2166 2504 2598 2594 convocatis,
2640 2501 3024 2599 predictam
3066 2512 3328 2600 partem
3369 2504 3591 2599 ipsius
3628 2512 3806 2580 terre
3835 2526 3978 2602 que

1150 2631 1286 2704 fuit
1310 2628 1531 2726 ipsius
1557 2625 1889 2700 Iohannis
1916 2624 2176 2718 Tafuri,
2194 2626 2374 2698 sicut
2400 2625 2851 2722 infrascriptis
2875 2625 3135 2700 finibus
3160 2628 3549 2722 denotatur,
3565 2648 3730 2703 cum
3750 2629 3977 2703 omni-

1150 2756 1287 2828 bus
1319 2749 1745 2849 pertinentiis
1766 2758 1836 2822 et
1872 2746 2283 2822 utilitatibus
2312 2749 2465 2821 suis
2490 2750 2745 2823 Iacobo
2775 2749 2866 2824 de
2901 2748 3168 2825 Padulo
3200 2770 3327 2847 pro
3355 2773 3493 2827 una
3526 2754 3735 2827 uncia
3767 2762 3839 2828 et
3866 2752 3977 2829 di-

1152 2877 1403 2970 midia,
1438 2876 1640 2949 Petro
1662 2871 1979 2948 oddonis
2005 2890 2133 2969 pro
2159 2893 2302 2945 una
2327 2872 2538 2948 uncia
2569 2884 2640 2948 et
2675 2868 2968 2948 dimidia
2994 2883 3065 2948 et
3095 2875 3352 2949 Jacobo
3385 2877 3476 2952 de
3516 2877 3813 2974 Caleppa
3850 2895 3977 2974 pro

1148 3001 1446 3078 dimidia
1469 2998 1678 3071 uncia
1700 2998 1853 3070 auri
1871 3053 1889 3084 ,
1920 2994 2308 3071 secundum
2340 2996 2533 3090 quod
2563 2997 2861 3071 Iacobus
2881 2996 2975 3071 de
2992 3000 3204 3072 'rasso
3227 3009 3302 3074 et
3325 2996 3623 3074 Iacobus
3648 2997 3738 3073 de
3765 3001 3979 3075 Ama·

1153 3124 1423 3199 toribus
1455 3122 1842 3217 provisores
1873 3142 1917 3194 a
1944 3119 2137 3192 curia
2164 3118 2500 3211 ordinati,
2541 3120 2676 3192 viri
2710 3120 2945 3194 idonei
2985 3131 3055 3195 et
3094 3121 3385 3216 legales,
3435 3123 3718 3217 prestito
3747 3141 3980 3198 sacra-

1152 3254 1388 3321 mento
1412 3248 1618 3340 juxta
1641 3243 2042 3338 qualitatem
2096 3294 2673 3316 ........
2728 3244 2965 3318 valere
3014 3252 3177 3318 sunt
3222 3241 3568 3336 arbitrati,
3606 3266 3733 3343 pro
3785 3253 3979 3343 parte

1147 3371 1348 3446 curie
1390 3366 1840 3443 vendidimus
1875 3376 1943 3440 et
1998 3365 2445 3457 tradidimus,
2485 3377 2556 3440 et
2585 3367 2779 3463 ipsos
2822 3368 3153 3443 Iacobum
3209 3368 3301 3443 de
3349 3369 3645 3463 Padulo,
3698 3372 3977 3445 Petrum

1146 3494 1463 3569 Oddonis
1508 3502 1579 3566 et
1626 3490 1958 3564 Jacobnm
2012 3489 2105 3563 de
2154 3489 2457 3585 Caleppa
2517 3489 2593 3561 in
2640 3486 2915 3563 civilem
2960 3500 3031 3565 et
3079 3489 3460 3566 naturalem
3510 3495 3978 3588 possesionem

1142 3617 1465 3715 ejusdem
1508 3626 1688 3690 terre
1737 3611 2187 3704 induximus3
2239 3634 2381 3709 que
2425 3613 2710 3708 quidem
2761 3633 2923 3710 pars
2962 3614 3148 3688 dicte
3195 3626 3378 3690 terre
3426 3616 3564 3691 hiis
3605 3616 3865 3692 finibus
3909 3628 3983 3692 et

1147 3743 1495 3820 mensuris
1522 3739 1865 3815 clauditur
1894 3762 1913 3810 ε
1936 3738 2261 3812 videlicet
2287 3739 2358 3809 in
2387 3739 2611 3834 prima
2634 3749 2835 3834 parte
2853 3756 3059 3812 secus
3081 3740 3361 3813 alteram
3379 3751 3641 3837 partem
3661 3741 3980 3836 ejusdem

1148 3881 1329 3944 terre
1363 3869 1436 3940 in
1472 3887 1614 3962 qua
1650 3872 1838 3938 tenet
1870 3863 2259 3937 Robbertus
2297 3862 2389 3937 de
2427 3863 2717 3937 Girardo
2749 3873 2917 3937 sunt
2952 3883 3201 3961 passus
3234 3865 3673 3962 septuaginta
3713 3877 3977 3963 septem

1146 4003 1225 4067 et
1246 3990 1466 4089 pedes
1491 4000 1629 4064 tres
1664 3988 1993 4084 usquein
2022 3989 2491 4061 Rurassonum
2524 3985 2662 4084 (a);
2698 4009 2741 4062 a
2777 3987 3079 4062 secunda
3111 3997 3306 4086 parte
3329 4008 3530 4062 secus
3559 3989 3789 4085 ipsum
3821 3991 3979 4064 Ru·-

1147 4137 1507 4191 rassonum
1551 4119 1719 4187 sunt
1758 4131 2011 4208 passus
2058 4110 2343 4185 ducenti
2389 4128 2616 4205 usque
2664 4112 2736 4184 in
2775 4113 2965 4187 viam
3023 4113 3411 4210 puplicam,
3466 4135 3510 4186 a
3543 4113 3755 4186 tercia
3783 4123 3979 4210 parte

1146 4259 1351 4316 secus
1375 4239 1567 4312 viam
1598 4233 1949 4334 puplicam
1978 4244 2145 4308 sunt
2166 4252 2419 4332 passus
2443 4235 2816 4329 nonaginta
2847 4235 2990 4310 duo
3016 4244 3087 4309 et
3139 4285 3969 4312 ...........

1148 4366 1353 4438 aliam
1390 4372 1654 4460 partem
1687 4358 2002 4453 ejusdem
2055 4367 2237 4434 terre
2272 4380 2485 4454 quam
2535 4367 2721 4433 tenet
2755 4358 3160 4433 Guillelmus
3201 4360 3775 4434 Torsamontanus
3811 4370 3980 4434 sunt

1149 4510 1393 4585 passus
1428 4495 1707 4561 centum
1740 4483 2207 4582 septuaginta.
2239 4482 2302 4555 A
2333 4492 2575 4578 quarta
2611 4493 2803 4580 parte
2834 4503 3035 4557 secus
3070 4492 3320 4558 terram
3354 4481 3619 4558 domini
3659 4483 3977 4583 impera-

1231 4754 1315 4836 (a)
1360 4755 1452 4817 Ibi
1478 4761 1541 4819 et
1558 4754 1719 4819 utra
1741 4754 1860 4836 ingl
1896 4756 2075 4818 even
2100 4752 2712 4833 pon-tmanatala.
