4842 5802
1854 587 2109 647 INDEX
2153 584 2856 648 DOCUMENTORUM.
3647 581 3770 645 999

958 794 1181 871 1254

962 935 996 985 8
1022 925 1182 1002 julii.
1368 918 1547 995 Apud
1707 949 1784 965 —
1824 917 2062 979 Decano
2101 923 2163 978 et
2198 915 2459 993 capitulo
2494 914 2882 976 Goslariensis
2920 911 3196 971 ecclesiae
3226 925 3391 969 areas
3424 911 3680 969 civitatis
3706 915 3768 969 et

1282 1015 1635 1093 Altenburg.
1785 1032 1999 1078 census
2027 1015 2365 1076 earumdem
2400 1014 2730 1086 confirmat,
2752 1011 2970 1089 jubens
2995 1015 3065 1070 ut
3093 1010 3143 1069 si
3170 1010 3305 1086 quis
3329 1025 3570 1069 censum
3596 1008 3768 1067 debi-

1787 1121 1916 1175 tum
1943 1115 2017 1175 de
2043 1117 2196 1175 areis
2220 1131 2342 1176 non
2382 1116 2726 1192 persolverit
2740 1155 2759 1186 ,
2787 1115 2852 1172 in
2887 1112 3195 1190 sexaginta
3229 1110 3447 1170 solidos
3473 1110 3549 1170 ab
3582 1110 3769 1170 advo-

1786 1217 1922 1272 cato
1947 1213 2112 1289 regio
2134 1211 2617 1287 condempnetur.
3652 1214 3770 1266 664

963 1325 1182 1402 ⁴1ulii.
1375 1326 1555 1402 Apud
1713 1357 1791 1370 —
1827 1327 2089 1387 Johanni
2125 1327 2327 1387 abbati
2365 1326 2568 1386 Sancti
2601 1324 2838 1402 Georgii
2879 1322 3409 1400 Nuemburgensis,
3452 1322 3528 1382 ad
3567 1338 3769 1398 preces

1289 1423 1639 1500 Altenburg.
1788 1423 2198 1501 Tbegenbardl
2237 1423 2558 1499 imperialis
2584 1423 2754 1482 aulae
2779 1422 3196 1498 protonotarii,
3222 1419 3492 1496 indulget
3518 1419 3768 1479 faculta-

1789 1524 1909 1578 tem
1950 1517 2201 1596 eligendi
2243 1519 2598 1578 advocatum
2633 1533 2812 1594 quem
2848 1516 3101 1576 voluerit
3132 1522 3192 1575 et
3230 1516 3498 1576 bannum
3543 1517 3770 1592 regium

1790 1630 1899 1691 pro
1926 1615 2131 1674 eadem
2156 1614 2401 1674 ecclesia
2427 1613 2758 1674 exercendi.
3657 1620 3772 1672 665

966 1733 1000 1784 5
1030 1724 1189 1800 julii.
1379 1723 1559 1800 Apud
1712 1748 1794 1763 —
1832 1719 2130 1779 Ecclesiae
2160 1719 2517 1780 Goslariensi
2550 1719 2926 1796 privilegium
2954 1732 2991 1777 a
3014 1733 3236 1793 proavo
3261 1734 3371 1778 suo
3397 1718 3698 1779 Friderico
3718 1719 3770 1778 1⁰

1290 1820 1641 1898 Altenburg.
1791 1818 2142 1893 imperatore
2187 1817 2483 1878 indultum
2534 1817 2878 1889 confirmat,
2925 1817 3192 1876 eamdem
3234 1818 3444 1877 eximit
3485 1817 3562 1877 ab
3608 1819 3771 1877 omni

1794 1914 2216 1974 advocatorum
2259 1916 2575 1974 vexatione
2591 1955 2610 1987 ,
2658 1912 3003 1991 diversaque
3049 1916 3188 1989 Jura
3228 1913 3449 1973 ibidem
3493 1929 3773 1990 expressa

1793 2008 2070 2070 ecclesiae
2096 2014 2158 2069 et
2187 2010 2489 2069 canonicis
2510 2016 2756 2070 renovat
2782 2010 2873 2070 vel
2901 2010 3190 2070 concedit.
3484 2017 3624 2083 666,
3656 2018 3770 2070 667

961 2127 1030 2178 io
1054 2118 1213 2195 julii.
1377 2120 1559 2197 Apud
1712 2147 1795 2158 —
1833 2114 1928 2175 Ad
1954 2115 2298 2190 petitionem
2324 2114 2608 2174 Bernardi
2637 2113 2868 2175 abbatis
2894 2121 2955 2175 et
2978 2121 3302 2175 conventus
3329 2117 3668 2175 monasterii
3701 2116 3775 2176 de

1286 2217 1639 2297 Altenburg.
1793 2209 1990 2284 Buch,
2020 2210 2178 2270 idem
2215 2212 2640 2270 monasterium
2675 2227 2812 2271 cum
2841 2210 3117 2272 omnibus
3153 2211 3324 2271 honis
3359 2214 3490 2288 ejus
3522 2213 3589 2270 in
3624 2227 3774 2288 pro-

1791 2309 2044 2366 tectione
2069 2321 2178 2366 sua
2206 2308 2474 2383 suscipit,
2503 2306 2675 2384 eique
2697 2306 2852 2367 bona
2876 2323 2986 2368 sua
3010 2309 3123 2368 sita
3143 2310 3207 2367 in
3234 2307 3690 2369 Nidabudowitz
3716 2314 3778 2369 et

1793 2403 2082 2479 Kogelant
2103 2404 2280 2479 pleno
2299 2406 2437 2480 jure
2463 2403 2689 2464 confert
2715 2410 2776 2465 et
2800 2403 3003 2465 donat.
3659 2415 3775 2468 669

963 2522 1027 2572 11
1055 2514 1213 2591 julii.
1274 2513 1390 2589 Ap.
1420 2513 1655 2591 Egram.
1714 2538 1794 2553 —
1832 2508 1928 2567 Ad
1968 2508 2282 2569 utilitatem
2327 2509 2586 2568 civitatis
2624 2525 2767 2569 suae
2804 2511 3080 2588 Egrensis
3098 2555 3117 2585 ,
3148 2513 3466 2572 sectionem
3492 2513 3557 2572 in
3594 2528 3665 2572 ea
3700 2512 3776 2572 de

1794 2607 1927 2665 vico
1955 2604 2321 2682 Schiphgaze
2357 2605 2435 2665 ab
2463 2605 2717 2666 Henrico
2753 2607 2830 2666 de
2867 2607 3207 2668 Libenstein
3244 2614 3575 2686 comparat,
3611 2615 3672 2668 et
3716 2611 3773 2668 ei

1796 2703 2031 2763 novalia
2056 2704 2120 2761 in
2148 2702 2423 2763 Gruoene
2437 2705 2616 2779 juxta
2641 2710 2901 2764 montem
2928 2705 3298 2783 Thilcelberg
3323 2706 3496 2767 cedit.
3660 2714 3777 2766 670

965 2822 1034 2875 14
1059 2814 1217 2891 julii.
1275 2814 1391 2891 Ap.
1416 2812 1659 2892 Egram.
1719 2842 1799 2854 —
1839 2810 2052 2871 comiti
2076 2809 2338 2887 Egenoni
2367 2808 2442 2867 de
2466 2808 2722 2887 Friburg
2748 2817 2809 2869 et
2835 2810 2908 2869 de
2931 2810 3128 2871 Urach
3151 2828 3256 2889 pro
3287 2815 3471 2889 gratis
3497 2815 3627 2889 ejus
3653 2828 3777 2872 ser-

1797 2908 1959 2967 vitiis
1986 2906 2214 2967 confert
2252 2909 2315 2967 in
2351 2906 2591 2967 feodum
2631 2907 2881 2968 flumina
2920 2909 3211 2986 quaedam
3255 2909 3475 2968 ibidem
3502 2926 3780 2985 expressa

1798 3021 1934 3064 cum
1962 3006 2105 3064 rivis
2127 3009 2187 3062 et
2211 3006 2513 3064 montanis
2541 3005 2972 3082 adjacentibus,
2994 3005 3213 3082 jubens
3239 3012 3307 3066 ut
3333 3007 3625 3085 quidquid
3651 3009 3781 3068 auri

1798 3107 2016 3167 ibidem
2045 3107 2368 3185 invenerit,
2395 3108 2460 3165 in
2487 3109 2616 3184 ejus
2641 3107 2955 3166 utilitatem
2982 3107 3179 3167 cedat.
3664 3117 3733 3168 67
3749 3117 3775 3168 1

966 3220 1037 3272 15
1072 3228 1216 3290 aug.
1379 3212 1562 3289 Apud
1719 3245 1801 3260 —
1837 3214 2026 3291 Super
2078 3213 2179 3272 lite
2232 3214 2385 3272 inter
2437 3214 2743 3273 ecclesiam
2793 3213 3354 3275 Haiisbrunnensem
3425 3219 3486 3272 et
3536 3214 3778 3273 viduam

1287 3309 1664 3386 Nurimberg.
1801 3311 2099 3373 Cuonradi
2124 3311 2198 3370 de
2224 3311 2551 3386 Anindorf,
2581 3313 2658 3372 de
2683 3312 2854 3373 bonis
2888 3312 3242 3389 quibusdam
3277 3327 3477 3372 coram
3507 3311 3780 3370 Heinrico

1799 3410 1875 3470 de
1900 3410 2106 3471 Nissen
2131 3413 2400 3488 cognita,
2429 3414 2779 3470 sententiam
2806 3410 2921 3470 fert
2950 3417 3021 3471 ut
3043 3408 3202 3470 filius
3226 3410 3442 3469 viduae
3467 3410 3596 3484 ipsa
3621 3407 3779 3467 hona

1802 3511 2032 3565 tantum
2063 3505 2140 3564 ad
2162 3505 2284 3565 dics
2313 3508 2472 3566 vitae
2498 3522 2639 3566 suae
2666 3512 2884 3566 teneat.
3665 3512 3779 3563 672

969 3615 1039 3667 18
1081 3620 1219 3684 aug.
1383 3605 1566 3681 Apud
1725 3638 1804 3653 -
1842 3608 1960 3668 Pro
1994 3609 2250 3668 remedio
2290 3611 2523 3669 animae
2558 3626 2729 3687 suae,
2758 3610 2964 3668 domui
3000 3608 3202 3670 Sancti
3235 3608 3442 3668 Lazari
3478 3608 3780 3669 ecclesiam

1286 3701 1663 3781 Nurimberg.
1803 3722 1972 3766 suam
2000 3707 2372 3784 Meyringen,
2389 3708 2566 3766 sitam
2593 3708 2654 3766 in
2683 3705 2813 3766 loco
2839 3705 3153 3778 Hasilthal,
3170 3722 3307 3765 cum
3326 3709 3464 3783 jure
3490 3712 3782 3784 patrona-

1806 3808 1903 3862 tus
1928 3807 1988 3862 et
2015 3804 2177 3861 omni
2201 3803 2472 3863 libertate
2496 3809 2777 3880 perpetuo
2802 3802 3218 3880 possidendam
3247 3802 3495 3863 confert.
3662 3814 3778 3866 673

968 3917 1035 3969 21
1081 3923 1222 3987 aug.
1387 3904 1566 3981 Apud
1726 3943 1804 3955 —
1843 3908 2136 3970 Abbatem
2163 3916 2223 3969 et
2247 3909 2461 3970 fratres
2502 3909 2577 3969 de
2613 3909 2777 3970 Buch
2815 3910 3204 3971 cisterciensis
3245 3910 3470 3970 ordinis
3496 3926 3633 3970 cum
3673 3911 3782 3972 ho·

1286 4000 1667 4080 Nurimberg.
1805 4005 2065 4066 minibus
2091 4011 2152 4065 et
2175 4005 2348 4066 bonis
2371 4022 2576 4067 eorum
2604 4006 2717 4066 sub
2754 4009 3113 4083 protectione
3139 4024 3248 4067 sua
3280 4009 3554 4084 suscipit,
3582 4009 3783 4068 indul-

1805 4108 2019 4181 getque
2053 4107 2122 4162 ut
2156 4101 2447 4179 quidquid
2476 4118 2511 4162 a
2539 4118 2785 4179 persona
2823 4102 3004 4162 libera
3043 4104 3170 4163 sive
3208 4104 3570 4165 ministeriali
3600 4107 3783 4181 justis

1805 4198 2000 4258 modis
2039 4196 2427 4272 obtinuerint,
2467 4198 2581 4259 hoc
2619 4197 2867 4258 libenter
2906 4214 3025 4259 non
3061 4201 3342 4276 requisito
3381 4215 3628 4260 assensu
3673 4218 3784 4262 suo

1805 4297 2113 4371 recipiant.
3495 4305 3636 4371 674,
3669 4308 3785 4359 675

971 4409 1045 4461 23
1086 4416 1228 4480 aug.
1390 4398 1571 4475 Apud
1728 4432 1809 4445 —
1848 4401 2090 4461 Petente
2125 4400 2545 4480 Bambergensi
2583 4403 2856 4479 episcopo
2872 4445 2891 4475 ,
2934 4404 3144 4462 statuit
3183 4418 3261 4463 ne
3300 4404 3461 4464 cives
3491 4404 3784 4465 Bamber-

1285 4495 1670 4574 Nurembcrg.
1810 4511 2020 4573 genses
2046 4495 2124 4556 ad
2147 4496 2340 4557 aliena
2360 4498 2591 4574 judicia
2614 4498 2691 4558 de
2717 4504 2945 4559 caetero
2971 4505 3309 4560 evocentur.
3666 4510 3782 4563 676

977 4609 1051 4662 28
1088 4616 1232 4681 aug.
1394 4601 1572 4678 Apud
1731 4633 1813 4647 —
1850 4603 2071 4662 Notum
2109 4601 2252 4663 facit
2286 4602 2448 4679 quod
2483 4603 2562 4663 ad
2601 4604 2989 4664 imitationem
3028 4606 3211 4680 patris
3248 4606 3343 4664 sui
3382 4605 3789 4668 Romanorum

1290 4697 1676 4777 Nuremberg.
1815 4701 2213 4776 imperatoris,
2247 4700 2462 4761 fratres
2499 4699 2712 4761 domus
2745 4700 3244 4762 'theutonicorum
3282 4702 3531 4764 Sanctae
3565 4702 3790 4767 Mariae
