4842 5802
1131 634 1251 699 793
2128 634 2560 699 rmnnmm
2609 637 2701 699 SE
2711 636 2957 699 mmm
3584 633 3744 712 [An.
3773 634 3956 697 1235.

1117 770 1389 843 Saccus
1421 764 1785 840 Mediolani
1824 774 2151 861 potestas,
2184 767 2510 843 dominus
2537 772 2837 845 Uber-tus
2861 769 2960 843 -de
2973 766 3329 842 Mandelio
3359 775 3663 863 potestas
3689 767 3956 857 Laude,

1122 890 1456 964 dominus
1498 889 1763 963 Florius
1804 889 1904 964 de
1926 891 2287 965 ‘Castelleto
2318 903 2617 988 potestas
2651 893 2983 986 Novarie‚
3029 892 3360 965 ¹dominus
3397 891 3781 963 Resonatus
3820 891 3960 963 Pu·

1128 1014 1487 1087 teibonelli
1536 1023 1837 1110 potestas
1884 1013 2338 1108 Alexandria,
2388 1016 2720 1091 dominns
2767 1015 3127 1091 Gom-edus
3171 1015 3270 1088 de
3309 1013 3614 1087 Conoaeo
3659 1023 3964 1111 potestas

1128 1136 1357 1228 Comi,
1393 1135 1715 1210 domium
1738 1138 2101 1212 Bainerius
2138 1139 2304 1212 Zeni
2334 1149 2636 1236 potestas
2677 1141 2976 1232 Trivisii,
3001 1139 3336 1212 dominus
3379 1138 3598 1210 Octus
3631 1135 3730 1209 -de
3759 1136 3964 1208 Mau-

1126 1260 1319 1334 dello
1360 1270 1660 1355 potestas
1686 1261 1960 1354 Padus,
1998 1262 2328 1335 dominus
2373 1263 2851 1337 Carnelvarius
2894 1262 2985 1336 de
3021 1264 3234 1335 Uzine
3275 1270 3579 1357 potestas
3623 1260 3959 1350 Bononio,

1130 1382 1465 1456 dominus
1507 1383 1827 1477 Paganus
1871 1384 1964 1458 de
2002 1386 2076 1459 ia
2113 1386 2328 1460 Turre
2368 1395 2670 1481 potestas
2703 1386 2939 1458 Brixia
2981 1394 3049 1458 et
3095 1382 3423 1457 dominus
3461 1380 3779 1455 Andreas
3824 1381 3963 1455 do·

1137 1506 1310 1578 mini
1348 1506 1847 1580 Aldevrandini
1876 1508 2164 1581 nomine
2197 1518 2266 1581 et
2310 1510 2469 1582 vioe
2501 1510 2855 1605 potestatis
2889 1509 3248 1598 Faventie‚
3281 1509 3692 1599 Juraveruut
3738 1512 3807 1577 et
3850 1525 3964 1577 re-

1139 1630 1610 1701 formaverunt
1668 1630 2063 1702 societatem
2124 1629 2542 1725 predictam,
2599 1641 2669 1705 et
2727 1617 3029 1728 prefatus
3085 1630 3414 1703 dominus
3470 1628 3815 1702 Iohannes
3865 1627 3963 1701 de

1138 1752 1340 1829 Porta
1416 1750 1721 1825 Ferraria
1790 1763 2090 1849 potestas
2176 1754 2455 1828 nomine
2513 1765 2584 1828 et
2635 1756 2791 1829 vioe
2841 1755 3226 1828 communis
3289 1753 3597 1826 Ferraria
3641 1752 3723 1823 in
3778 1752 3964 1825 dicta

1140 1874 1474 1949 concione
1521 1877 1783 1968 juravit
1845 1877 2102 1950 dictam
2159 1878 2556 1951 societatem
2615 1878 3031 1953 Lombardie
3054 1930 3075 1970 ,
3131 1876 3445 1951 Marchie
3507 1885 3584 1950 et
3629 1876 3964 1949 Romania

1141 1995 1530 2071 secundum
1567 1997 1852 2071 modum
1889 2010 1961 2071 et
2010 2001 2305 2073 forman
2342 2009 2420 2074 et
2459 2000 2927 2074 conditionem
2983 2022 3195 2096 quam
3243 1998 3523 2074 dixerat
3567 2010 3640 2072 et
3689 2021 3965 2095 propo-

1133 2130 1373 2194 suerat
1416 2120 1716 2194 dominis
1762 2122 2239 2197 Bartholomeo
2288 2124 2572 2198 mutiano
2624 2134 2695 2197 et
2743 2125 3060 2198 Ursuiino
3108 2120 3334 2217 judici
3381 2122 3764 2196 rectoribus
3814 2124 3967 2196 Bo-

1142 2246 1351 2319 nonio
1387 2244 1537 2343 (sic)
1570 2255 1917 2319 eteorum
1951 2248 2180 2320 sociis.
2219 2247 2636 2321 Protestatus
2670 2249 2805 2320 fuit
2830 2247 3023 2344 quod
3057 2247 3130 2318 in
3157 2247 3348 2320 nullo
3383 2246 3523 2319 alio
3553 2247 3707 2319 vul't
3748 2248 3962 2320 teneri

1144 2391 1270 2464 pro
1312 2368 1662 2441 communi
1696 2370 2002 2443 Ferrarie
2037 2391 2167 2443 nec
2192 2371 2426 2466 ipsum
2467 2393 2834 2445 commune
2863 2372 3043 2468 ipsis
3072 2370 3458 2444 rectoribus
3498 2371 3609 2443 vel
3657 2370 3966 2443 societati

1138 2490 1481 2587 predicte,
1522 2493 1660 2565 nisi
1702 2493 2091 2566 secuudum
2125 2493 2318 2589 quod
2357 2494 2754 2590 predixerat
2786 2506 2857 2568 et
2905 2517 3065 2568 eum
3116 2493 3535 2591 supradictis
3577 2494 3855 2566 antiano
3891 2502 3966 2566 et

1140 2613 1528 2687 rectoribus
1578 2615 1805 2687 fuerat
1854 2624 1926 2688 et
1957 2624 2062 2689 est
2099 2616 2172 2687 in
2223 2615 2590 2689 concordia
2631 2627 2699 2691 et
2731 2618 3065 2712 scriptum
3100 2617 3438 2712 reperitur
3465 2639 3596 2713 per
3642 2638 3754 2689 me
3783 2613 3959 2688 Ari-

1143 2737 1414 2810 bet-tum
1446 2737 1817 2810 notariam.
1863 2739 1997 2823 Qui
2037 2746 2341 2812 rectores
2394 2739 2784 2812 secundum
2834 2740 3122 2813 modum
3166 2739 3639 2835 sup-adicmm
3682 2761 3965 2835 recepe-

1144 2870 1308 2933 runt
1338 2881 1500 2934 eum
1531 2870 1599 2933 et
1625 2861 1859 2952 jurare
1888 2862 2197 2935 fecerunt
2232 2862 2299 2934 in
2334 2862 2525 2937 dicta
2561 2864 2912 2937 concione.
2933 2865 3016 2937 Et
3051 2884 3184 2957 ego
3217 2861 3603 2955 Arihertus,
3627 2873 3956 2956 utsupra.

2767 3167 3472 3182 om*-

1248 3444 1434 3526 Inde
1480 3442 1888 3552 imperator
1938 3468 2024 3525 se
2068 3442 2386 3524 contulit
2420 3445 2521 3525 ad
2572 3444 2940 3553 oppidum
2973 3443 3444 3551 Haginhowe
3485 3442 3565 3523 in
3603 3468 3760 3552 quo
3795 3442 3972 3525 hie-

1144 3577 1406 3660 mavit.
1477 3576 1589 3658 Ibi
1655 3575 2035 3658 affuerunt
2091 3600 2345 3657 comes
2400 3575 2823 3658 Tolosanus
2867 3586 2943 3659 et
2985 3601 3240 3660 comes
3289 3575 3752 3662 Provinciae.
3809 3576 3974 3660 Re—

1140 3708 1337 3817 cepit
1373 3721 1627 3791 autem
1666 3734 1918 3792 comes
1955 3708 2379 3791 Tolosanus
2415 3709 2837 3791 marchiam
2872 3710 3310 3794 Provinciae
3345 3710 3445 3793 ab
3479 3710 3967 3818 imperatore,

1140 3842 1585 3950 homagium
1645 3841 1790 3923 sibi
1850 3851 2276 3948 praestans,
2339 3841 2611 3923 Comes
2665 3851 2920 3922 autem
2973 3841 3408 3925 Provinciae
3478 3843 3971 3952 quinquage—

1141 3973 1405 4054 narius
1452 3973 1622 4054 ideo
1670 3982 1851 4053 tunc
1905 3973 2241 4080 primum
2294 3971 2393 4053 ab
2443 3973 2898 4080 imperatore
2951 3972 3053 4054 ad
3105 3975 3432 4082 gradum
3484 3974 3800 4055 militiae
3854 3986 3971 4055 est

1142 4113 1584 4214 provectae,
1627 4103 1811 4212 quia
1846 4103 2159 4185 comites
2198 4128 2380 4185 suae
2420 4103 2851 4210 parentelae
2897 4129 2977 4184 se
3027 4130 3185 4186 non
3221 4104 3545 4185 credunt
3577 4104 3710 4185 diu
3744 4128 3971 4213 posse

1148 4238 1398 4320 vivere
1450 4245 1859 4345 postquam
1924 4236 2249 4346 gradum
2311 4235 2628 4317 militiae
2682 4246 2862 4317 sunt
2917 4236 3306 4344 ·adepti....
3367 4236 3658 4319 Ibidem
3719 4237 3970 4318 nuntii

1150 4368 1457 4479 reginae
1517 4367 1922 4475 Hispaniae
1979 4365 2100 4476 (1)
2158 4365 2535 4450 affuerunt
2591 4368 2723 4477 qui
2794 4368 3344 4478 pulcherrimos
3406 4368 3825 4450 dextrarios
3894 4380 3971 4451 et

1172 4629 1197 4640 ”
1223 4632 1295 4702 (4)
1331 4630 1542 4688 Scilicet
1576 4632 1818 4702 Beati-ix,
1849 4646 1988 4704 quae
2021 4631 2182 4687 etiam
2212 4631 2358 4688 Elisa
2378 4673 2392 4701 ,
2420 4630 2651 4704 Philippi
2684 4632 3049 4687 Romanorum
3084 4631 3225 4705 regis
3266 4632 3451 4689 ultima
3496 4631 3745 4689 filiarum.
3784 4633 3970 4691 Mense

1148 4728 1424 4787 novembri
1450 4731 1546 4785 ηε
1561 4732 1614 4798 9,
1638 4729 1982 4787 reu-dinando
2001 4727 2256 4787 castellae
2274 4734 2334 4785 et
2354 4726 2605 4801 Legionis
2632 4728 2742 4802 regi
2763 4735 3042 4803 nupserat.
