4842 5802
861 2070 988 2124 Apud

784 2122 1026 2175 Augustum
1040 2156 1053 2175 ‚

777 2176 830 2219 19
857 2179 1062 2221 octobris.

1174 650 1295 710 556
2211 660 2554 722 namuci
2604 661 2941 721 summ
3612 664 3770 742 [Ans.
3810 667 3980 727 1231.

1171 790 1547 881 precariam
1598 801 2035 886 extorquere.
2095 794 2298 879 Quod
2354 796 2476 888 qui
2526 796 2751 867 facere
2794 797 3285 891 presumpserit
3334 799 3817 893 omnipotentis
3862 804 3985 875 Dei

1173 912 1715 1006 indignationem
1756 925 1826 988 et
1855 925 2153 989 nostram
2185 939 2468 1009 gravem
2501 918 2827 990 offensam
2864 940 2940 991 se
2964 920 3231 993 noverit
3265 920 3728 995 incursurum.

1266 1039 1497 1111 Testes
1532 1048 1696 1111 sunt
1726 1040 1824 1111 hii
1850 1043 1914 1112 S.
1964 1043 2505 1135 Maguntinensis
2537 1042 3120 1137 archiepiscopuS,
3148 1045 3233 1114 H.
3259 1045 3566 1118 marchio
3594 1045 3684 1119 de
3716 1048 3977 1140 Baden,

1169 1159 1436 1232 Ulricus
1463 1161 1553 1234 de
1579 1162 2037 1254 Husemeche‚
2075 1165 2419 1258 Pilgrinus
2447 1164 2538 1237 de
2561 1165 2969 1259 Emeringen
2986 1220 3006 1257 ,
3062 1167 3454 1241 Hawardus
3485 1170 3975 1262 Musechunch‚

1169 1283 1438 1355 Ulricus
1464 1292 1534 1355 et
1562 1286 1984 1359 Wernherus
2012 1288 2291 1378 notarii,
2335 1298 2404 1360 et
2438 1289 2553 1359 alii
2578 1291 3049 1384 quamplures.

1263 1408 1514 1478 Datum
1536 1400 1786 1497 nanis,
1829 1432 2012 1482 anno
2041 1410 2385 1482 dominice
2421 1411 2909 1484 incarnationis
2940 1413 3302 1487 millesimo
3340 1415 3812 1489 ducentesimo
3846 1417 3981 1488 tri-

1164 1532 1428 1623 gesimo
1452 1532 1707 1627 primo,
1747 1533 2057 1607 kalendis
2081 1535 2377 1607 octobris
2402 1533 2538 1630 (a),
2577 1534 2952 1608 indictione
2979 1538 3243 1631 quinta.

3497 1822 3535 1830 —o

1265 2060 1635 2143 Henricus
1652 2123 1675 2163 ,
1717 2061 2238 2144 Romanorum
2275 2087 2447 2164 rex,
2497 2072 2764 2143 notum
2809 2060 2988 2142 facit
3039 2062 3248 2170 quod
3301 2062 3728 2172 Berngerus
3783 2062 3970 2169 Spi-

1158 2193 1401 2274 rensis
1437 2191 1834 2300 episcopus
1870 2193 2013 2275 sibi
2049 2193 2368 2276 contulit
2404 2192 2874 2276 advocatiam
2907 2193 3005 2274 de
3039 2192 3390 2276 Luzheim
3430 2193 3510 2273 in
3549 2192 3808 2299 feudo,
3838 2193 3970 2274 tali

1157 2336 1376 2435 pacto
1412 2336 1499 2408 ut
1531 2326 1733 2407 hanc
1767 2328 2237 2410 advocatiam
2272 2327 2489 2409 nullo
2523 2328 2755 2410 modo
2791 2327 2889 2409 ab
2925 2328 3241 2436 imperio
3280 2327 3661 2410 alienaret.

1318 2536 1636 2617 (Ineditum
1678 2556 1757 2599 ex
1798 2541 2067 2618 originali
2093 2543 2156 2599 in
2180 2540 2423 2601 archivo
2446 2540 2786 2618 stuttgart„
2831 2539 2989 2599 unde
3030 2539 3246 2615 pendet
3288 2540 3544 2617 sigillum
3584 2555 3815 2600 cereum
3856 2539 3971 2600 filis

1393 2646 1593 2706 sericis
1618 2645 1764 2706 ssavi
1790 2651 1851 2706 et
1874 2645 2270 2707 amaranthini
2296 2642 2556 2722 coloris.)

1247 2827 1332 2896 H.
1371 2827 1492 2897 Dei
1539 2826 1754 2922 gratia
1792 2827 2252 2898 Romanorum
2302 2847 2429 2896 rex
2480 2845 2750 2919 semper
2800 2832 3171 2918 augustus,
3215 2825 3560 2897 universis
3585 2836 3962 2920 presentem

1147 2952 1472 3047 paginam
1511 2951 1919 3044 inspecturis
1969 2952 2259 3043 gratiam
2315 2972 2510 3021 suam
2550 2957 2620 3021 et
2666 2970 2870 3022 omne
2910 2950 3196 3022 bonum.
3254 2949 3692 3022 Universitati
3741 2960 3967 3023 vestre

1152 3073 1692 3165 significandum
1748 3074 2083 3146 duximus
2138 3074 2330 3168 quod
2390 3075 2777 3167 Berngerus
2814 3074 3149 3168 Spirensis
3209 3075 3606 3168 episcopuS,
3675 3072 3965 3145 dilectus

1151 3198 1472 3294 princeps
1525 3206 1790 3287 noster,
1850 3198 2136 3269 contulit
2187 3198 2384 3269 nobis
2441 3208 2508 3269 et
2550 3197 3058 3269 successoribus
3112 3198 3360 3284 nostris
3407 3196 3838 3269 advocatiam
3875 3196 3964 3269 de

1147 3321 1473 3394 Luzheim
1503 3323 1575 3391 in
1607 3321 1851 3408 feud0,
1890 3321 2002 3392 tali
2033 3321 2432 3416 interposita
2457 3321 2859 3394 condicione
2895 3329 2972 3392 ut
3006 3320 3300 3393 eandem
3334 3319 3761 3393 advocatiam
3790 3322 3962 3393 nulli

1149 3443 1349 3515 nobis
1380 3444 1583 3516 liceat
1607 3443 1966 3516 infeudare
1994 3444 2104 3516 vel
2138 3445 2273 3515 alio
2300 3445 2533 3537 aliquo
2561 3443 2767 3516 modo
2793 3444 2882 3515 ab
2902 3445 3185 3538 imperio
3208 3445 3507 3516 alienare
3525 3497 3544 3531 ,
3586 3443 3710 3516 sed
3740 3445 3960 3538 ipsam

1144 3567 1236 3640 ad
1272 3589 1519 3639 manus
1543 3574 1805 3640 nostras
1840 3589 2110 3662 semper
2134 3569 2432 3640 retinere
2457 3568 2861 3641 debeamus.
2897 3567 3006 3639 Ad
3040 3568 3239 3659 cujus
3264 3568 3361 3639 rei
3392 3568 3872 3641 certitudinem
3892 3577 3961 3641 et

1143 3691 1353 3765 robur
1388 3700 1720 3786 perpetuo
1742 3691 2153 3783 valiturum,
2210 3700 2593 3788 presentem
2628 3692 2950 3786 paginam
2985 3689 3127 3763 fieri
3187 3702 3255 3763 et
3302 3691 3527 3784 sigillo
3582 3694 3958 3785 majestatis

1146 3823 1373 3887 nostre
1407 3816 1694 3887 fecimus
1725 3815 2062 3909 insigniri.

1241 3939 1488 4010 Datum
1517 3938 1707 4034 apud
1734 3940 2111 4032 Augustam
2131 3992 2150 4029 ‚
2188 3961 2370 4012 anno
2395 3939 2739 4011 dominice
2774 3939 3257 4010 incarnationis
3294 3940 3650 4010 millesimo
3689 3937 3957 4009 ducen-

1142 4062 1383 4135 tesimo
1418 4061 1737 4132 vicesimo
1774 4060 1876 4155 (i)
1902 4063 2157 4154 primo,
2192 4062 2373 4131 x1111
2398 4061 2730 4133 kalendas
2766 4062 3194 4152 novembris,
3233 4061 3606 4134 indictione
3621 4062 3707 4131 V.

1226 4237 1310 4316 (α)
1356 4239 1428 4299 In
1474 4236 1721 4296 Besoldo
1763 4236 1976 4295 decimo
2003 4233 2277 4296 kalendas
2303 4235 2562 4297 octobris.
2595 4238 2678 4298 At
2715 4255 2793 4298 ex
2828 4239 3123 4316 originali,
3154 4245 3223 4299 ut
3266 4256 3374 4299 nos
3412 4242 3642 4298 monuit
3683 4238 3950 4312 Kaualer,

1143 4345 1486 4420 simpliciter
1513 4339 1771 4402 kalendis
1799 4342 2111 4420 legendum
2138 4348 2247 4402 est.

1213 4579 1289 4652 (4)
1327 4578 1416 4635 Sic
1457 4579 1513 4635 in
1556 4578 1795 4652 originali
1812 4622 1826 4650 ,
1854 4579 1949 4636 sed
1976 4579 2256 4650 legendum
2286 4582 2568 4636 tricesimo.
2597 4581 2804 4654 Nempe
2835 4581 3073 4637 notarius
3117 4581 3172 4635 in
3208 4581 3478 4637 notatione
3518 4580 3642 4636 anni
3678 4579 3951 4637 evidenter

1143 4675 1379 4747 erravit,
1427 4682 1542 4732 tum
1568 4691 1636 4733 ex
1665 4676 1967 4733 indictionis
1992 4691 2212 4733 numero
2228 4718 2242 4747 ,
2280 4680 2393 4733 tum
2428 4677 2553 4750 quia
2576 4678 2904 4751 Berengerus
2931 4694 3070 4735 anno
3098 4680 3227 4736 ⁴22⁴
3269 4677 3504 4735 nondum
3532 4676 3796 4750 Spirensis
3829 4675 3950 4749 epi-

1138 4789 1335 4848 scopus
1361 4779 1494 4830 erat.
