4842 5802
845 572 1038 629 lxmcr.
1068 569 1157 645 8.]
1745 566 2134 629 HISTORIA
2187 568 2770 630 DIPLOMATICA.
3548 561 3667 622 737

940 703 1311 797 Gregorius
1349 700 1444 797 (a)
1463 754 1482 788 ,
1535 711 1701 791 etc„
1760 704 2086 797 magistro
2138 716 2206 778 et
2249 703 2576 779 fratribus
2619 701 2976 798 hospitalis
3006 701 3431 774 Hierusalem
3455 752 3475 791 ,
3518 707 3654 772 etc.

841 826 1147 899 Evidens
1185 834 1383 899 estet
1418 824 1887 918 ambiguitatis
1919 828 2236 900 nubilum
2277 848 2413 898 non
2449 826 2746 899 admittit
2778 824 2968 918 quod
3015 823 3109 897 ad
3144 824 3277 896 hoc
3310 820 3659 916 potissime

839 949 1191 1043 religionis
1240 948 1553 1020 habitum
1607 950 2073 1044 assumpsistis
2121 964 2199 1023 ut
2244 951 2314 1022 in
2357 952 2562 1024 Terre
2599 950 2844 1020 Sancte
2895 946 3206 1042 partibus
3234 945 3657 1039 ampliationi

843 1071 1160 1143 vacando
1199 1070 1400 1160 fidei,
1459 1070 1678 1164 patrie
1721 1093 2020 1167 superne
2067 1073 2338 1145 civibus
2375 1072 2739 1166 aggregari
2777 1070 2899 1166 (b).
2961 1124 2978 1140 .
3041 1123 3059 1140 .
3120 1124 3139 1142 .
3193 1071 3415 1162 Digne
3449 1069 3662 1162 igitur

840 1195 1045 1268 vobis
1079 1194 1377 1267 suadere
1411 1216 1779 1288 possumus
1819 1206 1890 1268 et
1926 1196 2261 1270 debemus
2303 1206 2384 1269 ut
2425 1218 2581 1268 cum
2619 1195 3043 1290 propositum
3086 1202 3394 1266 vestrum
3438 1215 3532 1265 ex
3579 1215 3663 1265 eo

845 1320 1175 1413 precipue
1221 1319 1611 1414 promoveri
1645 1319 1868 1391 valeat
1902 1319 2092 1412 quod
2145 1322 2339 1416 Syrie
2384 1321 2698 1415 partibus
2730 1317 3013 1412 aliquod
3062 1316 3495 1390 adversitatis
3531 1338 3662 1388 uu-

846 1442 1064 1514 bilum
1104 1464 1238 1515 non
1289 1441 1678 1529 incumbat,
1720 1443 1834 1513 illa
1873 1444 2206 1538 promptis
2245 1444 2606 1517 affectibus
2662 1442 2994 1514 studeatis
3048 1441 3314 1514 efficere
3354 1463 3479 1534 per
3524 1461 3662 1533 que

843 1567 1061 1659 possit
1089 1565 1333 1639 eadem
1360 1567 1552 1659 pacis
1597 1574 1665 1638 et
1692 1565 1943 1659 quietis
1975 1566 2253 1660 gaudiis
2287 1569 2624 1639 exultare.
2660 1568 3008 1659 Rogamus
3042 1565 3275 1658 itaque
3310 1563 3662 1636 universi-

843 1696 1051 1760 tatem
1089 1697 1388 1761 vestram
1426 1698 1496 1761 et
1529 1688 1885 1761 hortamur
1916 1698 2206 1781 attente,
2241 1713 2365 1786 per
2399 1690 2771 1786 apostolica
2796 1689 3049 1783 scripta
3076 1687 3275 1759 vobis
3305 1688 3377 1758 in
3418 1688 3666 1764 virtute

844 1821 1079 1883 sancte
1113 1809 1504 1882 obedientie
1545 1810 1992 1906 precipiendo
2045 1814 2453 1887 mandantes
2499 1823 2840 1907 quatenus
2888 1811 3176 1908 provida
3223 1811 3664 1884 meditatione

844 1940 1211 2025 pensantes
1240 1930 1416 2025 quid
1456 1931 1851 2003 charissimo
1886 1933 1960 2003 in
2006 1932 2271 2007 Christo
2314 1933 2457 2006 filio
2498 1944 2735 2006 nostro
2769 1932 3093 2004 Federico
3132 1931 3528 2025 imperatori
3570 1952 3663 2002 ex

847 2076 929 2129 eo
964 2056 1220 2128 favoris
1252 2053 1630 2128 debeamus
1672 2065 1744 2127 et
1785 2057 2027 2151 premii
2057 2058 2250 2151 quod
2283 2059 2354 2129 in
2409 2058 2765 2152 obsequiis
2802 2057 3036 2129 matris
3090 2055 3422 2148 Ecclesie‚
3485 2057 3664 2127 sicut

845 2202 1042 2253 suam
1080 2180 1557 2252 excellentiam
1587 2178 1855 2269 decuit,
1899 2194 2254 2276 promptus
2289 2191 2356 2253 et
2390 2181 2639 2254 efficax
2665 2180 2931 2252 studuit
2959 2179 3292 2268 inveniri,
3333 2180 3569 2271 bajulo
3596 2189 3668 2250 et

844 2304 1070 2397 legato
1101 2324 1228 2375 suo
1261 2303 1331 2374 iu
1376 2302 1700 2396 predictis
1739 2303 2051 2397 partibus
2085 2305 2451 2377 constituto
2497 2327 2703 2379 omne
2750 2304 2941 2398 quod
2993 2303 3297 2398 poteritis
3338 2304 3409 2374 in
3448 2304 3663 2398 impe·

844 2426 1119 2498 rialium
1150 2426 1667 2498 conservatione
1692 2427 1955 2518 jurium
2010 2429 2368 2501 consilium
2403 2442 2473 2502 et
2509 2429 2885 2517 auxilium,
2939 2428 3210 2500 sublato
3248 2426 3665 2500 difficultatis

848 2549 1238 2641 obstaculo,
1284 2549 1660 2645 prebeatis3
1709 2572 1942 2624 curam
1979 2562 2048 2625 et
2075 2554 2384 2628 studium
2439 2554 2736 2626 habituri
2784 2562 2904 2642 ut,
2943 2553 3002 2625 si
3048 2553 3221 2624 forte
3270 2551 3519 2624 nobilis
3558 2553 3668 2624 vir

850 2674 1147 2746 Ioannes
1178 2672 1266 2746 de
1302 2673 1561 2747 lbelino
1600 2672 1692 2770 (c)
1725 2697 1807 2746 ac
1857 2676 2155 2770 populus
2184 2675 2603 2749 Acconensis
2635 2676 2942 2768 ejusdem
2977 2675 3534 2770 suggestionibus
3561 2675 3670 2748 in·

852 2796 1142 2890 stigatus
1169 2796 1260 2869 ad
1299 2797 1755 2872 obsidendam
1785 2799 2135 2872 civitatem
2155 2801 2309 2896 Tyri
2339 2803 2450 2873 vel
2481 2801 2781 2894 aliquam
2813 2811 3143 2873 terrarum
3166 2800 3259 2873 ad
3291 2798 3668 2872 dominium

850 2920 1202 3016 imperiale
1239 2923 1693 3017 spectantium
1733 2923 2110 3018 procedere
2139 2925 2573 3019 aliquatenus
2610 2934 3046 3012 attentarent,
3091 2924 3432 2997 efficacem
3471 2945 3669 3019 opem

849 3053 917 3116 et
941 3066 1216 3139 operam
1241 3047 1598 3141 apponatis
1628 3060 1707 3117 ut
1731 3047 1863 3141 ipsi
1884 3070 1926 3120 a
1954 3069 2082 3121 suo
2112 3059 2362 3120 conatu
2384 3058 2708 3121 corruant
2732 3057 2802 3120 et
2832 3048 3168 3121 adversus
3196 3048 3671 3141 imperatorem

854 3170 1176 3242 eumdem
1209 3193 1285 3243 se
1323 3171 1611 3241 ulterius
1638 3171 1901 3263 erigere
1932 3192 2068 3244 non
2115 3181 2535 3264 presumant.
2566 3173 2816 3264 Sicque
2855 3170 2975 3244 fiat
3000 3171 3221 3266 quod,
3256 3172 3391 3243 illis
3425 3194 3468 3244 a
3510 3193 3671 3244 cou-

853 3293 1027 3386 cepti
1049 3292 1298 3365 erroris
1329 3293 1807 3386 prosecutione
1840 3295 2268 3368 cessantibus
2294 3307 2362 3367 et
2396 3305 2626 3368 vestra
2660 3295 2951 3367 faciente
2975 3293 3344 3390 prudentia
3370 3295 3564 3389 quod
3594 3296 3666 3367 in

851 3411 1175 3505 predictis
1220 3415 1529 3507 partibus
1563 3415 1868 3486 vitentur
1907 3417 2349 3489 dissentionis
2396 3429 2467 3490 et
2509 3418 2811 3491 scandali
2875 3418 3312 3505 detrimenta,
3370 3440 3496 3492 nos
3544 3420 3664 3512 qui

855 3532 1228 3605 honoribus
1272 3535 1572 3607 Ecclesie
1623 3547 2022 3631 reputamus
2079 3538 2285 3633 adjici
2348 3540 2683 3634 quicquid
2738 3540 3120 3613 secundum
3168 3542 3388 3612 Deum
3448 3550 3670 3635 potest

855 3656 1166 3728 utilitatis
1202 3665 1269 3729 et
1301 3659 1516 3751 glorie
1540 3659 1874 3754 imperiali
1911 3663 2319 3736 excellentie
2340 3664 2721 3749 cumulari,
2762 3664 3068 3737 reddatis
3096 3665 3386 3738 vobisin
3418 3667 3666 3739 vestris

855 3780 1379 3854 necessitatibus
1412 3781 1786 3873 obligatos,
1819 3791 1890 3855 et
1923 3784 2352 3880 imperatoris
2385 3788 2699 3880 ejusdem
2738 3789 3039 3882 potentia
3069 3789 3158 3860 sit
3183 3788 3381 3861 vobis
3413 3811 3662 3886 oppor-

855 3904 1042 3975 tunis
1073 3904 1495 3998 temporibus
1524 3905 1867 3999 gratiosa3
1922 3909 2158 3980 scituri
2187 3910 2377 4003 quod
2410 3932 2570 3983 cum
2613 3912 3002 4006 sepedictus
3046 3913 3411 4007 imperator
3459 3914 3548 3985 sit
3593 3915 3665 3985 in

853 4038 1115 4100 remoto
1150 4029 1447 4122 positus,
1496 4050 1714 4122 quare
1745 4030 1945 4102 nobis
1977 4030 2066 4103 de
2092 4053 2377 4105 suorum
2406 4034 2923 4107 conservatione
2954 4034 3212 4127 jurium
3242 4058 3406 4108 cura
3443 4037 3666 4108 immi-

853 4159 968 4223 net
994 4151 1341 4246 specialis‚
1384 4153 1444 4223 si
1478 4173 1636 4224 eum
1671 4151 1773 4248 (d)
1801 4152 1871 4225 iu
1906 4155 2253 4249 premissis
2276 4158 2391 4231 vel
2413 4158 2566 4231 aliis
2592 4179 2633 4231 a
2668 4178 3109 4253 quocumque
3132 4159 3389 4232 offendi
3411 4160 3669 4232 contin-

937 4352 1020 4431 (a)
1063 4354 1172 4430 Ap.
1205 4354 1374 4416 Pauli
1391 4371 1558 4433 papa
1582 4371 1790 4430 nonus,
1815 4355 1987 4417 male.

930 4456 1001 4533 (b)
1039 4458 1217 4520 Deest
1243 4460 1490 4522 verbum
1518 4463 1856 4522 mereamini
1881 4464 1977 4523 vel
2004 4462 2365 4541 hujusmodi.

935 4561 1009 4638 (c)
1055 4565 1173 4638 Ap.
1203 4563 1376 4624 Pauli
1407 4564 1478 4625 de
1508 4563 1793 4642 Gibeuno,
1822 4567 1998 4627 male.

936 4662 1024 4743 (d)
1068 4666 1182 4742 Ap.
1213 4666 1380 4728 Pauli
1405 4672 1589 4746 enim,
1618 4671 1793 4733 male.

1013 4771 1122 4835 IV.
1164 4787 1275 4831 Pan
1299 4790 1342 4832 2.
3279 4788 3354 4842 98
