4842 5802
1215 602 1337 665 sso
2208 606 2634 667 FRIDERICI
2686 606 3033 668 sacurem
3659 604 3815 684 [Anu.
3853 606 4024 668 123&

1213 737 1460 811 habeat
1486 738 1740 833 aliquis
1766 740 2146 813 contrarius
2174 750 2293 813 aut
2329 742 2675 836 malignus
2706 743 3073 837 interpres,
3116 742 3236 835 qui
3273 740 3469 834 quod
3501 762 3628 814 uos
3660 763 3787 837 pro
3819 763 4029 816 recu-

1211 863 1563 958 peratione
1599 873 1981 937 nostrorum
2017 866 2277 957 jurium
2317 867 2633 953 facimus,
2669 866 2801 939 boc
2845 887 3003 937 cum
3033 865 3320 937 aliorum
3358 866 3607 957 injuria
3651 886 3775 938 nos
3802 867 4025 939 facere

1211 987 1383 1059 forte
1410 986 1785 1080 describat,
1826 999 1946 1060 aut
1975 989 2469 1061 incrementum
2507 989 2762 1083 negotii
2797 990 3001 1061 Terre
3033 990 3277 1060 Sancte
3307 1010 3482 1081 que,
3509 989 3704 1059 velut
3723 987 4023 1061 Cunradi

1211 1110 1551 1182 karissimi
1588 1110 1707 1181 filii
1737 1113 1953 1184 nostri
1993 1122 2300 1186 materna
2338 1114 2716 1213 succoesiq,
2758 1135 2879 1207 pre
2910 1113 3151 1184 ceteris
3200 1122 3374 1186 terre
3403 1112 3836 1208 principibus
3864 1133 4023 1206 spe-

1212 1235 1454 1306 cialius
1491 1257 1615 1307 nos
1644 1236 2000 1329 contingit,
2046 1237 2567 1331 pretermittere3
2611 1224 2836 1328 quuS,
2869 1246 2949 1307 ut
2988 1235 3321 1325 diximus,
3345 1236 3502 1308 licet
3536 1256 3662 1308 nos
3693 1236 4023 1328 astringat

1211 1361 1301 1431 ad
1341 1381 1622 1454 presens
1659 1360 1982 1431 instantia
2012 1361 2468 1453 necessitatis,
2535 1371 2764 1433 tamen
2798 1360 3178 1455 periculum
3225 1382 3362 1433 non
3400 1361 3748 1453 astringit,
3785 1370 4023 1453 utpote

1210 1484 1472 1575 treugis
1501 1484 1679 1555 inter
1711 1505 1837 1555 nos
1868 1495 1937 1556 et
1966 1485 2327 1556 soldanum
2367 1487 2555 1557 initis
2595 1484 2825 1557 adhuc
2859 1507 2981 1580 per
3016 1486 3387 1557 triennium
3426 1484 3809 1578 duraturis,
3845 1506 4020 1578 quas

1209 1607 1280 1677 in
1318 1606 1479 1679 fidei
1515 1623 1745 1680 nostre
1779 1617 2132 1701 rupturam
2167 1609 2442 1703 infringi
2472 1609 2663 1681 nullo
2699 1607 2904 1681 modo
2931 1663 2949 1697 ,
2992 1620 3328 1702 quantum
3363 1610 3727 1683 salubriter
3783 1629 4016 1703 posse-

1209 1754 1366 1803 mus
1393 1732 1701 1803 resistere
1720 1785 1738 1819 ,
1767 1731 1999 1804 medio
2036 1742 2343 1826 tempore
2366 1735 2862 1828 permittemus.
2892 1735 2979 1804 Et
3014 1756 3172 1806 cum
3207 1734 3486 1807 credere
3512 1755 3649 1807 nou
3677 1731 4017 1828 possimus

1208 1856 1493 1928 rebelles
1523 1864 1790 1927 nostros
1812 1856 2078 1927 viribus
2106 1858 2352 1928 nostris
2377 1879 2579 1952 posse
2606 1858 2918 1930 resistere
2938 1867 3060 1929 aut
3080 1858 3348 1929 viribus
3365 1858 3677 1947 obviare,
3712 1856 4015 1928 maxime

1207 2003 1361 2052 cum
1399 2002 1538 2052 non
1574 1981 1665 2052 ad
1703 1979 2308 2075 depopulationem
2339 1982 2682 2075 ipsorum,
2743 1982 2876 2053 nisi
2927 1983 3387 2074 subjectorum
3433 1981 3715 2054 rebellio
3756 1981 4010 2053 furiosa

1203 2127 1328 2177 nos
1361 2114 1715 2199 provocet,
1769 2105 1897 2177 sed
1942 2107 2028 2178 ad
2085 2108 2629 2179 reformationem
2681 2107 2950 2203 imperii
3010 2116 3080 2178 et
3123 2118 3373 2179 statum
3422 2117 3600 2179 terre
3645 2107 4006 2201 pacificum

1199 2229 1656 2319 intendimus,
1697 2250 1835 2300 non
1887 2252 1963 2301 se
2008 2231 2136 2302 ista
2186 2232 2561 2326 respiciunt
2609 2243 2933 2327 tanquam
2980 2231 3505 2305 contradictoria
3528 2232 3640 2304 vel
3674 2231 4001 2320 adversa3

1197 2365 1265 2425 et
1297 2355 1473 2425 infra
1501 2354 1867 2425 triennium
1895 2354 1986 2426 ad
2018 2355 2557 2448 persecutionem
2581 2356 2785 2428 officii
2819 2357 3029 2427 nostri
3058 2366 3360 2427 nostram
3390 2377 3655 2427 armare
3672 2356 4005 2447 justitiam

1194 2488 1262 2549 et
1301 2479 1505 2549 Terre
1533 2479 1777 2549 Sancte
1808 2476 2104 2572 presidia
2142 2500 2504 2573 preparare
2533 2478 2800 2551 decenti
2839 2479 3368 2569 deliberatione,
3414 2480 3473 2550 si
3504 2480 3748 2550 nostris
3780 2479 4005 2572 impe-

1193 2603 1500 2674 dimenta
1528 2603 1961 2695 processibus
1992 2624 2126 2674 non
2164 2613 2556 2696 prestantur
2582 2611 2653 2673 et
2676 2603 2732 2673 si
2759 2602 3117 2705 consilium
3152 2613 3459 2675 nostrum
3478 2655 3498 2691 ,
3540 2603 3661 2696 qui
3698 2600 3844 2696 (sic)
3870 2602 4006 2674 cir-

1195 2729 1650 2799 cumstancias
1689 2728 2122 2798 transmarini
2172 2728 2429 2819 negotii
2479 2734 2827 2820 presentes
2877 2725 3133 2798 ibidem
3184 2727 3384 2820 plene
3429 2727 3835 2811 didicimus,
3892 2747 4005 2798 ac-

1193 2847 1494 2941 ceptabit
1546 2846 1883 2937 Ecclesia,
1950 2867 2104 2917 cum
2166 2846 2433 2920 auxilio
2486 2846 2693 2919 Jhesu
2749 2845 2993 2918 Christi
3079 2846 3352 2943 plenam
3413 2856 3484 2920 et
3547 2846 4000 2919 indubitatam

1191 2970 1520 3042 fiduciam
1570 2970 1981 3041 obtinemus.
2035 2972 2174 3042 Vos
2221 2970 2435 3061 igitur
2480 2992 2639 3042 cum
2684 2970 2929 3042 ceteris
2967 2969 3245 3061 regibus
3288 2971 3472 3043 orbis
3519 2979 3695 3042 terre
3726 2970 4004 3040 interest

1188 3094 1391 3189 plene
1434 3095 1822 3188 perspicuas
1868 3115 2070 3166 aures
2124 3102 2192 3165 et
2238 3096 2475 3165 oculos
2513 3095 2780 3188 aperire
2824 3104 2894 3167 et
2945 3093 3308 3187 diligenter
3348 3092 3699 3165 attendere
3740 3103 3997 3186 quanta

1191 3218 1748 3291 contradictionis
1778 3214 2037 3288 fiducia
2064 3217 2384 3290 omnibus
2420 3240 2461 3290 a
2488 3220 2659 3311 jugo
2709 3216 2995 3289 dominii
3036 3216 3436 3289 subtrahere
3483 3236 3558 3286 se
3606 3215 3998 3286 volentibus

1186 3343 1587 3437 prebeatur,
1625 3343 1681 3413 si
1711 3341 2093 3413 Romanum
2120 3342 2481 3436 imperium
2507 3343 2840 3432 J‘acturam
2867 3341 3261 3434 hujusmodi
3307 3339 3702 3412 rebellionis
3738 3347 3999 3434 patere·

1184 3478 1330 3553 tur;
1373 3488 1454 3539 ac
1480 3466 1682 3538 oculo
1707 3466 1962 3539 cernite
1998 3466 2374 3560 perspicaci
2401 3466 2460 3537 si
2485 3465 2686 3538 vobis
2715 3465 3042 3560 expediat
3063 3464 3289 3560 quod,
3351 3486 3509 3536 cum
3550 3464 3641 3536 ad
3672 3462 3999 3535 edoman-

1186 3592 1347 3664 dam
1373 3590 1721 3663 interdum
1748 3598 2136 3684 protervam
2167 3589 2531 3660 audaciam
2560 3589 2990 3661 subditorum
3025 3589 3401 3680 intenditis,
3431 3587 3679 3660 vestris
3705 3587 3999 3680 negotiis

1183 3717 1614 3789 extrinsecus
1663 3714 1911 3809 aliquis
1946 3710 2077 3811 [se]
2124 3714 2544 3809 interponat,
2587 3734 3006 3805 causamque
3059 3715 3362 3806 aliquam
3410 3722 3531 3784 aut
3567 3709 3993 3784 occasionem

1180 3840 1417 3912 afferat
1445 3860 1565 3934 per
1589 3860 1800 3934 quam
1828 3847 2055 3911 vestra
2087 3837 2189 3933 (a)
2219 3836 2524 3932 precidat
2559 3836 2906 3932 proposita
2939 3835 3048 3906 vel
3082 3835 3403 3908 retardet.

823 4351 1050 4460 ,3333
1274 4335 1699 4418 Fridericus
1723 4397 1746 4442 ,
1822 4334 2341 4417 Romanorum
2425 4333 2867 4440 imperator,
2928 4332 3132 4440 apud
3192 4357 3474 4440 papam
3539 4358 3619 4414 se
3690 4340 3995 4414 excusat
4048 4335 4051 4340 '

1170 4469 1382 4578 quod
1419 4468 1740 4550 transire
1785 4467 1882 4549 ad
1922 4468 2377 4548 Sarracenos
2411 4465 2785 4548 hostiliter
2830 4490 2984 4548 non
3037 4465 3313 4572 possit,
3373 4465 3562 4547 dum
3615 4464 3995 4547 Lombar-

1244 4629 1322 4709 (a)
1364 4628 1486 4690 Sub
1513 4628 1624 4689 hac
1648 4628 1767 4687 flue
1800 4628 2012 4705 legitur
2041 4629 2103 4686 in
2130 4626 2332 4686 codice
2373 4622 2556 4695 nobie,
2580 4625 2810 4696 nostris,
2836 4630 3037 4685 nostra
3059 4645 3078 4682 .·
3099 4625 3259 4702 quod
3280 4629 3509 4702 justum
3536 4641 3774 4703 quoque
3811 4627 3986 4697 sistit,

1044 4817 1053 4826 ·
1169 4734 1490 4795 dummodo
1516 4750 1623 4810 pro
1648 4730 1953 4794 intenditis
1977 4734 2304 4811 corrigatur
2328 4729 2700 4793 intendimus.
