4842 5802
1950 642 2568 705 ADMTAMENTA.
3550 640 3671 702 939

852 784 1012 858 dem
1052 782 1483 856 adinvicem
1519 801 1681 852 cum
1715 779 1820 852 eis
1847 778 1939 852 de
1969 780 2120 874 ipsa
2159 800 2333 874 pace
2367 788 2442 852 et
2473 778 2840 853 concordia
2877 778 3238 871 diligenter
3272 785 3659 850 tractantes,

851 908 1316 1003 Responsione
1341 926 1510 978 vero
1535 907 1714 977 facta
1735 904 1826 976 ab
1857 903 2026 998 ipsis
2050 905 2456 996 rectoribus,
2488 905 2615 975 iter
2637 924 2872 975 eorum
2903 904 3298 974 festinanter
3317 903 3665 975 Ravenam

851 1032 943 1104 ad
974 1031 1238 1104 domini
1273 1029 1702 1124 imperatoris
1737 1028 2150 1124 presentiam
2193 1028 2490 1121 dirigere
2526 1035 2934 1099 statuerunt.
2987 1025 3299 1119 Cumque
3329 1033 3560 1098 essent
3594 1025 3663 1096 in

854 1155 1119 1243 itinere,
1160 1155 1345 1227 idem
1376 1152 1700 1226 dominns
1736 1152 2110 1247 imperator
2141 1150 2233 1224 de
2271 1171 2510 1223 eorum
2538 1151 2926 1243 intelligens
2956 1150 3261 1221 adventu
3291 1149 3407 1222 die
3439 1150 3671 1222 domi-

849 1278 1005 1350 nico
1020 1279 1138 1350 VH
1163 1278 1420 1350 mensis
1443 1276 1672 1349 martii
1698 1276 1878 1348 inter
1898 1296 2152 1348 nonam
2176 1285 2245 1347 et
2263 1294 2590 1370 vesperas
2615 1295 2773 1346 cum
2793 1293 3007 1368 parva
3027 1273 3230 1344 turba
3255 1273 3550 1344 militum
3580 1273 3669 1345 de

851 1403 999 1496 ipsa
1023 1402 1348 1496 privatim
1377 1400 1624 1473 exiens
1651 1399 1953 1490 civitate,
1985 1397 2365 1493 equitando
2400 1398 2492 1470 ad
2524 1399 2731 1470 maris
2768 1397 3084 1492 pervenit
3114 1398 3377 1484 littora3
3416 1396 3671 1469 deinde

856 1546 1136 1597 cursum
1163 1524 1558 1617 navigando
1592 1543 1712 1618 per
1739 1522 1909 1595 Padi
1933 1521 2161 1595 undas
2183 1524 2538 1595 Loeretum
2577 1519 2859 1612 direxit,
2886 1520 2979 1592 ibi
3009 1541 3270 1592 moram
3301 1520 3584 1611 facienS,
3609 1529 3678 1591 et

858 1669 1015 1719 cum
1066 1646 1630 1720 ambaxatoribns
1673 1645 1958 1718 Venetie
2003 1645 2130 1716 fuit
2176 1646 2471 1735 locutus,
2510 1644 2749 1717 dicens
2783 1654 2851 1716 et
2889 1644 2989 1715 eis
3017 1663 3406 1738 proponens
3445 1643 3676 1714 limina

858 1772 1041 1844 beati
1061 1771 1321 1845 Marchi
1341 1771 1620 1844 visitare
1640 1770 2115 1865 proposuisse3
2144 1770 2499 1863 postulans
2517 1768 2682 1840 utin
2700 1765 2946 1841 eadem
2962 1767 3241 1839 civitate
3263 1768 3490 1861 ipsum
3517 1788 3674 1839 cum

861 1896 1064 1967 turba
1090 1916 1218 1966 sua
1235 1894 1541 1989 recipere
1559 1892 1914 1966 deberent.
1934 1894 2102 1965 Cum
2125 1902 2355 1964 autem
2380 1891 2863 1986 cognovissent
2881 1893 3158 1963 oracula
3174 1892 3403 1963 Sancti
3425 1891 3678 1963 Marchi

862 2020 1140 2091 visitare
1163 2018 1505 2110 statuisse,
1521 2017 1847 2090 conscilio
1869 2016 2369 2088 communicato
2393 2014 2485 2087 ad
2513 2014 2827 2087 eamdem
2846 2024 3333 2087 concesserunt
3351 2013 3681 2086 accedere

862 2138 1238 2232 civitatem,
1278 2161 1541 2213 moram
1576 2161 1746 2213 vero
1790 2140 1887 2212 ibi
1923 2139 2181 2213 faciens
2213 2160 2336 2235 per
2386 2148 2689 2233 quatuor
2721 2140 2833 2211 vel
2861 2139 3173 2234 quinque
3202 2138 3376 2211 dies.
3415 2138 3680 2211 Deinde

863 2263 954 2337 de
989 2285 1070 2336 ea
1100 2264 1342 2335 exiens
1369 2263 1670 2352 civitate,
1697 2285 1818 2358 per
1844 2264 2056 2336 maris
2085 2262 2310 2336 undas
2344 2263 2444 2336 sic
2468 2262 2866 2356 navigando
2897 2263 3333 2358 Aquilegiam
3357 2262 3682 2335 accedere

865 2388 1236 2478 festinavit,
1279 2387 1638 2459 locuturus
1676 2408 1831 2458 cum
1862 2386 2222 2459 Alamanie
2261 2387 2714 2482 principibus.
2776 2388 3030 2459 Verum
3075 2387 3244 2480 quia
3301 2386 3682 2461 cardinales

867 2511 1096 2605 ipsum
1138 2510 1456 2583 invenire
1496 2510 1781 2583 minime
1811 2519 2181 2605 potuerunt
2219 2520 2290 2583 et
2330 2508 2470 2582 fide
2500 2511 2732 2582 relicta
2772 2510 3167 2582 indecenter
3191 2531 3233 2582 a
3267 2511 3547 2582 Ravene
3587 2509 3684 2581 ci·
3811 2501 3817 2505 ’

868 2633 1082 2707 vitate
1124 2641 1528 2724 secesserat,
1575 2633 1770 2727 quod
1818 2643 1922 2706 est
1979 2642 2211 2706 contra
2249 2633 2515 2706 -summi
2558 2633 2897 2729 pontificis
2950 2634 3281 2707 honorem
3330 2632 3581 2728 pariter
3621 2642 3691 2704 et

868 2756 1373 2843 excellentiam,
1420 2756 1628 2830 valde
1659 2767 1826 2829 sunt
1858 2756 2059 2831 mesti
2091 2768 2161 2830 et
2191 2758 2569 2853 plurimum
2613 2758 2894 2829 turbati.
2940 2758 3075 2841 Qui
3114 2757 3206 2830 ad
3249 2758 3554 2830 Bononie
3597 2756 3692 2828 ci-

869 2881 1141 2955 vitatem
1202 2880 1545 2955 redientes
1597 2882 1981 2957 rectoribus
2027 2892 2097 2955 et
2144 2882 2710 2956 ambaxatoribus
2762 2880 3105 2954 societatis
3157 2881 3568 2956 Lomhardie
3620 2883 3691 2955 in

868 3005 1213 3080 mandatis
1248 3007 1593 3080 dederunt
1620 3017 1697 3079 ut
1727 3008 2018 3101 quilibet
2051 3007 2141 3080 ad
2170 3029 2298 3080 sua
2323 3006 2623 3081 debebat
2648 3006 2874 3080 redire
2899 3008 3200 3104 propria.

1299 3287 2192 3299 -ῴ--ο--.4-.σωσοσυ-.-.-ιο.
2212 3292 2270 3298 μ-.
2289 3292 2302 3298 -
2321 3293 2326 3296 Α
2359 3293 2410 3298 Δ--
2429 3291 2468 3298 α.
2484 3293 2550 3298 ---.
2569 3287 3257 3298 -ψ,*-«“---------

986 3534 1409 3620 Fridericus
1425 3600 1448 3646 ,
1507 3538 2027 3622 Romanorum
2098 3541 2539 3648 imperator,
2598 3540 2698 3621 ad
2759 3539 3384 3649 supplicationem
3444 3540 3691 3623 Bam-

880 3665 1271 3777 bergensis
1307 3670 1668 3778 episcopi,
1710 3671 2169 3753 monasterio
2207 3671 2495 3776 [Sancti
2531 3673 2861 3781 Georgii]
2917 3674 3014 3754 de
3067 3673 3273 3755 Stein
3327 3673 3694 3758 telonium

882 3801 1086 3908 apud
1121 3801 1403 3885 Merket
1439 3813 1513 3884 et
1548 3811 1932 3884 monetam
1975 3803 2054 3885 in
2093 3803 2345 3886 Steine
2378 3803 2804 3888 confirmat.

1043 4005 1338 4083 (Ειῑταοι.
1377 4010 1574 4084 potius
1599 4023 1786 4085 quam
1813 4007 2037 4069 editum
2064 4023 2162 4086 ap.
2201 4007 2444 4087 Mum,
2473 4009 2582 4069 Die
2605 4008 2952 4070 Bructeaten
2977 4007 3080 4068 der
3113 4008 3388 4089 Schweiz,
3411 4029 3474 4091 p.
3502 4020 3602 4086 60,
3633 4017 3695 4075 in

1122 4109 1518 4194 Miulm‘lunq.
1547 4111 1651 4173 der
1685 4115 1984 4196 antiquar.
2011 4111 2289 4196 qeselleolz.
2326 4116 2393 4176 in
2423 4113 2673 4194 Zur-ich,
2704 4123 2748 4178 t.
2778 4117 2901 4189 111,
2930 4133 3004 4176 ex
3032 4118 3367 4197 apographo
3393 4119 3697 4181 Kirchho-

1118 4219 1272 4279 serii.
1305 4220 1503 4296 Hujus
1529 4221 1826 4299 privilegii
1861 4222 2023 4299 quod
2057 4239 2237 4299 supra
2261 4225 2737 4296 memoravimus,
2768 4240 2829 4299 p.
2865 4230 3002 4292 329,
3032 4240 3192 4283 nunc
3229 4230 3459 4301 partem
3496 4227 3698 4289 adesse

1122 4325 1370 4384 libenter
1395 4328 1784 4402 suspicamur,
1815 4330 2073 4396 maxime
2098 4331 2148 4389 sl
2177 4329 2256 4389 ad
2283 4328 2787 4391 confirmationem
2823 4329 3063 4390 Henriei
3096 4333 3331 4407 septimi
3356 4334 3557 4394 oculos
3595 4351 3699 4395 re·-

1122 4428 1431 4492 ducamus.
1464 4430 1555 4493 Cf.
1587 4448 1791 4508 supra,
1820 4449 1881 4509 p.
1915 4433 2078 4509 566.)

986 4600 1397 4692 Fridericus,
1441 4607 1562 4677 Dei
1603 4608 1818 4699 gratia
1846 4609 2301 4683 Romanorum
2342 4611 2711 4704 imperator
2743 4632 3011 4705 semper
3046 4620 3420 4704 augustus,
3461 4615 3698 4688 Hiero·

886 4722 1151 4818 solyme
1177 4736 1245 4797 et
1275 4727 1500 4800 Sicilie
1531 4749 1683 4803 rex.
1707 4732 1850 4804 'Per
1880 4754 2158 4826 presens
2195 4734 2523 4829 scriptum
2553 4744 2789 4807 notum
2825 4735 2966 4806 fieri
3007 4738 3326 4808 volumus
3358 4738 3699 4812 universis

3865 3540 3993 3638 Alpud

3784 3595 3892 3647 Aqui
3914 3597 4055 3648 eglom

3788 3649 3920 3703 aprili
3949 3649 4056 3691 12³2
