4842 5802
880 589 1074 646 lamet.
1106 582 1197 659 9.]
1772 576 2164 637 HISTORIA
2215 576 2797 636 DIPLOMATICA.
3578 575 3695 636 773

978 715 1390 810 Gregorius,
1429 722 1560 785 etc.
1584 765 1604 803 ,
1648 711 1992 783 Friderico
2037 712 2499 782 Romanorum
2532 711 2957 803 imperatori,
3002 721 3133 781 etc.
3178 710 3476 803 Dignum
3509 710 3694 781 illius

881 841 1169 913 assumit
1211 837 1484 911 animus
1525 834 1859 929 gaudium
1918 834 2042 927 qui
2093 855 2169 905 se
2211 831 2648 905 brachiorum
2700 833 2965 905 viribus
3011 834 3102 905 ab
3146 834 3435 906 aliorum
3488 834 3693 906 sentit

883 962 1400 1057 impugnatione
1427 960 1796 1049 munitum,
1831 967 1901 1030 et
1928 956 2433 1028 firmamentum
2473 964 2637 1026 tunc
2670 955 2996 1028 decorum
3030 957 3318 1028 efficitur
3344 980 3501 1029 cum
3532 961 3694 1030 lune

881 1108 1093 1179 quam
1132 1107 1269 1157 non
1318 1084 1610 1157 offuscat
1656 1082 1955 1178 eclypsis
1992 1080 2207 1153 radiis
2258 1080 2654 1151 illustratur.
2711 1080 2917 1151 Porro
2960 1079 3017 1150 si
3072 1080 3430 1152 brachium
3478 1082 3696 1154 desti-

885 1218 1117 1280 tuatur
1147 1208 1449 1302 potentia
1489 1216 1558 1279 et
1586 1207 1752 1276 luna
1787 1214 2063 1298 propter
2097 1212 2431 1275 terrarum
2463 1202 2731 1274 obicem
2774 1202 3013 1274 solaris
3044 1202 3133 1273 sit
3176 1204 3455 1276 luminis
3485 1207 3694 1279 bene-

884 1330 1039 1403 ficio
1081 1330 1405 1425 spoliata,
1449 1351 1610 1424 pars
1654 1338 1875 1400 cetera
1920 1327 2229 1421 corporis
2287 1325 2682 1420 iniquorum
2736 1324 3006 1415 injuriis
3041 1336 3110 1397 et
3149 1327 3436 1417 Jacturis
3481 1349 3699 1422 expo-

886 1455 1069 1526 nitur
1112 1466 1179 1526 et
1230 1454 1360 1526 celi
1398 1453 1607 1525 facies
1650 1452 1866 1523 noctis
1913 1459 2216 1544 tempore
2252 1449 2675 1540 denigratur.
2725 1449 2848 1519 His
2896 1450 3148 1521 etenim
3185 1450 3700 1525 inductionibus

886 1578 1158 1668 moniti,
1213 1578 1322 1648 his
1373 1577 1577 1648 etiam
1635 1574 2017 1647 rationibus
2066 1574 2385 1664 excitati,
2437 1583 2514 1643 ut
2564 1574 2887 1664 majestas
2928 1575 3316 1665 augmentis
3366 1586 3700 1669 augeatur

886 1708 1179 1793 augusta
1216 1698 1565 1788 felicibus,
1622 1706 1695 1768 ut
1730 1697 1823 1769 ad
1861 1699 2014 1789 ejus
2051 1695 2449 1768 mandatum
2484 1696 2758 1768 rebellis
2800 1695 3069 1787 redeat,
3108 1696 3171 1768 ei
3213 1697 3538 1770 subditus
3574 1721 3699 1795 pa-

887 1832 1030 1895 reat
1061 1833 1129 1895 et
1174 1823 1308 1894 sibi
1337 1823 1675 1893 barbarus
1701 1821 1790 1891 sit
1820 1821 2172 1911 subjectus
2200 1819 2491 1891 ferventi
2522 1819 2865 1892 desiderio
2893 1821 3244 1915 cupimus,
3288 1833 3358 1894 et
3387 1822 3699 1898 residens

889 1948 958 2018 in
993 1948 1205 2020 nostri
1250 1946 1543 2041 pectoris
1588 1955 1850 2018 secreto
1880 1944 2302 2039 propositum
2332 1964 2416 2014 eo
2444 1944 2770 2015 libentius
2812 1945 3198 2017 actionibus
3238 1948 3692 2043 explicamus,

888 2091 1026 2163 quo
1066 2070 1306 2143 fortius
1342 2070 1414 2142 in
1460 2068 1875 2142 exaltatione
1923 2066 2190 2161 imperii
2231 2067 2424 2161 quod
2467 2067 2776 2140 defensio
2821 2079 2927 2140 est
2954 2068 3343 2163 Apostolice
3387 2072 3585 2145 Sedis
3631 2086 3699 2148 et

888 2193 1278 2283 brachium,
1327 2194 1736 2266 sublimatur
1783 2201 1853 2264 et
1903 2191 2274 2264 honoratur
2314 2191 2618 2264 Ecclesia
2639 2245 2658 2282 ,
2712 2214 2851 2286 quo
2899 2192 3297 2266 damnosius
3345 2196 3416 2267 in
3481 2198 3699 2292 ipsius

888 2319 1081 2412 quod
1125 2328 1228 2390 est
1276 2318 1573 2390 Ecclesie
1618 2317 2012 2412 speculum,
2058 2314 2499 2411 depressione
2542 2316 2948 2410 opprimitur
2992 2327 3060 2388 et
3100 2318 3189 2389 ab
3233 2317 3531 2390 hostium
3579 2343 3700 2393 re-

892 2453 1119 2514 manet
1172 2441 1756 2535 persecutionibus
1810 2440 2193 2513 indefensa.
2247 2443 2427 2512 Sane
2459 2461 2617 2511 cum
2652 2440 2850 2530 olim,
2896 2439 3072 2511 sicut
3120 2442 3469 2532 asseritur,
3510 2444 3700 2517 cives

890 2566 1316 2638 Acconenses
1357 2565 1760 2637 excellentie
1797 2574 1913 2636 tue
1946 2564 2236 2637 rebelles
2286 2563 2583 2636 existere
2623 2574 2825 2658 teque
2862 2564 3056 2657 regni
3102 2565 3699 2661 Hierosolymitani

889 2690 1459 2784 presumpsissent
1480 2688 1753 2779 juribus
1801 2688 2132 2783 spoliare,
2178 2688 2552 2760 venerabili
2591 2688 2778 2760 fratri
2814 2695 3135 2759 nostro...
3186 2689 3700 2786 archiepiscopo

886 2813 1265 2885 Ravennati
1320 2811 1413 2885 ad
1469 2822 1692 2909 partes
1749 2811 1900 2883 illas
1961 2811 2407 2908 personaliter
2488 2810 2842 2883 accedenti
2914 2811 3302 2906 apostolicis
3376 2812 3700 2887 dedimus

887 2936 1122 3011 litteris
1173 2938 1243 3008 in
1285 2936 1628 3010 mandatis
1672 2945 1747 3009 ut
1780 2957 1902 3009 eos
1945 2937 2136 3030 quod
2183 2938 2472 3009 formam
2516 2937 2705 3030 pacis
2750 2936 2927 3007 inter
2969 2944 3035 3007 te
3068 2957 3152 3007 ac
3184 2936 3331 3008 illos
3376 2937 3701 3010 median-

891 3061 1075 3133 tibus
1119 3061 1493 3135 venerabili
1535 3062 1722 3134 fratri
1770 3070 2002 3134 nostro
2047 3061 2431 3154 patriarcha
2482 3058 2907 3132 Antiocheno
2961 3068 3030 3131 et
3076 3059 3327 3132 dilecto
3374 3059 3514 3133 filio
3557 3085 3700 3135 ma-

886 3185 1098 3277 gistro
1139 3184 1387 3257 domus
1421 3184 1993 3259 Theutonicorum
2031 3194 2383 3256 tractatam
2411 3184 2889 3273 observarent,
2940 3182 3299 3257 induceret
3333 3183 3395 3280 (l
3411 3184 3464 3282 ).
3510 3187 3701 3260 Alio-

887 3307 1057 3398 quin
1089 3308 1322 3378 omnia
1341 3361 1362 3396 ,
1407 3307 1637 3399 quoad
1660 3307 1777 3399 jus
1816 3307 2267 3401 possessionis
2295 3316 2365 3378 st
2389 3306 2843 3400 proprietatis,
2882 3305 2956 3375 in
2984 3326 3146 3377 eum
3175 3315 3429 3378 statum
3461 3309 3533 3380 in
3559 3332 3701 3404 quo

889 3438 1047 3499 ants
1082 3440 1300 3500 ortam
1337 3429 1759 3502 discordiam
1795 3430 1971 3502 inter
2012 3429 2420 3502 Riccardum
2467 3428 2925 3521 Filangerium
2968 3429 3456 3500 marescalcum
3503 3440 3701 3505 tuum

890 3558 960 3620 et
999 3548 1267 3621 nobiles
1313 3562 1381 3621 et
1427 3551 1720 3624 barones
1772 3553 1962 3645 regni
2012 3552 2301 3646 predicti
2357 3558 2428 3623 et
2473 3551 2660 3622 cives
2708 3550 2989 3622 eosdem
3032 3551 3246 3622 fuisse
3295 3563 3695 3645 noscuntur,

893 3670 1294 3744 auctoritate
1320 3683 1549 3745 nostra
1573 3673 1938 3764 reducens,
1963 3674 2492 3747 contradictores
2518 3682 2588 3744 et
2612 3673 2902 3744 rebelles
2928 3694 3219 3747 censura
3247 3675 3702 3749 ecclesiastica

894 3804 1260 3867 coerceret.
1306 3796 1477 3887 Qui,
1519 3808 1887 3891 antequam
1929 3797 2062 3868 sibi
2112 3797 2203 3870 do
2244 3796 2551 3891 predicte
2587 3795 2778 3888 pacis
2816 3817 3026 3888 quam
3069 3796 3234 3868 dicti
3269 3798 3703 3873 Acconenses

896 3918 1180 4013 probare
1234 3920 1560 3992 volebant
1594 3922 1811 3992 forma
1867 3929 2244 4010 constaret,
2287 3919 2498 3990 nostri
2554 3917 2856 3990 mandati
2915 3917 3160 3991 ordine
3208 3941 3346 3992 non
3400 3934 3697 4015 servato,

891 4041 1371 4117 celsitudinem
1405 4053 1596 4116 tuam
1633 4054 1704 4116 et
1740 4042 2041 4116 nobilem
2078 4045 2305 4115 virum
2333 4042 2724 4114 Conradum
2758 4052 2996 4114 natum
3026 4052 3221 4115 tuum
3269 4044 3361 4118 ad
3392 4046 3704 4141 predicta

893 4166 1223 4257 restituit;
1257 4176 1327 4240 et
1355 4166 1549 4262 quod
1577 4168 1765 4240 cives
1787 4178 1856 4241 et
1881 4168 2154 4264 syndici
2171 4167 2605 4240 Acconenses
2628 4168 2888 4260 prefato
2910 4167 3239 4241 Riccardo
3272 4171 3695 4262 marescallo,

895 4299 1011 4361 tuo
1042 4299 1112 4363 et
1134 4289 1451 4383 ejusdem
1485 4292 1627 4363 nati
1658 4291 1969 4380 nomine,
2008 4312 2092 4364 ac
2127 4291 2282 4365 aliis
2313 4290 2567 4383 bajulis
2591 4311 2766 4383 quos
2794 4287 2892 4361 ibi
2920 4311 3046 4385 pro
3080 4298 3384 4387 tempore
3413 4293 3702 4366 duxeris

965 4583 1039 4654 (l)
1075 4582 1157 4640 Cf.
1178 4599 1392 4658 quoque
1414 4585 1663 4643 mandata
1688 4600 1830 4658 quas
1854 4584 1924 4642 de
1947 4584 2111 4657 huius
2136 4584 2523 4658 archiepiscopi
2551 4583 2830 4657 legatione,
2844 4583 2971 4640 data
2988 4583 3209 4657 Spoleti,
3236 4587 3268 4639 8
3290 4586 3500 4658 augusti
3532 4589 3693 4658 ⁴234,

895 4677 1142 4750 praelatis
1163 4684 1221 4737 et
1243 4679 1510 4740 universis
1529 4680 1681 4757 regni
1706 4680 2173 4757 Hierosolymitani
2198 4696 2342 4757 papa
2373 4681 2671 4753 direxerat,
2699 4687 2754 4739 et
2780 4696 2943 4754 supra
2959 4680 3303 4753 exhibentur,
3326 4698 3387 4756 p.
3417 4684 3512 4740 48⁴
3527 4725 3542 4755 ,
3573 4685 3696 4744 ts2.
