4842 5802
1140 651 1262 714 730
2137 653 2561 715 anssmcl
2615 652 2961 714 suenum
3576 652 3737 730 [Asu.
3777 653 3943 715 1235.

1138 786 1234 866 de
1277 809 1463 894 pace
1503 782 1950 890 reformata,
1999 785 2450 895 nuntiatque
2502 786 3033 895 imperatorem
3056 844 3081 889 ,
3140 782 3300 865 filio
3350 782 3590 892 ipsius
3635 786 3737 867 ad
3786 785 3953 894 ejus

1139 916 1468 1028 gratiam
1512 915 1911 1000 accedente
1925 977 1949 1023 ,
1989 942 2168 999 suas
2197 917 2401 1026 apud
2429 917 2933 1003 Wormatiam
2968 916 3271 1025 nuptias
3306 914 3800 1001 celebravisse
3813 976 3838 1025 ,
3877 928 3953 1001 et

1135 1049 1428 1134 curiam
1464 1049 1882 1134 solemnem
1919 1050 2019 1132 ad
2052 1049 2519 1160 Moguntiam
2556 1050 2944 1133 indixisse.

1296 1237 1500 1318 (md.
1531 1238 1883 1311 summu,
1924 1234 2176 1299 vindan.
2207 1234 2384 1300 latter.
2402 1282 2421 1318 ,
2450 1246 2596 1301 tom.
2626 1240 2674 1311 1,
2702 1255 2766 1316 p.
2798 1241 2965 1312 που.)

1227 1396 1668 1470 Sanctissimo
1692 1397 1868 1491 patri
1896 1418 1979 1469 ac
2001 1395 2280 1471 domino
2301 1418 2429 1470 suo
2459 1395 2541 1468 G.
2571 1404 2996 1470 sacrosancte
3020 1397 3322 1470 Romane
3341 1395 3644 1470 Ecclesie
3673 1418 3945 1470 summo

1131 1519 1473 1616 pontifici,
1536 1518 1891 1593 Conradus
1928 1520 2055 1593 Dei
2107 1522 2327 1615 gratia
2364 1520 2976 1596 Hildesheimensis
2999 1520 3367 1616 episcopus
3399 1530 3783 1616 promptam
3815 1542 3941 1594 sue

1130 1644 1601 1741 possibilitatis
1631 1642 2091 1717 obedientiam
2129 1654 2198 1716 et
2233 1643 2583 1719 devotam.
2626 1646 2794 1717 Cum
2829 1666 2953 1740 per
2984 1645 3482 1717 incrementum
3519 1651 3587 1718 et
3613 1643 3939 1717 honorem

1128 1778 1363 1861 sancte
1395 1768 1631 1840 matris
1665 1768 1964 1842 Ecclesie
1998 1778 2258 1842 crescat
2290 1778 2360 1841 et
2392 1769 2704 1865 proficiat
2734 1770 2954 1842 honor
2996 1768 3158 1854 Dei,
3202 1789 3342 1842 nou
3395 1766 3731 1840 immerito
3779 1787 3942 1840 con-

1128 1892 1511 1985 gratulatur
1563 1902 1634 1963 et
1682 1891 2071 1985 congaudet
2128 1892 2450 1966 universe
2497 1892 2971 1966 christianitati
3016 1911 3225 1987 super
3257 1911 3344 1964 eo
3371 1890 3594 1987 quod,
3636 1889 3941 1962 Ecclesia

1125 2015 1430 2089 Romana
1465 2036 1623 2088 cum
1649 2015 1930 2089 honoris
1969 2025 2158 2089 tanto
2194 2017 2504 2112 profectu
2546 2018 2912 2090 reformata
2952 2023 3033 2089 ut
3083 2014 3337 2088 dicitur
3371 2035 3495 2109 per
3523 2033 3763 2107 pacem
3788 2010 3934 2107 (l),

1123 2160 1282 2235 spes
1318 2139 1547 2210 future
1588 2140 2094 2232 tranquillitatis
2130 2149 2200 2211 et
2227 2140 2419 2235 pacis
2447 2140 2940 2236 repromittitur
2986 2138 3292 2212 ecclesiis
3338 2135 3708 2211 universis.
3766 2136 3940 2207 Hinc

1122 2271 1227 2335 est
1249 2263 1457 2334 etiam
1485 2263 1687 2356 'quod
1719 2261 1936 2335 Sedes
1962 2264 2354 2358 Apostolica
2385 2286 2525 2338 non
2557 2274 2819 2339 tantum
2851 2264 3025 2357 suis,
3060 2263 3185 2337 sed
3209 2261 3607 2335 devotorum
3649 2258 3802 2350 ejus
3829 2258 3936 2329 in-

1120 2388 1485 2461 crementis
1523 2385 1924 2479 intendens,
1981 2388 2405 2484 imperialem
2436 2397 2689 2462 statum
2732 2389 3125 2485 provehens
3156 2387 3230 2465 in
3270 2385 3596 2476 sublime,
3645 2382 3938 2476 glorioso

1117 2509 1395 2583 domino
1430 2510 1824 2605 imperatori
1849 2532 1973 2608 per
1998 2521 2302 2586 vestrum
2330 2513 2638 2587 favorem
2663 2521 2734 2586 et
2759 2512 3080 2586 divinum
3108 2511 3470 2584 consilium
3520 2508 3592 2579 in
3628 2506 3937 2603 partibus

1116 2633 1520 2708 Alemannie
1555 2644 1821 2709 tantum
1849 2639 2229 2733 prosperari
2255 2639 2592 2711 concessit
2620 2647 2698 2709 ut
2730 2637 3054 2710 omnibus
3086 2635 3180 2709 ad
3226 2637 3379 2727 ejus
3405 2642 3649 2707 votum
3680 2631 3935 2705 ceden-

1117 2757 1336 2848 tibus,
1372 2767 1511 2831 tam
1548 2761 1838 2852 majores
1869 2781 2077 2853 quam
2117 2761 2415 2833 minores
2456 2760 2834 2855 principes,
2880 2759 3071 2833 omni
3117 2757 3502 2831 resistentia
3539 2763 3608 2827 et
3656 2763 3937 2828 contra-

1118 2879 1422 2955 dictione
1462 2890 1769 2974 remota,
1812 2881 1907 2955 ad
1948 2884 2371 2957 voluntatem
2402 2884 2554 2977 ejus
2586 2884 2899 2957 inveniat
2927 2881 3291 2958 benivolos
3325 2887 3396 2952 et
3426 2885 3725 2975 paratos.
3762 2877 3935 2950 Filio

1115 3003 1462 3099 siquidem
1501 3005 1722 3100 ipsius
1749 3006 1840 3080 ad
1872 3007 2023 3099 ejus
2070 3007 2362 3099 gratiam
2394 3006 2761 3081 accedente
2781 3059 2801 3096 ,
2854 3027 3083 3079 coram
3116 3003 3436 3099 pluribus
3462 2999 3890 3097 principibus
3911 3052 3929 3086 ,

1117 3127 1647 3223 archiepiscopis
1670 3138 1740 3201 et
1764 3129 2131 3225 episcopis,
2156 3130 2479 3217 ducibuS,
2522 3129 3061 3215 marchionibus,
3098 3125 3473 3199 baronibus
3493 3132 3562 3196 et
3589 3121 3935 3194 nobilibus

1119 3251 1351 3323 multis
1384 3251 1573 3347 apud
1609 3253 2053 3324 Warmatiam
2105 3254 2221 3327 die
2271 3253 2517 3325 iduum
2557 3254 2717 3347 julii
2753 3274 2917 3326 suas
2966 3251 3240 3346 nuptias
3275 3246 3718 3341 solempniter
3742 3245 3934 3317 cele-

1118 3373 1496 3470 bravitffl),
1515 3386 2013 3470 consequenter
2027 3378 2612 3451 auctoreDomino
2637 3378 2857 3450 iturus
2881 3375 3306 3469 Moguntiam
3336 3373 3423 3446 ad
3453 3366 3930 3444 celebrandam

1119 3499 1376 3572 curiam
1407 3499 1664 3573 ibidem
1694 3501 1768 3572 in
1804 3499 2289 3596 Assumptione
2314 3504 2523 3574 Beate
2546 3501 2871 3595 Virginis,
2899 3500 2990 3574 ad
3016 3521 3227 3593 quam
3254 3494 3558 3569 universi
3590 3493 3933 3589 principes

1116 3620 1524 3695 Alemannis
1554 3623 1733 3694 sicut
1760 3632 2071 3718 speratur
2106 3633 2496 3715 occurrent,
2552 3625 2642 3698 de
2680 3625 2983 3719 generali
3032 3623 3217 3695 bono
3252 3620 3443 3716 pacis
3473 3625 3543 3691 et
3573 3614 3933 3689 commodo

1116 3746 1320 3818 totius
1333 3746 1636 3820 Ecclesie
1653 3757 1972 3819 mutuum
1991 3750 2352 3822 consilium
2382 3749 2710 3823 habituri.
2735 3750 3025 3842 Negotia
3049 3766 3216 3819 vero
3242 3743 3528 3818 ecclesie
3550 3736 3930 3813 admodum

1115 3866 1332 3941 ardua
1386 3871 1709 3963 magistro
1743 3872 1831 3943 H.
1873 3872 2117 3945 clerico
2167 3894 2323 3945 meo
2372 3884 2632 3946 secreto
2678 3871 3030 3961 commisi,
3080 3888 3311 3941 coram
3348 3865 3550 3938 vobis
3596 3863 3668 3933 in
3705 3869 3931 3934 vestre

1115 3993 1491 4065 sanctitatis
1523 3994 1865 4088 presentia
1896 3996 2346 4089 exponenda3
2402 3997 2796 4090 supplicans
2836 3994 3186 4068 humiliter
3223 3999 3292 4062 et
3324 3989 3574 4060 devote
3597 3983 3791 4077 quod
3821 3982 3925 4052 in-

1114 4118 1290 4189 tuitu
1318 4118 1557 4191 divine
1589 4120 2189 4213 remunerationis,
2235 4122 2443 4213 juxta
2501 4131 2894 4195 consuetam
2941 4116 3334 4214 Apostolice
3384 4099 3581 4184 Sedis
3631 4109 3928 4181 clemen-

1112 4242 1314 4331 tiam,
1352 4242 1614 4316 eisdem
1646 4242 1939 4336 negotiis
1966 4243 2272 4316 favorem
2302 4253 2371 4315 et
2407 4244 2769 4316 consilium
2805 4240 3244 4338 impendatis.

1185 4466 1257 4540 (⁴)
1294 4467 1508 4524 Scilicet
1529 4483 1634 4541 pax
1657 4482 1781 4525 cum
1804 4468 2059 4524 Romanis
2084 4468 2234 4524 inita.
2261 4466 2383 4524 vid.
2412 4483 2577 4542 supra
2601 4485 2656 4541 p.
2691 4470 2817 4536 536,
2851 4471 2962 4523 not.
2996 4469 3049 4520 4.

1185 4563 1254 4636 (2)
1293 4563 1421 4620 Inde
1450 4564 1618 4637 liquet
1645 4564 1700 4619 in
1727 4564 2061 4621 solemnitate
2101 4565 2408 4638 nuptiarum
2435 4564 2719 4636 Friderici,
2744 4564 2910 4620 filium
2933 4564 3050 4637 eJ'us
3086 4558 3372 4617 Henricum
3414 4551 3651 4612 nondum
3676 4549 3754 4604 ita
3780 4546 3925 4603 indi-

1111 4660 1357 4733 gnatione
1382 4669 1605 4735 paterna
1628 4660 1931 4735 perculsum
1955 4668 2014 4718 ut
2034 4668 2317 4736 caperetur
2338 4668 2393 4720 et
2415 4677 2635 4721 carcere
2661 4661 2986 4719 detineretur
3013 4678 3029 4714 ε
3052 4656 3197 4732 quod
3224 4661 3400 4714 tamen
3429 4655 3551 4727 post
3585 4647 3786 4720 aliquot
3811 4643 3927 4701 (110⁶

1109 4757 1318 4813 accidit.
