4842 5802
1163 674 1282 737 702
2039 738 2050 747 ,
2199 676 2543 741 ulturum
2586 675 2921 737 surum
3598 679 3757 758 [Am
3795 682 3967 744 1234.

1322 808 1512 882 (Edit.
1543 823 1640 886 ap.
1683 807 1944 872 Monam.
1975 809 2126 872 Boia.
2145 852 2165 889 ,
2185 815 2344 877 mm..
2364 810 2557 885 XXX,
2588 824 2731 888 pars
2756 818 2836 885 1⁸,
2871 825 2934 888 p.
2963 818 3104 883 ηε,
3132 818 3201 871 ω
3228 817 3371 886 72⁶,
3398 828 3476 879 cx
3501 814 3771 893 ortgimn
3792 820 3975 895 cuju·

1203 992 1216 1007 ,
1315 915 1660 1005 ψείςίίΙιιω,
1678 914 1894 995 periit.)

1261 1079 1337 1148 In
1386 1075 1666 1148 nomine
1712 1083 1945 1146 sancte
1998 1084 2067 1144 et
2104 1072 2467 1147 individue
2507 1075 2881 1148 Trinitatis.
2927 1075 3055 1168 H„
3097 1076 3223 1148 Dei
3260 1077 3479 1170 gratia
3506 1078 3970 1156 Romanorum

1161 1223 1288 1274 rex
1316 1210 1385 1274 et
1409 1220 1681 1294 semper
1712 1207 2076 1290 augustus,
2102 1197 2425 1270 omnibus
2457 1198 2528 1269 in
2557 1207 2989 1294 perpetuum.
3026 1199 3278 1271 Notum
3296 1220 3450 1274 csse
3477 1203 3799 1278 volumus
3829 1215 3968 1280 tam

1161 1325 1597 1423 presentibus
1635 1343 1843 1415 quam
1881 1322 2127 1393 futuris
2155 1322 2347 1416 quod
2383 1341 2516 1394 nos
2549 1322 2988 1417 privilegium
3017 1330 3087 1395 et
3116 1322 3619 1398 ordinationem
3654 1328 3806 1403 sive
3832 1337 3969 1403 sta·

1168 1459 1394 1521 tutum
1428 1445 1914 1520 Embrichonis
1931 1445 2111 1517 bone
2145 1445 2475 1518 memorie
2503 1447 2856 1541 quondam
2877 1446 3388 1541 Herbipolensis
3420 1449 3753 1547 episcopi,
3781 1452 3974 1547 quod

1170 1574 1411 1646 datum
1449 1580 1598 1645 erat
1631 1569 1918 1643 ecclesie
1962 1571 2190 1641 Sancti
2241 1569 2572 1642 Iohannis
2605 1571 2677 1642 in
2718 1571 2962 1664 Hougs
3008 1578 3077 1642 st
3126 1573 3474 1667 preposito
3520 1582 3590 1647 et
3624 1575 3974 1650 canonicis

1169 1695 1484 1788 ejusdem
1511 1694 1685 1780 loci,
1729 1694 1862 1787 legi
1898 1694 2186 1765 fecimus
2214 1714 2445 1764 coram
2479 1694 2726 1782 nobis;
2770 1696 2971 1787 cujus
3001 1702 3196 1766 tenor
3219 1696 3375 1768 talis
3396 1708 3498 1768 est
3539 1724 3558 1770 z

1271 1845 1306 1887 «
1348 1822 1425 1891 ln
1477 1817 1757 1891 nomine
1811 1828 2043 1889 sancte
2091 1827 2159 1888 et
2192 1816 2558 1889 individue
2590 1806 2957 1890 Trinitatis.
2998 1808 3379 1891 Embricho
3400 1819 3975 1914 wirziburgensis

1168 1946 1561 2039 episcopus,
1586 1943 1907 2015 omnihus
1929 1940 2171 2013 Christi
2193 1939 2516 2013 fidelibus
2536 1942 2850 2013 salutem.
2869 1942 3207 2013 Omnibus
3230 1952 3369 2014 tam
3398 1944 3733 2038 presentis
3764 1966 3973 2038 quam

1169 2072 1396 2141 future
1445 2068 1643 2140 etatis
1687 2065 2087 2138 hominihus
2144 2076 2382 2137 notum
2434 2086 2587 2137 esse
2639 2066 2967 2137 volumus
3022 2065 3314 2158 qualiter
3360 2067 3649 2161 quidam
3696 2068 3976 2159 Regen-

1170 2193 1426 2265 hardus
1458 2192 1547 2264 de
1570 2192 1786 2277 Ense,
1840 2188 2165 2260 videlicet
2204 2188 2587 2261 advocatus
2631 2189 2915 2260 fratrum
2946 2184 3038 2260 ds
3071 2188 3320 2261 Sancto
3354 2189 3694 2276 Iohanne,
3733 2189 3806 2261 in
3830 2190 3977 2263 Ba-

1165 2319 1514 2410 dengows
1540 2316 1721 2388 bona
1748 2335 1983 2385 eorum
2022 2312 2686 2407 Cvonengeshoven,
2727 2311 3318 2404 Wolfgisoehussn
3336 2367 3357 2405 ,
3394 2312 3970 2405 Harischesheim,

1162 2439 1795 2514 Rodericheshusen
1815 2491 1835 2528 ,
1875 2438 2261 2531 Hopferstat
2280 2489 2298 2521 ,
2329 2434 2730 2527 -Gnozcstat,
2772 2436 3137 2526 Hoenstat,
3174 2438 3570 2529 Osenwert,
3610 2437 3978 2512 Accolues-

1161 2564 1418 2651 husen,
1457 2558 2023 2647 Eschlihesheim,
2055 2580 2181 2651 per
2214 2559 2554 2652 quasdam
2588 2558 2956 2630 insolentes
2984 2560 3394 2633 exacciones
3430 2570 3502 2631 et
3531 2562 3820 2633 subtiles
3853 2562 3981 2634 ad·-

1164 2688 1594 2761 iuveutiones
1615 2706 1790 2778 quas
1809 2683 1959 2777 ipse
1980 2683 2273 2775 abusive
2288 2684 2600 2773 justicias
2625 2685 3022 2778 appellavit,
3047 2683 3223 2757 adeo
3251 2684 3686 2758 destruxerat
3714 2696 3781 2758 et
3814 2687 3981 2756 fun-

1167 2814 1351 2886 ditus
1387 2808 1930 2883 adnichilaverat
1976 2816 2056 2877 ut
2097 2807 2437 2901 prefatum
2487 2808 2852 2901 collegium
2893 2809 3264 2882 cottidiano
3307 2808 3651 2904 stipendio
3682 2830 3808 2881 suo
3843 2832 3980 2905 ps-

1168 2939 1355 3008 nitus
1391 2940 1688 3020 careret3
1723 2931 1929 3003 etiam
1972 2930 2062 3002 ita
2096 2931 2552 3003 exterioribus
2581 2932 2948 3004 destructis
2984 2941 3056 3004 et
3088 2930 3545 3004 adnichillatis
3582 2932 3653 3002 in
3695 2933 3980 3004 ecclesia

1167 3058 1351 3131 beati
1381 3054 1710 3128 Iohannis
1732 3052 2049 3124 divinum
2080 3054 2437 3123 servitium
2458 3075 2549 3124 ex
2569 3054 2799 3148 inopia
2833 3075 3062 3126 rerum
3101 3063 3169 3125 et
3200 3073 3644 3146 personarum
3686 3055 3826 3125 fere
3862 3073 3984 3148 per

1172 3180 1402 3254 omnia
1429 3199 1695 3250 cessare
1727 3187 2018 3270 ceperat.
2047 3175 2351 3248 Tandem
2386 3198 2554 3248 vero
2590 3176 2877 3269 predicti
2905 3179 3144 3249 fratres
3160 3197 3406 3270 graves
3420 3186 3489 3248 et
3513 3175 3984 3250 indeficientes

1171 3302 1642 3400 querimonias
1679 3299 1769 3372 de
1802 3298 2135 3373 advocato
2163 3320 2314 3389 suo,
2340 3300 2796 3392 Regenhardo
2819 3300 3171 3392 videlicet,
3201 3311 3271 3372 et
3295 3321 3522 3372 coram
3559 3300 3757 3372 nohis
3789 3310 3857 3373 et
3891 3298 3983 3373 ad

1175 3431 1486 3503 ultimum
1523 3447 1751 3498 coram
1791 3445 1957 3517 rege
1991 3423 2359 3495 Luothario
2386 3444 2668 3496 movere
2695 3432 3023 3518 ceperunt
3045 3434 3113 3496 et
3139 3446 3299 3498 eum
3326 3423 3744 3496 incessanter
3775 3424 3845 3495 in
3870 3428 3987 3517 jus

1175 3564 1243 3625 et
1276 3554 1345 3622 in
1382 3572 1657 3623 causam
1680 3569 1843 3619 suas
1864 3547 2148 3639 injurias
2181 3547 2688 3641 expostulando
2715 3556 3096 3619 traxerunt.
3129 3549 3280 3620 Rex
3314 3556 3544 3618 autem
3575 3548 3986 3622 Luotharius

1175 3681 1393 3750 Deum
1433 3686 1498 3745 et
1520 3673 1868 3766 justiciam
1904 3671 1974 3742 in
2009 3692 2216 3746 causa
2249 3673 2774 3766 fratrum:supra
2792 3671 3299 3744 nominatorum
3328 3659 3883 3744 animadvertens
3917 3681 3986 3744 et

1176 3800 1617 3895 amplectens,
1661 3797 1862 3869 nobis
1894 3797 2026 3867 sub
2064 3796 2346 3869 obtentu
2393 3795 2613 3888 gratie
2655 3777 2783 3874 s'ue
2834 3796 3137 3890 precepit
3171 3794 3366 3890 quod
3400 3795 3582 3869 bona
3629 3806 3698 3868 et
3748 3797 3989 3869 fratres

1178 3923 1404 3998 Sancti
1458 3920 1784 3992 iohannis
1815 3941 1857 3991 a
1889 3917 2596 4014 predictoadvocato,
2638 3919 2853 4000 immo
2885 3919 3307 4002 destructone
3348 3920 3625 4014 penitus
3665 3920 3985 3994 absolve-

1176 4067 1432 4121 remus.
1474 4044 1672 4116 Unde
1708 4046 2045 4138 prefatum
2080 4042 2608 4136 Regenhardum
2634 4051 2891 4116 statuto
2927 4043 3077 4118 loco
3105 4055 3173 4116 et
3194 4045 3326 4124 ,die
3357 4054 3425 4114 et
3460 4043 3643 4116 datis
3664 4042 3988 4133 legitimis

1178 4169 1462 4243 indutiis
1488 4168 1618 4238 sub
1650 4167 1855 4238 tercio
1890 4167 2121 4239 edicto
2162 4167 2594 4239 vocavimus.
2636 4166 2775 4253 Qui
2821 4166 2989 4239 dum
3027 4168 3160 4239 sibi
3207 4166 3588 4261 periculum
3630 4164 3989 4237 imminere

1178 4293 1532 4390 cognovit,
1577 4292 1669 4365 ad
1696 4291 1971 4362 terciam
2005 4291 2437 4362 vocationem
2474 4291 2667 4363 senio
2698 4300 2767 4362 et
2802 4290 3195 4374 infirmitate
3221 4290 3575 4360 confectus
3601 4287 3822 4379 venit,
3863 4285 3990 4360 sed

1178 4423 1268 4494 ds
1303 4417 1624 4490 omnibus
1660 4415 1792 4487 sibi
1823 4415 2107 4505 objectis
2141 4436 2216 4486 se
2256 4416 2647 4487 nullatenus
2682 4413 3051 4487 defendere
3090 4414 3342 4506 potuit,
3384 4413 3455 4484 in
3492 4422 3755 4482 tantum
3797 4410 3991 4504 quod

1178 4541 1534 4616 advocatia
1559 4559 1679 4633 per
1704 4548 1964 4609 ceteros
1990 4536 2504 4610 inbeneficiatos
2528 4547 2792 4610 nostros
2821 4538 2886 4610 ei
2916 4539 2987 4608 in
3014 4537 3289 4608 instanti
3311 4535 3690 4629 abjudicari
3716 4534 3987 4608 debuit.

1179 4666 1344 4736 Cum
1385 4682 1553 4733 vero
1590 4661 1945 4732 convictus
1994 4681 2069 4732 se
2127 4660 2593 4732 defensionem
2639 4661 2819 4753 juris
2869 4671 2937 4732 et
2984 4658 3490 4735 firmamentum
3527 4680 3734 4732 cause
3757 4659 3990 4755 perdi·

1179 4789 1366 4861 disse
1403 4785 1784 4879 conspexit,
1815 4784 1907 4855 ad
1939 4805 2174 4878 preces
2195 4796 2264 4856 et
2291 4785 2826 4880 supplicationes
2856 4805 2934 4857 se
2960 4784 3323 4876 convertit,
3360 4783 3708 4857 humiliter
3741 4803 3994 4875 rogans
