4842 5802
811 601 1011 664 Iunior.
1049 602 1172 679 10.]
1711 594 2106 661 HISTORIA
2156 592 2753 655 DIPLOMATICA.
3512 592 3634 654 909

809 736 1119 809 cessione
1186 732 1503 821 debetur,
1570 731 1834 824 integre
1883 731 2206 803 volumus
2278 727 2705 819 conservari3
2762 727 2956 820 quod
3021 738 3224 822 prout
3293 740 3397 802 est
3440 730 3629 805 fideli

811 868 1196 931 nostrorum
1253 856 1560 930 fidelium
1606 854 2049 949 inquisitione
2089 861 2473 947 repertum,
2526 852 2627 923 sic
2669 872 2793 945 per
2841 852 3165 926 officiales
3211 865 3477 927 nostros
3518 858 3633 929 in-

810 982 1220 1055 violabiliter
1254 979 1606 1054 observari
1641 978 2079 1051 mandamus.
2114 975 2423 1048 Alatrino
2450 974 2876 1047 subdiacono
2915 987 2986 1048 et
3023 979 3375 1073 capellano
3401 991 3630 1054 vestro

810 1104 1149 1178 beneficia
1173 1158 1194 1194 ,
1229 1106 1457 1198 siqua
1499 1112 1662 1174 sunt
1712 1102 1844 1174 sibi
1894 1100 2285 1175 officialium
2334 1109 2723 1171 nostrorum
2766 1100 3194 1173 infestatione
3243 1104 3623 1198 subtracta,

812 1252 970 1303 cum
1031 1229 1417 1322 integritate
1472 1224 1797 1300 volumus
1840 1224 2198 1318 resignari.
2248 1222 2586 1296 Ecclesias
2637 1223 2992 1317 quondam
3039 1225 3337 1299 civitatis
3378 1231 3633 1303 Sorane

812 1375 951 1447 que
1001 1354 1195 1426 velut
1250 1351 1573 1446 exemplo
1625 1349 2000 1441 cartaginis
2044 1370 2243 1444 passa
2287 1349 2435 1439 J'am
2488 1354 2790 1420 aratrum
2832 1346 3321 1442 indignationis
3359 1365 3624 1443 nostre,

805 1478 1011 1569 juxta
1064 1475 1507 1563 sententiam,
1561 1473 1860 1545 civitatis
1919 1494 2171 1546 nomen
2221 1481 2291 1545 et
2337 1492 2540 1544 omen
2590 1470 2858 1561 amisit,
2906 1473 3228 1544 nolumus
3277 1479 3622 1571 reparari,

813 1598 1170 1692 presertim
1220 1618 1380 1668 cum
1453 1603 1767 1690 reparate
1816 1594 2075 1665 nullam
2128 1592 2481 1685 aliquibus
2551 1592 2916 1665 utilitatem
2976 1592 3338 1689 afferrent,
3398 1608 3634 1692 utpote

814 1743 971 1793 cum
1017 1721 1247 1793 locum
1289 1717 1613 1791 eumdem
1658 1718 1728 1788 in
1783 1727 2186 1812 perpetuam
2239 1715 2626 1787 infidelium
2670 1725 2901 1789 notam
2960 1728 3290 1812 perpetuo
3338 1722 3635 1796 velimus

813 1844 1094 1919 excidio
1126 1843 1506 1935 subjacere.
1543 1842 1853 1913 Castrum
1896 1862 2064 1913 vero
2107 1838 2617 1931 Montisregalis
2650 1838 2843 1932 quod
2874 1840 3401 1914 Sarracenorum
3450 1846 3633 1917 insi—

815 1968 950 2042 diis
1002 1966 1442 2059 subJacebat,
1475 1964 1565 2037 ad
1615 1964 2107 2037 monachorum
2143 1963 2538 2035 instantiam
2596 1963 2785 2035 velut
2836 1964 3145 2056 ipsorum
3196 1966 3635 2042 facultatibus

814 2112 1216 2179 onerosum,
1254 2089 1424 2183 quia
1465 2088 1904 2183 providentia
1941 2086 2204 2159 destrui
2259 2086 2637 2159 deliberata
2689 2086 3219 2177 mandavimuS‚
3283 2095 3635 2186 repentina

813 2214 1092 2288 levitate
1137 2234 1274 2284 non
1330 2212 1655 2284 volumus
1704 2210 2039 2306 reparari,
2105 2210 2510 2305 priusquam
2551 2210 2644 2282 ad
2683 2219 2912 2304 partes
2959 2211 3145 2306 ipsas
3187 2214 3419 2287 omine
3470 2239 3635 2311 pro-

815 2359 1018 2434 spero
1050 2336 1447 2426 redeuntes,
1496 2334 1690 2429 quod
1730 2333 1931 2406 nobis
1978 2343 2048 2405 et
2097 2334 2383 2406 ecclesie
2413 2334 2638 2425 magis
2676 2333 3012 2427 expedire
3065 2336 3443 2411 viderimus
3480 2340 3635 2413 dis-

814 2482 1179 2557 ponamus.
1233 2459 1374 2530 Nec
1431 2457 1522 2530 de
1570 2458 1770 2530 bonis
1812 2456 2100 2528 ecclesie
2137 2455 2533 2549 supradicte
2583 2477 2795 2548 quam
2853 2458 3407 2550 predecessorum
3462 2485 3637 2537 nos-

814 2597 1074 2659 trorum
1147 2603 1326 2676 opus
1399 2581 1757 2674 egregium
1825 2580 2286 2662 admiramur,
2357 2600 2483 2673 per
2554 2600 2684 2650 nos
2745 2580 3012 2674 aliquid
3078 2584 3429 2657 noscimus
3487 2609 3639 2661 esse

813 2711 1284 2798 subtractum;
1326 2706 1519 2800 quod
1554 2727 1713 2778 cum
1752 2706 1844 2778 ad
1882 2705 2190 2778 notitiam
2234 2713 2534 2776 nostram
2570 2704 2804 2797 aliquo
2842 2704 3189 2779 deferente
3220 2713 3632 2805 pervenerit,

814 2836 1080 2928 integre
1129 2831 1397 2904 restitui
1455 2830 1807 2903 faciemus,
1851 2827 2174 2900 Similiter
2227 2837 2297 2899 et
2355 2826 2641 2900 ecclesie
2686 2827 3136 2922 Sqmllacensi
3187 2832 3246 2903 si
3290 2854 3428 2927 qua
3479 2846 3641 2908 sunt

815 2960 905 3033 de
955 2956 1157 3030 bonis
1212 2955 1432 3050 ipsius
1485 2955 1877 3048 aliquorum
1933 2953 2191 3026 malitia
2251 2961 2491 3025 contra
2536 2953 2872 3044 justitiam
2922 2964 3289 3051 occupata,
3349 2979 3639 3052 persone

813 3081 1185 3173 cujuslibet
1232 3077 1632 3173 acceptione
1678 3086 1979 3168 remota,
2044 3076 2312 3148 restitui
2369 3098 2527 3148 cum
2584 3077 2974 3170 integritate
3025 3081 3471 3175 mandamu3‚
3515 3095 3640 3157 ut-

812 3215 974 3301 pote
1007 3204 1130 3297 qui
1166 3224 1294 3274 nee
1326 3203 1400 3274 in
1435 3201 1544 3272 his
1575 3201 1809 3272 necin
1846 3198 2002 3273 aliis
2032 3198 2298 3272 deferre
2336 3198 2771 3293 disponimus
2804 3201 3067 3274 homini
3121 3214 3355 3278 contra
3383 3207 3631 3279 Deum.

815 3329 1034 3420 Super
1065 3348 1149 3398 eo
1185 3347 1352 3398 sane
1383 3324 1577 3419 quod
1614 3326 1704 3397 de
1735 3324 2021 3397 ecclesia
2052 3323 2361 3397 Meflensi
2400 3320 2502 3418 (⁴)
2535 3333 2605 3396 et
2635 3326 3063 3397 monasteriis
3094 3326 3324 3400 Sancti
3356 3329 3638 3402 Ioannis

817 3451 891 3521 in
948 3449 1213 3536 lamis,
1266 3448 1471 3520 Terre
1503 3447 1818 3538 Majoris,
1866 3446 2078 3520 Mileti
2133 3456 2203 3518 et
2256 3447 2504 3518 Sancte
2562 3447 2946 3542 Euphemie
2989 3471 3149 3521 cum
3202 3451 3460 3544 quibus
3515 3453 3638 3546 ip-

818 3593 1052 3645 sorum
1085 3570 1536 3643 indemnitate
1571 3577 1839 3641 servata
1873 3568 2459 3662 permutationum
2491 3578 2879 3641 contractus
2914 3571 3272 3663 inivimus,
3311 3595 3441 3647 nec
3476 3597 3638 3647 con-

818 3693 1178 3767 scientiam
1233 3699 1537 3763 nostram
1590 3691 1662 3762 in
1709 3690 1943 3785 aliquo
1987 3712 2117 3762 nec
2162 3690 2498 3783 justitiam
2546 3691 2895 3765 credimus
2940 3692 3347 3786 offendisse,
3402 3705 3639 3792 utpote

819 3840 974 3891 cum
1020 3815 1330 3889 ecclesiis
1365 3814 1452 3886 sit
1500 3822 1790 3907 utroque
1828 3814 1986 3904 jure
2017 3813 2426 3908 permissum
2459 3835 2664 3909 posse
2695 3836 2854 3886 cum
2894 3817 3321 3913 principibus
3362 3842 3638 3916 permu-

819 3954 999 4031 tare;
1042 3941 1100 4012 si
1136 3960 1275 4035 que
1310 3947 1472 4010 sunt
1503 3947 1733 4010 tamen
1786 3932 1878 4009 de
1928 3937 2238 4010 ecclesiis
2290 3937 2653 4010 antedictis
2688 3938 2944 4032 quibus
2974 3963 3115 4013 non
3165 3944 3255 4015 sit
3313 3966 3434 4039 per
3481 3948 3635 4020 offi-

816 4066 1022 4139 ciales
1081 4072 1349 4135 nostros
1396 4058 1471 4133 in
1526 4060 1989 4133 satisfactione
2033 4060 2289 4133 vicaria
2352 4060 2776 4134 satisfactum
2832 4062 2925 4136 ad
2975 4064 3292 4158 plenum,
3347 4068 3636 4142 libenter

816 4189 1076 4263 eisdem
1112 4185 1428 4259 satisfieri
1464 4183 1948 4256 mandabimus
1969 4234 1990 4267 ‚
2036 4182 2205 4256 dum
2235 4191 2466 4257 tamen
2512 4205 2591 4257 se
2624 4183 2882 4259 discola
2921 4187 3340 4281 prelatorum
3378 4192 3635 4265 malitia

816 4334 956 4386 non
989 4320 1314 4408 opponat.
1353 4309 1624 4396 Quibus
1650 4330 1809 4381 cum
1841 4307 2073 4382 omnia
2107 4309 2254 4381 fere
2282 4307 2846 4402 predecessorum
2884 4319 3271 4384 nostrorum
3296 4323 3368 4386 et
3401 4325 3633 4387 nostra

887 4616 961 4688 (4)
995 4614 1086 4672 Sic
1109 4614 1166 4670 in
1191 4612 1420 4671 duobus.
1457 4614 1559 4670 Hic
1581 4618 1766 4672 autem
1788 4627 1896 4672 non
1921 4612 1989 4672 de
2009 4611 2235 4673 ecclesia
2269 4611 2525 4673 melfiensi
2538 4656 2554 4687 ,
2578 4614 2677 4673 sed
2697 4614 2877 4690 potius
2909 4615 2978 4674 de
3006 4615 3316 4678 Melfictensi
3348 4619 3628 4696 (Molfetta)

818 4711 1142 4771 mentionem
1168 4709 1285 4769 fieri
1306 4709 1645 4769 arbitramur.
