4842 5802
1119 618 1241 681 796
2118 618 2549 682 nmmum
2598 618 2943 682 ssscumm
3562 620 3723 700 [An.
3759 623 3935 686 1235.

1117 752 1521 826 memoriam
1576 761 1648 825 et
1692 753 1766 825 in
1809 763 2159 850 posterum
2205 752 2596 826 firmitatem
2616 807 2638 846 ,
2687 774 2968 851 presens
3017 752 3347 848 scriptum
3395 750 3545 827 fieri
3594 765 3665 828 et
3713 756 3944 852 sigillo

1120 875 1495 968 maJ’estatis
1546 885 1778 949 nostre
1808 876 2142 968 jussimus
2176 877 2609 951 communiri.

1214 1000 1464 1071 Datum
1509 997 1858 1092 Auguste,
1909 1021 2093 1073 anno
2133 999 2481 1074 dominice
2526 997 3014 1072 incarnationis
3065 999 3423 1074 millesimo
3465 999 3940 1076 ducentesimo

1118 1121 1462 1195 tricesimo
1494 1122 1773 1216 quinto,
1822 1144 2061 1196 mense
2105 1122 2527 1213 novembris,
2569 1121 2963 1195 indictionis
2998 1142 3204 1212 none,
3243 1123 3620 1218 imperante
3659 1122 3940 1199 domino

1118 1254 1354 1317 nostro
1402 1242 1745 1317 Friderico
1767 1298 1787 1337 ,
1827 1246 1954 1318 Dei
1993 1246 2213 1340 gratia
2250 1245 2703 1318 invictissimo
2732 1246 3194 1318 Romanorum
3229 1245 3637 1341 imperatore
3670 1268 3942 1342 semper

1120 1376 1444 1462 augusto,
1476 1368 1848 1441 Jerusalem
1880 1377 1952 1441 et
1984 1369 2217 1442 Sicilie
2252 1389 2442 1463 rege,
2479 1389 2662 1441 anno
2697 1366 2966 1462 imperii
3001 1366 3153 1459 ejus
3186 1377 3386 1441 sexto
3417 1367 3715 1455 decimo,
3740 1369 3937 1464 regni

1122 1492 1496 1565 Jerusalem
1535 1490 1837 1586 decimo,
1878 1493 2075 1586 regni
2119 1513 2287 1565 vero
2328 1491 2560 1566 Sicilie
2593 1490 2934 1564 tricesimo
2968 1490 3292 1585 septimo,
3334 1491 3647 1565 feliciter.
3681 1492 3931 1565 Amen.

1544 1790 2970 1803 ——u-——n—m——o—-n

1219 2052 1632 2137 Renovatio
1706 2053 2081 2137 societatis
2141 2054 2643 2138 Lombardiae
2667 2117 2690 2163 ,
2749 2052 3028 2136 scilicet
3098 2053 3297 2137 inter
3372 2054 3883 2141 Mediolanum
3904 2120 3930 2166 ,

1111 2185 1453 2269 Laudem
1479 2246 1503 2293 ,
1573 2184 2021 2293 Novariam,
2090 2184 2669 2292 Alexandriam,
2713 2184 3035 2293 CumaS,
3074 2184 3517 2289 Trivisium‚
3555 2186 3929 2296 Paduam,

1110 2316 1569 2425 Bononiam,
1610 2316 1980 2425 Brixiam,
2020 2317 2490 2428 Faventiam,
2521 2318 2645 2401 cui
2682 2318 3049 2401 accedunt
3082 2327 3415 2427 potestas
3450 2326 3525 2401 et
3560 2318 3938 2403 ambaxa-

1111 2458 1313 2533 tores
1349 2449 1761 2533 Ferrariae.

1268 2664 1458 2738 (Edit.
1491 2680 1591 2741 ap.
1631 2662 2003 2738 Menum,
2035 2660 2325 2745 Antiqua.
2363 2660 2506 2724 Ital.
2544 2660 2693 2723 med.
2724 2664 2877 2738 aevi,
2921 2669 2969 2725 t.
2999 2662 3106 2738 IV,
3135 2680 3198 2740 p.
3231 2670 3540 2736 331-334,
3576 2679 3653 2724 ex
3691 2662 3934 2724 archivo

1344 2770 1628 2841 Estensl.)

2487 2928 2542 2998 1.

1206 3104 1285 3174 In
1339 3100 1584 3173 Christi
1632 3101 1936 3173 nomine.
1996 3099 2201 3173 Anno
2250 3101 2562 3193 ejusdem
2609 3099 2995 3174 Nativitatis
3040 3098 3403 3175 millesimo
3458 3098 3933 3172 ducentesimo

1112 3225 1464 3320 trigesimo
1500 3224 1768 3320 quinto,
1806 3223 2181 3297 indictione
2215 3225 2393 3315 Vlll,
2433 3223 2695 3314 Brixie,
2725 3234 3028 3318 tempore
3062 3222 3373 3317 Gregorii
3409 3242 3590 3319 pape
3616 3231 3686 3294 et
3708 3221 3929 3295 Pede-

1111 3351 1240 3422 rici
1277 3349 1730 3444 imperatoris,
1766 3347 1882 3421 die
1924 3348 2087 3419 lune
2118 3349 2178 3421 V
2215 3349 2513 3420 intrante
2553 3345 2948 3435 novembri,
2990 3345 3428 3443 presentibus
3461 3345 3741 3420 domino
3784 3346 3928 3417 Bo-

1110 3495 1389 3569 napaxe
1427 3473 1642 3545 milite
1680 3470 1944 3544 domini
1993 3472 2323 3545 Iohannis
2376 3470 2468 3544 de
2519 3472 2719 3544 Porta
2757 3471 3109 3565 potestatis
3143 3471 3469 3561 Ferraria,
3518 3470 3931 3543 Christofaro

1111 3597 1376 3671 notario
1407 3596 1901 3670 Mediolanensi
1934 3604 2003 3669 et
2036 3596 2350 3669 Iohanne
2384 3594 2477 3668 de
2509 3595 2669 3668 Sala
2701 3595 2966 3667 notario
2999 3593 3090 3667 de
3118 3595 3458 3682 Bononia,
3499 3594 3788 3666 testibus
3818 3614 3931 3665 ro-

1111 3720 1290 3812 gatis
1325 3727 1395 3792 et
1419 3719 1717 3810 vocatis,
1754 3719 1828 3790 in
1864 3741 2135 3792 camera
2162 3719 2306 3792 sale
2340 3717 2602 3792 domini
2635 3718 2851 3792 Guale
2884 3718 3185 3813 episcopi
3222 3719 3482 3810 Brixie,
3525 3718 3764 3812 ibique
3802 3715 3925 3789 do-

1112 3844 1346 3915 minus
1393 3842 1736 3915 Iohannes
1778 3842 1870 3916 de
1914 3842 2113 3915 Porta
2149 3842 2326 3914 civis
2379 3842 2613 3914 Brixie
2666 3850 2736 3913 et
2789 3841 3095 3914 Ferrarie
3141 3849 3440 3937 potestas
3481 3850 3549 3913 et
3603 3838 3931 3912 dominus

1113 3964 1571 4038 Guizardinus
1615 3965 2009 4038 Contrarias
2045 3974 2114 4037 et
2159 3965 2484 4038 dominus
2531 3964 2986 4038 Nascimbene
3035 3962 3289 4056 judex,
3326 3963 3813 4035 ambaxatores
3858 3972 3930 4034 et

1112 4101 1408 4163 rectores
1444 4089 1829 4161 communis
1872 4088 2217 4179 Ferrarie,
2263 4088 2541 4162 nomine
2589 4099 2658 4161 et
2710 4088 2866 4162 vice
2916 4086 3084 4159 dicti
3121 4084 3536 4172 communis,
3576 4081 3927 4176 protestati

1113 4216 1394 4286 fuerunt
1434 4223 1503 4286 et
1540 4233 1867 4306 expresse
1917 4210 2244 4283 dixerunt
2295 4209 2596 4283 dominis
2642 4210 3119 4284 Bartholomeo
3153 4206 3243 4280 de
3274 4207 3712 4278 Nascinturre
3762 4214 3928 4276 tunc

1114 4338 1395 4408 antiano
1430 4334 1775 4408 societatis
1811 4333 2253 4426 Lombardie,
2287 4335 2610 4408 Ursulino
2643 4334 2732 4408 de
2756 4334 2937 4426 Bari,
2977 4331 3191 4404 Guala
3222 4329 3314 4402 de
3346 4328 3617 4416 Libida,
3647 4326 3927 4400 Alberto

1113 4459 1468 4554 Boniperti
1524 4459 1613 4531 de
1652 4459 1958 4550 Novara,
2013 4458 2231 4554 Spitio
2269 4457 2637 4549 Incoardo,
2682 4457 2958 4529 Ruffino
3001 4453 3092 4527 de
3135 4450 3479 4527 Mandello
3520 4451 3612 4525 de
3659 4448 3924 4524 Medio·

1113 4584 1312 4671 lano,
1358 4582 1656 4655 Gerardo
1698 4582 2068 4675 Ercolano,
2118 4583 2504 4679 Napuliono
2537 4582 2624 4654 de
2661 4580 2923 4654 Laerdo
2955 4578 3046 4652 de
3089 4575 3418 4650 Faventia
3461 4583 3532 4647 et
3571 4573 3927 4646 Griffolino

1113 4705 1207 4781 de
1236 4705 1459 4778 Griffis
1493 4704 1582 4780 de
1615 4707 1874 4799 Brixia,
1921 4716 2085 4779 tunc
2118 4707 2496 4778 rectoribus
2527 4704 2868 4779 societatis
2893 4703 3227 4800 predicte,
3267 4699 3458 4796 quod
3485 4697 3702 4795 parati
3732 4706 3927 4771 erant
