4842 5802
1119 683 1244 747 684
2159 684 2501 746 numme!
2550 682 2884 744 summ!
3557 687 3718 767 [An.
3754 689 3930 752 1234.

1125 815 1397 895 fidelem
1422 824 1728 888 nostrum
1768 817 2163 890 Heinricum
2192 818 2283 892 de
2304 819 2506 890 Nifen
2531 818 2624 890 ad
2655 817 3131 890 executionem
3161 817 3622 911 predictorum
3656 846 3700 897 a
3726 825 3937 899 latere

1127 948 1360 1012 nostro
1394 937 1729 1011 duximus
1766 940 2276 1016 destinandum.
2311 940 2515 1026 Quod
2541 942 2844 1014 officium
2879 941 3012 1014 sibi
3046 942 3483 1016 commissum
3517 968 3561 1019 a
3588 949 3787 1021 nobis
3810 972 3934 1044 pro

1125 1084 1329 1158 posse
1365 1072 1435 1136 et
1478 1084 1682 1135 nosse
1726 1062 2022 1137 fideliter
2064 1075 2434 1156 executus,
2499 1065 2674 1137 inter
2717 1075 2943 1137 cetera
2987 1064 3287 1162 quedam
3333 1079 3554 1143 castra
3596 1073 3930 1145 nobilium

1121 1186 1433 1261 virorum
1470 1188 1753 1259 fratrum
1797 1187 1888 1260 de
1920 1187 2315 1262 Hohenlocb
2367 1189 2669 1261 dictante
2702 1189 3038 1261 sententia
3088 1200 3156 1261 et
3191 1191 3458 1282 justitia
3506 1194 3923 1269 destruebat.

1121 1310 1344 1404 Super
1377 1309 1488 1382 his
1517 1310 1838 1382 omnibus
1871 1312 2091 1405 primo
2118 1313 2239 1385 Dei
2273 1312 2581 1386 altissimi
2617 1323 2688 1383 et
2718 1321 2910 1384 tuum
2939 1333 3023 1383 ac
3052 1313 3342 1387 aliorum
3372 1317 3756 1412 principum
3793 1331 3930 1394 tes-

1122 1433 1483 1505 timouium
1536 1434 1967 1507 invocamus.
2015 1435 2272 1507 Verum
2319 1457 2477 1506 cum
2516 1456 2727 1529 super
2775 1435 2885 1506 his
2927 1437 3277 1530 premissis
3313 1452 3507 1533 grata
3562 1461 3646 1512 ac
3696 1442 3929 1515 debita

1118 1556 1492 1630 debuimus
1526 1558 1784 1650 premia
1821 1569 2205 1653 reportare,
2244 1559 2532 1652 quidam
2569 1560 2775 1631 emuli
2809 1559 3022 1630 nostri
3049 1560 3173 1653 qui
3217 1564 3445 1634 forsan
3479 1584 3602 1658 per
3626 1566 3762 1638 alia
3786 1588 3925 1640 non

1115 1690 1396 1776 possent
1424 1681 1704 1752 servitia
1736 1682 2101 1755 familiares
2138 1692 2208 1754 et
2235 1691 2467 1775 gratos
2497 1703 2574 1755 se
2614 1681 2907 1755 reddere
2955 1682 3382 1777 imperatorie
3409 1686 3761 1780 dignitati,
3806 1699 3929 1762 aut

1113 1806 1283 1899 quia
1334 1805 1689 1899 utriusque
1727 1804 2025 1899 diligunt
2072 1804 2590 1878 incommodum
2639 1816 2710 1877 et
2739 1805 2980 1877 sitiunt
3028 1807 3354 1900 lesiones,
3407 1817 3812 1905 attemptarit
3859 1821 3928 1883 et

1114 1938 1607 2022 attemptarunt
1639 1929 1816 2001 iuter
1844 1928 2199 2002 dominum
2226 1929 2705 2024 imperatorem
2729 1938 2797 2002 et
2824 1950 2949 2002 nos
2979 1929 3321 2003 discordie
3350 1933 3752 2005 scandalum
3778 1956 3926 2006 sus-

1117 2053 1328 2125 citare
1361 2053 1417 2147 (l
1436 2052 1488 2147 ).
1530 2055 1835 2138 Quorum
1866 2052 2187 2146 malignis
2212 2053 2771 2147 suggestionibus
2793 2065 2864 2125 et
2886 2054 3241 2127 malitiosis
3271 2055 3594 2128 dominus
3622 2067 3692 2129 et
3730 2068 3924 2153 pater

1114 2185 1381 2258 noster,
1430 2171 1649 2247 eheu!
1700 2174 1985 2247 faciliter
2014 2176 2414 2267 inclinatus,
2463 2176 2872 2248 immeritam
2913 2198 3074 2270 erga
3132 2199 3261 2250 nos
3311 2178 3587 2251 videtur
3631 2180 3922 2274 iugrati-

1112 2301 1424 2375 tudinem
1452 2320 1811 2392 exercere,
1860 2321 2087 2393 usque
2115 2300 2291 2373 adeo
2312 2301 2507 2394 quod
2542 2301 2800 2372 litteras
2829 2299 3230 2373 durissimas
3262 2312 3331 2374 et
3369 2303 3693 2376 mandata
3722 2305 3921 2377 nobis

1107 2425 1346 2517 dirigit
1380 2426 1776 2496 inconsueta
1798 2474 1818 2505 ‚
1856 2423 2072 2495 multa
2103 2424 2240 2496 alia
2266 2423 2582 2496 faciendo
2609 2446 2746 2518 que
2774 2446 2903 2496 nec
2922 2424 2987 2496 ei
3012 2426 3398 2520 expediunt
3426 2448 3652 2521 neque
3687 2429 3912 2501 nobis,

1099 2549 1270 2621 Nam
1310 2570 1467 2620 cum
1507 2547 1597 2620 de
1643 2548 1894 2642 pietate
1941 2555 2011 2618 et
2053 2548 2274 2641 gratia
2319 2557 2606 2642 paterna
2649 2557 2718 2619 et
2755 2547 2849 2620 ad
2889 2551 3250 2622 consilium
3296 2552 3682 2646 principum
3726 2574 3919 2648 sepe-

1099 2672 1326 2745 dictus
1366 2672 1690 2745 dominus
1726 2671 2095 2765 imperator
2147 2680 2551 2765 potestatem
2594 2670 2796 2742 nobis
2829 2672 3202 2766 plenariam
3242 2675 3638 2747 contulisset
3675 2678 3919 2749 conse-

1098 2796 1298 2869 rendi
1344 2805 1411 2867 et
1455 2792 1879 2869 concedendi
1927 2793 2260 2867 beneficia
2290 2803 2359 2866 et
2404 2793 2606 2867 feoda
2636 2795 2991 2886 vacantia,
3052 2805 3132 2866 ut
3161 2815 3254 2866 ex
3284 2794 3418 2867 hoc
3455 2809 3811 2889 magnates
3849 2810 3918 2874 et

1096 2923 1365 3004 nobiles
1390 2921 1484 2993 ad
1516 2921 1877 3014 utriusque
1901 2920 2256 2992 servitium
2293 2920 2744 3015 promptiores
2781 2928 2849 2991 et
2876 2919 3034 3013 plus
3057 2921 3435 2992 benevolos
3466 2921 3908 3014 haberemus,

1094 3047 1280 3120 idem
1311 3044 1540 3117 hocin
1576 3043 1994 3137 quibusdam
2022 3043 2458 3139 postmodum
2498 3064 2636 3115 non
2671 3044 2979 3115 servavit
3007 3043 3079 3113 in
3111 3052 3419 3114 nostrum
3457 3044 3912 3138 prejudicium

1098 3181 1169 3244 et
1203 3190 1605 3261 gravamen.
1646 3168 1935 3262 Insuper
1976 3177 2191 3240 castra
2242 3167 2577 3239 nobilium
2619 3167 2709 3239 de
2744 3165 3142 3240 Hohenlocb
3179 3167 3499 3261 superius
3540 3178 3914 3241 memorata

1102 3314 1242 3389 que
1278 3315 1405 3388 per
1433 3291 1837 3364 sententiam
1880 3290 2107 3363 diruta
2138 3293 2409 3363 fuerant
2439 3300 2509 3363 et
2551 3289 2933 3383 destructa,
2988 3299 3218 3363 nostra
3254 3311 3378 3362 nos
3418 3291 3749 3385 compulit
3781 3313 3914 3388 pe-

1102 3420 1309 3495 cunia
1347 3438 1701 3514 reparare3
1748 3427 1819 3488 et
1856 3416 2256 3489 nominatim
2293 3424 2591 3488 castrum
2635 3415 3078 3508 Langenberc
3107 3413 3296 3507 quod
3339 3414 3616 3486 cuidam
3648 3416 3911 3511 pupillo

1105 3547 1178 3617 in
1218 3543 1552 3638 solempni
1586 3542 1779 3613 curia
1815 3543 1866 3612 F
1868 3540 2262 3613 rankensort
2294 3539 2560 3630 justitia
2599 3559 2726 3610 nos
2762 3547 3046 3631 cogente
3092 3559 3218 3632 per
3245 3541 3648 3611 sententiam
3691 3541 3911 3613 fuerat

1100 3667 1523 3756 restitutum,
1561 3688 1604 3738 a
1641 3673 1834 3759 patre
1880 3675 2109 3737 nostro
2132 3663 2309 3756 jussi
2347 3663 2606 3733 suimus
2639 3682 2960 3733 revocare
2994 3670 3064 3733 et
3106 3661 3476 3734 Godefrido
3517 3661 3607 3735 de
3631 3663 3907 3736 Hohen-

1093 3790 1252 3864 loch
1275 3789 1647 3882 assignare.
1692 3788 1893 3873 Quod
1933 3810 2090 3860 cum
2124 3788 2212 3860 de
2234 3787 2391 3877 jure
2440 3796 2510 3858 et
2548 3787 2741 3858 salvo
2775 3785 3032 3859 bonore
3064 3786 3288 3857 facere
3329 3806 3466 3857 non
3499 3808 3900 3881 possemus,

1102 3915 1412 3987 nolentes
1464 3913 1537 3983 in
1572 3913 1805 4006 aliquo
1853 3911 2155 4006 paternis
2203 3910 2651 4004 beneplacitis
2684 3909 3001 4000 obviare,
3063 3908 3288 3982 eidem
3341 3908 3714 3981 Godefrido
3760 3908 3903 3981 duo

1105 4039 1320 4110 millia
1366 4058 1751 4108 marcarum
1796 4036 1886 4109 de
1917 4056 2188 4108 camera
2226 4045 2461 4106 nostra
2506 4034 2575 4104 in
2616 4044 3001 4106 restaurum
3038 4033 3240 4105 castri
3289 4032 3608 4105 dedimus
3642 4053 3903 4103 memo-

1096 4165 1251 4236 rati.
1284 4162 1597 4235 Preterea
1618 4160 1769 4232 sine
1794 4180 2003 4231 causa
2031 4158 2420 4230 necessaria
2444 4159 2790 4229 civitatem
2817 4155 3203 4229 Northusen
3237 4177 3378 4249 que
3413 4154 3613 4226 nobis
3660 4164 3730 4225 et
3770 4154 3905 4224 im-

1098 4288 1291 4383 perio
1327 4289 1485 4383 plus
1506 4291 1685 4358 esset
1723 4283 1941 4374 utilis,
1980 4282 2313 4376 obligavit
2342 4290 2412 4355 et
2446 4282 2762 4355 eamdem
2796 4280 3279 4375 obligationem
3321 4288 3537 4351 ratam
3574 4277 3903 4371 compulit

1174 4618 1245 4692 (l)
1282 4618 1512 4675 Primam
1539 4618 1678 4674 inter
1712 4632 1773 4674 se
1806 4620 1863 4672 et
1887 4620 2096 4688 patrem
2125 4628 2284 4670 suum
2309 4619 2631 4670 summotam
2670 4612 3017 4680 discordiam,
3054 4625 3260 4668 necnon
3295 4615 3351 4666 et
3370 4610 3673 4682 juramenta
3705 4606 3902 4679 quibus

1096 4716 1332 4789 seipsum
1365 4730 1548 4772 mense
1591 4714 1746 4788 aprili
1770 4715 1911 4772 ⁴232
1940 4711 2297 4779 innodaverit,
2324 4711 2538 4768 omnino
2577 4726 2672 4768 rex
2702 4709 2807 4767 sub
2832 4709 3039 4767 silentio
3067 4707 3464 4783 praetermittit,
3494 4706 3618 4764 licet
3641 4721 3729 4763 res
3752 4706 3901 4780 prius

1089 4819 1239 4872 actas
1257 4819 1654 4870 commemoret.
