4842 5802
1233 637 1353 699 566
2272 639 2615 700 HENRICI
2664 638 2997 700 sssp'rml
3675 645 3833 723 [Arm.
3873 647 4047 710 1232.

1229 777 1615 851 monetam
1655 768 1859 877 apud
1897 769 2104 851 Stein
2143 769 2242 853 ab
2277 770 2598 879 imperio
2633 770 3042 853 tenendam
3077 779 3153 853 et
3178 768 3396 878 juxta
3426 777 4051 860 consuetudinem

1229 900 1747 983 renovandam
1782 902 2149 985 concedit.

1386 1112 1675 1192 (Extract.
1715 1116 1913 1191 potius
1932 1131 2116 1192 quam
2156 1115 2385 1177 editum
2419 1131 2518 1194 ap.
2551 1114 2796 1193 Mam,
2823 1115 2933 1175 Die
2959 1116 3302 1176 Bructeaten
3325 1112 3431 1175 der
3455 1114 3732 1191 Schweiz,
3758 1135 3820 1196 p.
3852 1128 3953 1195 60,
3981 1125 4046 1184 ln

1461 1216 1858 1301 Mittlm'lunq.
1891 1216 2304 1302 derantn’quar.
2338 1217 2628 1303 ymlhclt.
2659 1220 2726 1279 in
2750 1219 2990 1299 Zia-ich,
3011 1228 3154 1282 tom.
3185 1222 3296 1283 111.
3315 1221 3520 1300 Usque
3535 1222 3754 1299 adhuc,
3777 1224 3885 1285 sed
3909 1241 4044 1302 per-

1457 1338 1663 1400 peram
1698 1325 1951 1386 Henrleo
1976 1327 2149 1386 tertio
2177 1326 2552 1406 privilegium
2580 1324 3002 1404 tribuebatur.)

1316 1508 1717 1596 Hainricus,
1769 1510 1891 1583 Dei
1929 1511 2150 1604 gratia
2190 1512 2653 1585 Romanorum
2694 1532 2822 1583 rex
2865 1519 2934 1583 et
2975 1532 3246 1606 semper
3283 1523 3656 1606 augustus,
3701 1513 4045 1586 universis

1218 1632 1488 1727 imperii
1522 1630 1876 1724 fidelibuS‚
1916 1642 2084 1725 etc„
2126 1635 2418 1728 gratiam
2456 1655 2653 1707 suam
2701 1642 2771 1706 et
2813 1654 3020 1707 omne
3048 1634 3337 1706 bonum.
3378 1634 3489 1709 Ad
3523 1636 3832 1709 notitiam
3880 1637 4040 1709 uni·

1219 1775 1602 1846 versorum,
1640 1763 1808 1846 etc.,
1844 1756 2166 1852 cupimus
2188 1757 2548 1851 pervenire
2572 1755 2763 1851 quod
2799 1776 2950 1847 nos,
2988 1756 3083 1831 ad
3110 1756 3560 1831 imitationem
3591 1758 3824 1833 dilecti
3846 1760 4040 1853 geni-

1215 1878 1379 1950 toris
1413 1879 1625 1950 nostri
1665 1878 1928 1952 domini
1969 1880 2431 1952 Romanorum
2478 1878 2909 1975 imperatoris
2947 1877 3087 1974 (⁴),
3143 1878 3392 1952 dilecto
3442 1878 3628 1953 fideli
3674 1890 3907 1954 nostro

1214 2000 1445 2073 abbati
1474 2000 1565 2073 de
1591 2001 1820 2074 Steine
1854 2001 2271 2075 indulsimus
2307 2010 2652 2076 monetam
2687 2001 2878 2097 apud
2915 2001 3147 2073 Steine
3177 2022 3219 2073 a
3253 2002 3453 2074 nobis
3494 2012 3565 2075 et
3608 2003 3900 2098 imperio
3935 2013 4037 2078 te-

1212 2124 1511 2197 nendam
1564 2132 1632 2196 et
1668 2125 1872 2216 juxta
1926 2146 2182 2198 morem
2231 2125 2542 2198 debitum
2597 2133 2667 2198 et
2708 2123 3271 2198 consuetudinem
3327 2125 3769 2221 approbatam
3820 2147 4037 2198 reno—

1208 2246 1514 2320 vandam
1540 2300 1560 2339 ,
1618 2247 2213 2341 quemadmodum
2271 2249 2617 2344 principes
2669 2249 2881 2321 nostri
2932 2257 3002 2322 et
3059 2248 3330 2344 imperii
3379 2269 3541 2321 suas
3582 2258 3892 2321 monetas
3947 2249 4038 2321 de

1207 2381 1433 2444 nostra
1475 2372 1694 2464 gratia
1726 2381 1794 2445 et
1829 2373 2279 2469 permissione
2308 2374 2487 2447 soliti
2521 2381 2683 2445 sunt
2715 2373 3106 2468 permittere
3142 2370 3289 2468 (sic)
3326 2381 3395 2444 et
3422 2393 3794 2462 renovare;
3838 2393 4034 2444 man-

1205 2495 1474 2584 danteS,
1518 2506 1685 2584 etc.‚
1728 2505 1799 2568 et
1829 2497 2281 2593 precipientes
2309 2506 2387 2569 ut
2425 2497 2657 2568 nullus
2701 2497 2791 2567 sit
2827 2493 3004 2593 [qui]
3037 2497 3263 2590 ipsum
3297 2496 3618 2569 abbatem
3652 2497 3726 2568 in
3762 2505 4035 2569 moneta

1204 2620 1335 2715 ipsi
1381 2640 1424 2691 a
1465 2618 1665 2691 nobis
1707 2627 1776 2691 et
1825 2618 2107 2692 domino
2146 2620 2558 2714 imperatore
2607 2618 2956 2691 licentiata
2989 2626 3059 2691 et
3094 2618 3363 2690 indulta
3398 2617 3652 2691 audeat
3698 2617 4034 2713 impedire

1202 2763 1326 2814 seu
1361 2741 1811 2813 molestare...

1300 2867 1550 2936 Datum
1596 2861 1790 2959 apud
1835 2863 2256 2958 Sibidatum,
2317 2885 2501 2939 anno
2548 2863 2820 2939 Domini
2871 2864 2967 2938 M.
2994 2859 3180 2962 [CC.]
3200 2862 3493 2955 XXXII,
3541 2863 3667 2936 XV
3704 2862 4032 2938 kalendas

1204 2988 1402 3079 maii,
1444 2986 1821 3061 indictione
1854 2989 1939 3060 V.

832 3513 1108 3621 ssbffissm,
1312 3522 1719 3626 Henricus‚
1761 3522 2284 3606 Romanorum
2326 3547 2500 3629 rex,
2539 3520 2819 3606 Sifrido
2864 3520 3423 3631 archiepiscopo
3466 3519 3910 3631 Maguntino
3953 3529 4030 3603 et

846 3624 902 3665 ²⁷
928 3624 1095 3676 Ῥω
1206 3658 1564 3743 ecclesiae
1618 3655 1784 3766 ejus
1838 3654 2236 3765 confirmat
2271 3655 2761 3739 donationem
2805 3654 3272 3763 principatus
3309 3654 3662 3737 ecclesiae
3696 3653 4019 3738 Lauris—

1206 3791 1445 3877 sensis
1509 3817 1555 3873 a
1610 3799 1822 3898 patre
1874 3814 2014 3872 suo
2068 3788 2145 3869 in
2196 3814 2337 3872 sua
2371 3789 2794 3897 praesentia
2829 3789 3077 3871 eidem
3114 3786 3673 3896 archiepiscopo
3707 3787 4013 3869 factam.

1364 4002 1391 4082 (
1405 4002 1645 4063 Edider.
1687 4001 1976 4081 lemme,
2007 4004 2139 4061 λεν.
2169 4002 2437 4081 Mequnt.
2466 4000 2694 4079 script„
2740 4004 2790 4061 t.
2819 3998 2946 4073 111,
2991 4014 3054 4075 p.
3094 4005 3195 4058 99.
3236 4029 3316 4044 -
3341 3996 3572 4070 Lume,
3600 3993 4011 4065 Reiclzsarcleiv,

1438 4113 1488 4168 t.
1518 4105 1683 4177 XVI.
1711 4121 1775 4182 p.
1804 4114 1903 4184 84,
1933 4106 2111 4166 ambo
2135 4112 2337 4166 tamen
2361 4107 2563 4166 minus
2582 4107 2811 4182 integre
2826 4146 2846 4178 ‚
2884 4105 3225 4182 praesertim
3247 4103 3449 4181 quoad
3475 4102 3716 4163 matium
3740 4104 4015 4177 nomina5

1436 4230 1592 4293 quae
1628 4219 1830 4275 tamen
1872 4215 2238 4275 restituimus
2274 4228 2350 4274 ex
2392 4212 2522 4273 cod.
2553 4211 2831 4274 Elblioth.
2871 4211 3186 4292 stuttgart.
3213 4211 3458 4283 Hister„
3498 4219 3568 4270 η’
3593 4218 3735 4284 247,
3781 4208 3886 4271 fol.
3941 4218 4014 4270 1⁵

1440 4317 1649 4397 recto.)

1271 4558 1346 4632 (4)
1383 4558 1630 4616 Fueritne
1662 4557 1716 4614 id
1760 4556 2093 4631 privilegium
2127 4555 2452 4613 monasterio
2500 4553 2765 4613 Steinensi
2811 4566 3128 4612 concessum
3164 4552 3307 4626 quod
3349 4569 3513 4628 supra
3558 4552 3976 4611 memoravimus
3995 4591 4010 4622 ‚

1199 4674 1257 4731 p.
1283 4658 1423 4725 329,
1454 4672 1523 4712 an
1552 4654 1726 4725 aliud,
1756 4654 2014 4728 temporis
2041 4660 2218 4711 tamen
2248 4653 2517 4728 ejusdem,
2548 4668 2654 4710 non
2689 4650 2849 4726 plane
2873 4649 3090 4709 scimus.
3120 4650 3202 4708 ef.
3234 4651 3291 4707 in
3317 4649 3717 4708 Additamentis
3742 4650 3812 4708 ad
3854 4648 4015 4721 hujus

1200 4750 1484 4810 voluminis
1507 4750 1728 4809 calcem.
