4842 5802
1170 687 1291 748 854
2164 689 2590 749 metmct
2633 688 2977 749 SECUNDI
3616 690 3775 770 [Anu.
3813 692 3987 755 1236.

1180 822 1364 893 niam
1407 821 1797 911 venientes,
1851 821 2017 916 quia
2066 821 2157 895 de
2202 823 2352 919 ipso
2404 821 2736 896 fiduciam
2787 822 3245 915 habebamus,
3320 846 3459 897 non
3494 826 3993 915 ,dubitavimus

1179 966 1541 1041 personam
1573 956 1869 1017 nostram
1898 946 1970 1016 in
2004 953 2251 1018 terram
2283 968 2481 1019 suam
2517 946 2717 1019 Stirie
2750 945 3205 1039 committere,
3260 956 3341 1019 ut
3367 948 3432 1020 ei
3471 948 3749 1023 daretur
3777 951 3997 1042 major

1182 1068 1272 1141 de
1301 1076 1532 1140 nostra
1562 1069 1781 1161 gratia
1809 1070 2268 1164 presumptio,
2303 1091 2387 1143 ac
2418 1071 2571 1165 ipse
2594 1068 2688 1143 ad
2726 1079 2957 1142 nostra
2979 1069 3405 1167 beneplacita
3442 1092 3518 1145 se
3545 1074 3766 1167 magis
3792 1074 3992 1147 obse-

1181 1193 1503 1286 quiosum
1528 1202 1599 1264 et
1620 1194 2037 1265 benevolum
2066 1193 2446 1268 exhiberet.
2480 1194 2671 1267 Idem
2705 1215 2865 1266 vero
2895 1215 3054 1266 cum
3093 1213 3402 1267 essemus
3425 1195 3497 1269 in
3531 1196 3776 1269 eadem
3811 1207 3991 1271 terra

1180 1340 1342 1408 sua,
1381 1338 1518 1389 non
1548 1315 1826 1390 erubuit
1854 1315 1997 1388 dno
2024 1317 2214 1391 milia
2248 1316 2680 1390 marcharum
2706 1338 2748 1389 a
2779 1316 2981 1389 nobis
3011 1315 3294 1411 exigere
3327 1340 3453 1413 pro
3492 1340 3741 1413 guerra
3772 1320 3895 1391 tibi
3925 1327 3995 1392 et

1183 1442 1426 1513 illustri
1458 1441 1607 1533 regi
1639 1439 1935 1534 Ungarie
1966 1441 2317 1532 facienda,
2354 1463 2531 1537 quas
2562 1442 2730 1536 quia
2757 1439 2888 1513 sibi
2921 1461 3061 1513 non
3093 1440 3444 1531 dedimus,
3478 1442 3658 1516 dixit
3680 1464 3758 1516 se
3792 1443 3993 1515 nobis

1180 1587 1539 1658 nunquam
1574 1564 1642 1634 in
1679 1573 1883 1637 antea
1911 1565 2360 1656 serviturum,
2399 1576 2479 1638 ut
2527 1563 2828 1658 quadam
2878 1563 3204 1636 violentia
3244 1585 3380 1636 non
3429 1573 3830 1659 agnosceret
3864 1566 3994 1639 do-

1181 1691 1446 1760 minum
1481 1709 1707 1760 coram
1744 1708 1886 1781 quo
1924 1698 2058 1762 tam
2094 1689 2404 1784 improbe
2430 1689 2844 1783 loqueretur.
2877 1688 3027 1759 Non
3073 1697 3299 1760 tamen
3335 1698 3608 1785 propter
3647 1690 3783 1761 hoc
3825 1689 3991 1762 moti

1190 1835 1315 1885 nos
1341 1813 1629 1900 fuimus,
1669 1813 1795 1885 sed
1818 1813 2153 1907 patienter
2172 1812 2555 1905 juvenilem
2600 1812 2752 1904 ejus
2791 1811 3386 1884 dissimulavimus
3432 1812 3817 1900 levitatem,
3864 1811 3991 1886 ha-

1184 1937 1422 2008 bentes
1461 1936 1908 2008 nihilominus
1956 1936 2026 2006 in
2071 1936 2418 2031 proposito
2449 1955 2580 2006 sua
2607 1934 2967 2008 commoda
3010 1957 3434 2030 promovere.
3480 1935 3743 2008 Indicia
3783 1936 3992 2007 etiam

1185 2059 1585 2154 Mogontina
1637 2059 1828 2131 curia
1864 2058 2205 2151 generali,
2256 2058 2793 2131 convocavimus
2835 2079 2994 2130 eum
3037 2058 3130 2131 ad
3180 2057 3473 2131 eandem
3527 2059 3788 2131 curiam
3843 2067 3993 2129 ter-

1185 2187 1374 2257 mino
1406 2182 1805 2273 constituto,
1848 2191 2051 2278 prout
2094 2183 2503 2277 generaliter
2547 2192 2617 2255 et
2661 2182 3044 2278 specialiter
3097 2182 3352 2277 singuli
3387 2182 3778 2278 principum
3830 2184 3995 2255 fue-

1185 2319 1342 2380 rant
1394 2308 1689 2382 evocati.
1732 2307 1862 2392 Qui
1901 2329 2063 2378 cum
2099 2306 2365 2402 prefixo
2408 2315 2717 2401 tempore
2744 2306 3258 2398 convenissent,
3307 2303 3498 2379 idem
3550 2306 3700 2379 dux
3736 2304 3994 2377 nedum

1184 2432 1424 2505 venire
1447 2433 1935 2503 contumaciter
1956 2430 2299 2503 recusavit
2328 2431 2534 2524 :quin
2550 2429 2780 2524 potius
2806 2451 2965 2500 cum
2983 2429 3346 2523 campestri
3373 2428 3705 2519 exercitu,
3730 2429 3996 2523 absque

1188 2565 1415 2629 nostra
1475 2555 1749 2626 licentia
1801 2557 1911 2626 vel
1962 2575 2284 2644 assensu,
2344 2562 2587 2625 terram
2633 2552 2815 2645 regis
2858 2552 3155 2645 Ungurie
3184 2552 3516 2625 hostiliter
3562 2563 3632 2625 et
3666 2552 3999 2625 violenter

1189 2681 1574 2772 ingressuS,
1631 2678 1809 2750 adeo
1849 2688 2112 2750 tantum
2151 2678 2530 2774 principem
2581 2677 2984 2771 provocavit
3038 2676 3228 2769 quod
3282 2677 3727 2771 expeditione
3777 2677 3989 2765 facta,

1185 2802 1453 2897 imperii
1480 2802 1651 2873 fines
1689 2801 2003 2891 intravit,
2043 2822 2184 2872 non
2213 2803 2360 2872 sine
2380 2799 2627 2891 injuria
2656 2809 2885 2871 nostra
2913 2808 2982 2871 et
3003 2799 3268 2893 imperii
3291 2800 3586 2889 lesione,
3623 2799 3999 2871 humilians

1188 2949 1344 3000 eum
1380 2926 1472 2998 ad
1504 2948 1629 2997 sua
1667 2926 2092 3018 beneplacita
2147 2937 2217 2996 et
2268 2924 2619 2995 mandata.
2658 2924 2935 2995 lnterim
2966 2924 3170 2994 etiam
3215 2944 3351 2994 non
3400 2931 3762 2995 contentus
3807 2922 3999 3016 quod

1187 3050 1685 3123 conterminum
1722 3047 1850 3118 sibi
1878 3068 2108 3140 regem
2136 3047 2555 3136 turbaverat,
2594 3046 2940 3140 principes
2972 3045 3278 3138 imperii,
3311 3043 3635 3117 videlicet
3668 3054 3734 3116 te
3764 3066 3998 3138 regem

1187 3172 1550 3261 Bohemie,
1594 3170 2057 3243 venerabilem
2088 3169 2697 3262 Salzeburgensem
2740 3168 2836 3262 (a)
2887 3168 3511 3260 archiepiscopum,
3560 3166 4001 3239 Brandebur-

1192 3317 1473 3391 gensem
1504 3294 1636 3389 (b),
1676 3293 2179 3376 pataviensem,
2232 3292 2826 3384 Ratisponensem,
2877 3289 3378 3384 Frisingensem
3419 3290 3815 3384 episcopos,
3860 3289 4000 3360 Ba-

1195 3420 1383 3493 varie
1418 3418 1667 3491 ducem
1692 3470 1712 3505 ,
1755 3427 1821 3488 et
1858 3417 2163 3489 Moravie
2199 3415 2660 3487 marchionem
2693 3435 2829 3486 non
2874 3412 3222 3485 dubitavit
3251 3411 3599 3485 offendere
3634 3411 3760 3507 (c),
3814 3413 4003 3485 aufe-

1194 3567 1351 3617 rens
1382 3544 1484 3616 eis
1509 3545 1668 3635 jura
1694 3552 1759 3614 et
1787 3540 2134 3630 redditus,
2172 3562 2311 3634 que
2361 3541 2434 3611 in
2473 3538 2746 3612 Austrie
2789 3549 2857 3611 et
2898 3539 3100 3611 Stirie
3134 3537 3500 3609 ducatibus
3527 3536 3992 3630 possidebant.

1196 3670 1307 3742 Ad
1341 3671 1542 3761 cujus
1587 3667 1888 3741 debitam
1942 3667 2270 3738 ultionem
2325 3676 2512 3738 tanta
2554 3665 2769 3737 moles
2809 3665 3195 3758 principum
3235 3664 3573 3752 irruisset,
3631 3662 3762 3734 nisi
3808 3660 3999 3757 quod

1198 3815 1435 3890 pacem
1468 3791 1737 3885 imperii
1764 3791 2037 3862 turbare
2068 3789 2396 3879 vitanteS,
2434 3789 2634 3861 nobis
2673 3796 2744 3861 et
2773 3788 3057 3882 imperio
3104 3786 3532 3875 detulerunt,
3577 3807 3741 3880 sepe
3770 3806 4000 3858 coram

1201 3915 1400 3987 nobis
1428 3915 1815 4009 specialiter
1847 3935 1970 4009 per
1997 3914 2223 3984 literas
2255 3921 2324 3983 et
2359 3912 2649 3985 nuncios
2675 3933 2810 3984 non
2848 3912 3039 3984 leves
3065 3911 3530 4004 querimonias
3554 3909 3996 4005 deponentes.

1198 4039 1432 4111 Delate
1458 4048 1620 4109 sunt
1646 4037 1847 4108 etiam
1876 4038 2154 4131 querele
2181 4036 2590 4130 multiplices
2609 4057 2836 4108 coram
2869 4034 3067 4108 nobis
3090 4055 3215 4129 pro
3234 4042 3428 4129 parte
3451 4033 3809 4106 hominum
3827 4041 4004 4104 terre

1280 4261 1365 4343 (a)
1404 4263 1519 4339 Ap.
1551 4263 1704 4322 Petr.
1745 4261 1819 4322 de
1854 4261 2058 4323 Vincis
2081 4258 2644 4342 Madeburqensium,
2677 4263 2852 4323 male.
2882 4260 3121 4323 Caetera
3149 4277 3384 4340 quoque
3417 4261 3662 4321 nomine
3697 4274 3775 4320 ex
3811 4258 3996 4320 codic.

1194 4370 1598 4436 emendamus.

1283 4473 1367 4554 (b)
1409 4475 1506 4536 Sic
1541 4476 1604 4534 in
1649 4474 1946 4536 omnibus.
1992 4474 2231 4536 Rectius
2267 4480 2468 4536 tamen
2513 4475 2825 4554 legendum
2867 4471 3432 4554 Babmberqemem;
3471 4471 3633 4551 quod
3675 4472 4007 4547 suspicatus

1198 4582 1313 4642 fuit
1347 4582 1694 4661 Hanthaler,
1738 4582 1865 4643 loco
1900 4585 2106 4655 citato,
2145 4587 2271 4643 not.
2302 4581 2380 4642 Κ.
2425 4582 2580 4655 Quid
2617 4585 2775 4642 enim
2810 4583 3036 4642 dissidii
3074 4582 3213 4642 duci
3240 4582 3514 4643 Austriae
3555 4595 3692 4641 cum
3737 4580 4006 4655 episcopo

1199 4688 1757 4769 Brandenburgense
1783 4707 1970 4769 usque
1995 4690 2141 4752 adeo
2167 4697 2390 4752 remoto
2418 4707 2544 4751 esse
2567 4692 2841 4768 potuerit,
2871 4705 2991 4750 non
3020 4689 3380 4765 dispicimus.

1286 4793 1360 4871 (c)
1407 4795 1573 4856 Alias
1577 4795 1729 4873 fecit
1762 4794 1986 4878 offendi.
