<?xml version="1.0" encoding="UTF-8"?>
<!DOCTYPE html PUBLIC "-//W3C//DTD XHTML 1.0 Transitional//EN"
    "http://www.w3.org/TR/xhtml1/DTD/xhtml1-transitional.dtd">
<html xmlns="http://www.w3.org/1999/xhtml" xml:lang="en" lang="en">
 <head>
  <title>
</title>
<meta http-equiv="Content-Type" content="text/html;charset=utf-8" />
  <meta name='ocr-system' content='tesseract 3.04.00' />
  <meta name='ocr-capabilities' content='ocr_page ocr_carea ocr_par ocr_line ocrx_word'/>
</head>
<body>
  <div class='ocr_page' id='page_1' title='image "./historiadiploma01degoog_0431.png"; bbox 0 0 4842 5802; ppageno 0'>
   <div class='ocr_carea' id='block_1_1' title="bbox 823 609 3646 693">
    <p class='ocr_par' dir='ltr' id='par_1_1' title="bbox 823 609 3646 693">
     <span class='ocr_line' id='line_1_1' title="bbox 823 609 3646 693; baseline -0.003 -15"><span class='ocrx_word' id='word_1_1' title='bbox 823 620 1019 678; x_wconf 69' lang='lat' dir='ltr'>lumer.</span> <span class='ocrx_word' id='word_1_2' title='bbox 1060 615 1181 693; x_wconf 89' lang='grc'><strong>10.]</strong></span> <span class='ocrx_word' id='word_1_3' title='bbox 1721 609 2114 673; x_wconf 82' lang='lat' dir='ltr'>HISTORIA</span> <span class='ocrx_word' id='word_1_4' title='bbox 2163 609 2752 673; x_wconf 77' lang='lat' dir='ltr'>mPLOMA&#39;rch.</span> <span class='ocrx_word' id='word_1_5' title='bbox 3533 609 3646 671; x_wconf 85' lang='lat'>911</span> 
     </span>
    </p>
   </div>
   <div class='ocr_carea' id='block_1_2' title="bbox 823 744 3670 4561">
    <p class='ocr_par' dir='ltr' id='par_1_2' title="bbox 823 744 3670 4561">
     <span class='ocr_line' id='line_1_2' title="bbox 824 744 3649 848; baseline -0.003 -23"><span class='ocrx_word' id='word_1_6' title='bbox 824 752 1070 848; x_wconf 89' lang='lat' dir='ltr'>probat</span> <span class='ocrx_word' id='word_1_7' title='bbox 1112 769 1264 823; x_wconf 89' lang='lat' dir='ltr'>esse</span> <span class='ocrx_word' id='word_1_8' title='bbox 1313 747 1677 840; x_wconf 85' lang='lat' dir='ltr'>majorem,</span> <span class='ocrx_word' id='word_1_9' title='bbox 1729 768 2084 821; x_wconf 77' lang='lat' dir='ltr'>assensum</span> <span class='ocrx_word' id='word_1_10' title='bbox 2149 754 2460 819; x_wconf 90' lang='lat' dir='ltr'>nostrum</span> <span class='ocrx_word' id='word_1_11' title='bbox 2504 746 2818 840; x_wconf 85' lang='lat' dir='ltr'>ejusdem</span> <span class='ocrx_word' id='word_1_12' title='bbox 2858 744 3201 818; x_wconf 88' lang='lat' dir='ltr'>industria</span> <span class='ocrx_word' id='word_1_13' title='bbox 3248 765 3388 817; x_wconf 92' lang='lat' dir='ltr'>non</span> <span class='ocrx_word' id='word_1_14' title='bbox 3420 745 3649 816; x_wconf 90' lang='lat' dir='ltr'>minus</span> 
     </span>
     <span class='ocr_line' id='line_1_3' title="bbox 823 868 3653 969; baseline -0.001 -23"><span class='ocrx_word' id='word_1_15' title='bbox 823 896 1036 969; x_wconf 90' lang='lat' dir='ltr'>quam</span> <span class='ocrx_word' id='word_1_16' title='bbox 1093 870 1233 945; x_wconf 83' lang='lat' dir='ltr'>fide</span> <span class='ocrx_word' id='word_1_17' title='bbox 1273 870 1612 944; x_wconf 80' lang='lat' dir='ltr'>suadente</span> <span class='ocrx_word' id='word_1_18' title='bbox 1657 870 2110 964; x_wconf 84' lang='lat' dir='ltr'>prestitimus,</span> <span class='ocrx_word' id='word_1_19' title='bbox 2152 870 2225 942; x_wconf 93' lang='lat' dir='ltr'>in</span> <span class='ocrx_word' id='word_1_20' title='bbox 2260 891 2403 964; x_wconf 89' lang='lat' dir='ltr'>quo</span> <span class='ocrx_word' id='word_1_21' title='bbox 2441 870 2500 942; x_wconf 91' lang='lat' dir='ltr'>si</span> <span class='ocrx_word' id='word_1_22' title='bbox 2532 892 2659 965; x_wconf 91' lang='lat' dir='ltr'>per</span> <span class='ocrx_word' id='word_1_23' title='bbox 2700 876 3212 943; x_wconf 87' lang='lat' dir='ltr'>consecrantem</span> <span class='ocrx_word' id='word_1_24' title='bbox 3252 868 3519 962; x_wconf 87' lang='lat' dir='ltr'>aliquid</span> <span class='ocrx_word' id='word_1_25' title='bbox 3563 869 3653 943; x_wconf 92' lang='lat' dir='ltr'>de</span> 
     </span>
     <span class='ocr_line' id='line_1_4' title="bbox 827 992 3653 1089; baseline -0.002 -18"><span class='ocrx_word' id='word_1_26' title='bbox 827 997 1252 1072; x_wconf 87' lang='lat' dir='ltr'>solemnibus</span> <span class='ocrx_word' id='word_1_27' title='bbox 1279 1003 1383 1067; x_wconf 88' lang='lat' dir='ltr'>est</span> <span class='ocrx_word' id='word_1_28' title='bbox 1414 994 1782 1084; x_wconf 89' lang='lat' dir='ltr'>omissum,</span> <span class='ocrx_word' id='word_1_29' title='bbox 1829 994 2035 1067; x_wconf 89' lang='lat' dir='ltr'>officii</span> <span class='ocrx_word' id='word_1_30' title='bbox 2085 994 2298 1066; x_wconf 88' lang='lat' dir='ltr'>vestri</span> <span class='ocrx_word' id='word_1_31' title='bbox 2346 1003 2579 1089; x_wconf 86' lang='lat' dir='ltr'>partes</span> <span class='ocrx_word' id='word_1_32' title='bbox 2612 1004 2834 1089; x_wconf 85' lang='lat' dir='ltr'>preter</span> <span class='ocrx_word' id='word_1_33' title='bbox 2878 993 3093 1066; x_wconf 86' lang='lat' dir='ltr'>nostri</span> <span class='ocrx_word' id='word_1_34' title='bbox 3116 992 3293 1085; x_wconf 86' lang='lat' dir='ltr'>juris</span> <span class='ocrx_word' id='word_1_35' title='bbox 3326 992 3653 1065; x_wconf 83' lang='lat' dir='ltr'>offensam</span> 
     </span>
     <span class='ocr_line' id='line_1_5' title="bbox 826 1116 3653 1215; baseline -0.002 -20"><span class='ocrx_word' id='word_1_36' title='bbox 826 1133 894 1195; x_wconf 92' lang='lat' dir='ltr'>et</span> <span class='ocrx_word' id='word_1_37' title='bbox 942 1121 1013 1192; x_wconf 92' lang='lat' dir='ltr'>in</span> <span class='ocrx_word' id='word_1_38' title='bbox 1055 1120 1480 1215; x_wconf 79' lang='lat' dir='ltr'>approbante</span> <span class='ocrx_word' id='word_1_39' title='bbox 1529 1118 1841 1211; x_wconf 90' lang='lat' dir='ltr'>poteritis</span> <span class='ocrx_word' id='word_1_40' title='bbox 1878 1127 1948 1191; x_wconf 93' lang='lat' dir='ltr'>et</span> <span class='ocrx_word' id='word_1_41' title='bbox 1986 1118 2057 1189; x_wconf 93' lang='lat' dir='ltr'>in</span> <span class='ocrx_word' id='word_1_42' title='bbox 2110 1119 2491 1213; x_wconf 87' lang='lat' dir='ltr'>approbato</span> <span class='ocrx_word' id='word_1_43' title='bbox 2533 1120 2902 1214; x_wconf 90' lang='lat' dir='ltr'>complere.</span> <span class='ocrx_word' id='word_1_44' title='bbox 2939 1118 3078 1189; x_wconf 88' lang='lat' dir='ltr'>Nos</span> <span class='ocrx_word' id='word_1_45' title='bbox 3133 1116 3318 1188; x_wconf 90' lang='lat' dir='ltr'>enim</span> <span class='ocrx_word' id='word_1_46' title='bbox 3371 1116 3551 1188; x_wconf 89' lang='lat' dir='ltr'>sicut</span> <span class='ocrx_word' id='word_1_47' title='bbox 3582 1117 3653 1188; x_wconf 91' lang='lat' dir='ltr'>in</span> 
     </span>
     <span class='ocr_line' id='line_1_6' title="bbox 829 1241 3654 1340; baseline -0.002 -23"><span class='ocrx_word' id='word_1_48' title='bbox 829 1245 1322 1340; x_wconf 81' lang='lat' dir='ltr'>temporalibus</span> <span class='ocrx_word' id='word_1_49' title='bbox 1378 1252 1449 1316; x_wconf 88' lang='lat' dir='ltr'>et</span> <span class='ocrx_word' id='word_1_50' title='bbox 1502 1242 1953 1335; x_wconf 79' lang='lat' dir='ltr'>dignitatibus</span> <span class='ocrx_word' id='word_1_51' title='bbox 2028 1242 2280 1313; x_wconf 88' lang='lat' dir='ltr'>nostris</span> <span class='ocrx_word' id='word_1_52' title='bbox 2330 1242 2633 1335; x_wconf 89' lang='lat' dir='ltr'>antiquis</span> <span class='ocrx_word' id='word_1_53' title='bbox 2700 1241 3105 1313; x_wconf 89' lang='lat' dir='ltr'>inviolatum</span> <span class='ocrx_word' id='word_1_54' title='bbox 3168 1242 3288 1331; x_wconf 87' lang='lat' dir='ltr'>jus</span> <span class='ocrx_word' id='word_1_55' title='bbox 3347 1250 3654 1313; x_wconf 86' lang='lat' dir='ltr'>nostrum</span> 
     </span>
     <span class='ocr_line' id='line_1_7' title="bbox 831 1364 3658 1463; baseline -0.001 -24"><span class='ocrx_word' id='word_1_56' title='bbox 831 1368 1030 1442; x_wconf 91' lang='lat' dir='ltr'>nobis</span> <span class='ocrx_word' id='word_1_57' title='bbox 1081 1367 1526 1463; x_wconf 84' lang='lat' dir='ltr'>exposcimus</span> <span class='ocrx_word' id='word_1_58' title='bbox 1572 1365 2002 1452; x_wconf 88' lang='lat' dir='ltr'>conservari,</span> <span class='ocrx_word' id='word_1_59' title='bbox 2054 1365 2154 1436; x_wconf 91' lang='lat' dir='ltr'>sic</span> <span class='ocrx_word' id='word_1_60' title='bbox 2206 1365 2410 1437; x_wconf 92' lang='lat' dir='ltr'>etiam</span> <span class='ocrx_word' id='word_1_61' title='bbox 2461 1365 2533 1436; x_wconf 93' lang='lat' dir='ltr'>in</span> <span class='ocrx_word' id='word_1_62' title='bbox 2580 1365 3052 1459; x_wconf 86' lang='lat' dir='ltr'>spiritualibus</span> <span class='ocrx_word' id='word_1_63' title='bbox 3100 1364 3301 1436; x_wconf 90' lang='lat' dir='ltr'>vobis</span> <span class='ocrx_word' id='word_1_64' title='bbox 3349 1364 3421 1434; x_wconf 93' lang='lat' dir='ltr'>in</span> <span class='ocrx_word' id='word_1_65' title='bbox 3468 1365 3658 1436; x_wconf 92' lang='lat' dir='ltr'>nullo</span> 
     </span>
     <span class='ocr_line' id='line_1_8' title="bbox 831 1487 3656 1587; baseline -0.001 -24"><span class='ocrx_word' id='word_1_66' title='bbox 831 1492 1195 1587; x_wconf 90' lang='lat' dir='ltr'>prepedire</span> <span class='ocrx_word' id='word_1_67' title='bbox 1229 1511 1511 1587; x_wconf 89' lang='lat' dir='ltr'>prorsus</span> <span class='ocrx_word' id='word_1_68' title='bbox 1556 1489 1982 1562; x_wconf 88' lang='lat' dir='ltr'>intendimus</span> <span class='ocrx_word' id='word_1_69' title='bbox 2019 1489 2332 1562; x_wconf 89' lang='lat' dir='ltr'>debitum</span> <span class='ocrx_word' id='word_1_70' title='bbox 2386 1487 2796 1583; x_wconf 86' lang='lat' dir='ltr'>pontificalis</span> <span class='ocrx_word' id='word_1_71' title='bbox 2832 1488 3037 1561; x_wconf 88' lang='lat' dir='ltr'>officii</span> <span class='ocrx_word' id='word_1_72' title='bbox 3077 1496 3145 1559; x_wconf 89' lang='lat' dir='ltr'>et</span> <span class='ocrx_word' id='word_1_73' title='bbox 3169 1497 3396 1561; x_wconf 83' lang='lat' dir='ltr'>vestre</span> <span class='ocrx_word' id='word_1_74' title='bbox 3438 1488 3656 1583; x_wconf 92' lang='lat' dir='ltr'>pleni·</span> 
     </span>
     <span class='ocr_line' id='line_1_9' title="bbox 836 1612 3656 1711; baseline -0.001 -24"><span class='ocrx_word' id='word_1_75' title='bbox 836 1616 1147 1690; x_wconf 86' lang='lat' dir='ltr'>tudinem</span> <span class='ocrx_word' id='word_1_76' title='bbox 1187 1613 1565 1711; x_wconf 84' lang='lat' dir='ltr'>potestatis.</span> <span class='ocrx_word' id='word_1_77' title='bbox 1609 1614 1914 1708; x_wconf 90' lang='lat' dir='ltr'>Ideoque</span> <span class='ocrx_word' id='word_1_78' title='bbox 1942 1615 2301 1687; x_wconf 87' lang='lat' dir='ltr'>molestum</span> <span class='ocrx_word' id='word_1_79' title='bbox 2342 1613 2649 1706; x_wconf 80' lang='lat' dir='ltr'>gerimus</span> <span class='ocrx_word' id='word_1_80' title='bbox 2698 1622 2769 1685; x_wconf 91' lang='lat' dir='ltr'>et</span> <span class='ocrx_word' id='word_1_81' title='bbox 2817 1612 3160 1707; x_wconf 89' lang='lat' dir='ltr'>ingratum</span> <span class='ocrx_word' id='word_1_82' title='bbox 3209 1612 3546 1685; x_wconf 89' lang='lat' dir='ltr'>habemus</span> <span class='ocrx_word' id='word_1_83' title='bbox 3597 1612 3656 1685; x_wconf 88' lang='lat' dir='ltr'>si</span> 
     </span>
     <span class='ocr_line' id='line_1_10' title="bbox 830 1736 3652 1834; baseline -0.001 -23"><span class='ocrx_word' id='word_1_84' title='bbox 830 1763 951 1834; x_wconf 90' lang='lat' dir='ltr'>per</span> <span class='ocrx_word' id='word_1_85' title='bbox 1011 1739 1335 1813; x_wconf 88' lang='lat' dir='ltr'>officiales</span> <span class='ocrx_word' id='word_1_86' title='bbox 1393 1747 1661 1810; x_wconf 88' lang='lat' dir='ltr'>nostros</span> <span class='ocrx_word' id='word_1_87' title='bbox 1715 1747 1950 1810; x_wconf 88' lang='lat' dir='ltr'>contra</span> <span class='ocrx_word' id='word_1_88' title='bbox 2011 1738 2363 1810; x_wconf 89' lang='lat' dir='ltr'>usurarios</span> <span class='ocrx_word' id='word_1_89' title='bbox 2423 1736 2879 1809; x_wconf 85' lang='lat' dir='ltr'>ecclesiastice</span> <span class='ocrx_word' id='word_1_90' title='bbox 2933 1736 3300 1830; x_wconf 90' lang='lat' dir='ltr'>discipline</span> <span class='ocrx_word' id='word_1_91' title='bbox 3360 1757 3652 1809; x_wconf 88' lang='lat' dir='ltr'>censura</span> 
     </span>
     <span class='ocr_line' id='line_1_11' title="bbox 831 1859 3655 1957; baseline -0.001 -23"><span class='ocrx_word' id='word_1_92' title='bbox 831 1864 1181 1950; x_wconf 78' lang='lat' dir='ltr'>notissima</span> <span class='ocrx_word' id='word_1_93' title='bbox 1219 1862 1463 1935; x_wconf 89' lang='lat' dir='ltr'>vestris</span> <span class='ocrx_word' id='word_1_94' title='bbox 1495 1861 1835 1957; x_wconf 90' lang='lat' dir='ltr'>episcopis</span> <span class='ocrx_word' id='word_1_95' title='bbox 1868 1859 2241 1934; x_wconf 89' lang='lat' dir='ltr'>inhibetur.</span> <span class='ocrx_word' id='word_1_96' title='bbox 2274 1861 2359 1932; x_wconf 90' lang='lat' dir='ltr'>Et</span> <span class='ocrx_word' id='word_1_97' title='bbox 2390 1882 2791 1954; x_wconf 86' lang='lat' dir='ltr'>quanquam</span> <span class='ocrx_word' id='word_1_98' title='bbox 2818 1860 3099 1933; x_wconf 89' lang='lat' dir='ltr'>credere</span> <span class='ocrx_word' id='word_1_99' title='bbox 3134 1880 3273 1932; x_wconf 91' lang='lat' dir='ltr'>non</span> <span class='ocrx_word' id='word_1_100' title='bbox 3311 1860 3655 1954; x_wconf 91' lang='lat' dir='ltr'>possimus</span> 
     </span>
     <span class='ocr_line' id='line_1_12' title="bbox 832 1981 3656 2081; baseline -0.001 -24"><span class='ocrx_word' id='word_1_101' title='bbox 832 1988 1017 2081; x_wconf 89' lang='lat' dir='ltr'>ipsos</span> <span class='ocrx_word' id='word_1_102' title='bbox 1049 2008 1191 2058; x_wconf 91' lang='lat' dir='ltr'>rem</span> <span class='ocrx_word' id='word_1_103' title='bbox 1239 1993 1376 2056; x_wconf 90' lang='lat' dir='ltr'>tam</span> <span class='ocrx_word' id='word_1_104' title='bbox 1422 1993 1682 2067; x_wconf 88' lang='lat' dir='ltr'>temere</span> <span class='ocrx_word' id='word_1_105' title='bbox 1729 1984 2262 2079; x_wconf 86' lang='lat' dir='ltr'>presumptionis</span> <span class='ocrx_word' id='word_1_106' title='bbox 2297 2003 2702 2077; x_wconf 76' lang='lat' dir='ltr'>aggressoS,</span> <span class='ocrx_word' id='word_1_107' title='bbox 2741 1981 3187 2056; x_wconf 88' lang='lat' dir='ltr'>nihilominus</span> <span class='ocrx_word' id='word_1_108' title='bbox 3222 1991 3452 2055; x_wconf 90' lang='lat' dir='ltr'>tamen</span> <span class='ocrx_word' id='word_1_109' title='bbox 3486 1983 3656 2078; x_wconf 89' lang='lat' dir='ltr'>ipsis</span> 
     </span>
     <span class='ocr_line' id='line_1_13' title="bbox 835 2106 3652 2204; baseline -0.001 -23"><span class='ocrx_word' id='word_1_110' title='bbox 835 2131 955 2204; x_wconf 90' lang='lat' dir='ltr'>per</span> <span class='ocrx_word' id='word_1_111' title='bbox 986 2108 1293 2181; x_wconf 89' lang='lat' dir='ltr'>districte</span> <span class='ocrx_word' id='word_1_112' title='bbox 1316 2106 1647 2200; x_wconf 84' lang='lat' dir='ltr'>jussionis</span> <span class='ocrx_word' id='word_1_113' title='bbox 1674 2116 1902 2180; x_wconf 91' lang='lat' dir='ltr'>nostre</span> <span class='ocrx_word' id='word_1_114' title='bbox 1946 2107 2349 2202; x_wconf 90' lang='lat' dir='ltr'>rescriptum</span> <span class='ocrx_word' id='word_1_115' title='bbox 2394 2108 2820 2201; x_wconf 80' lang='lat' dir='ltr'>injungimus</span> <span class='ocrx_word' id='word_1_116' title='bbox 2851 2115 2929 2178; x_wconf 89' lang='lat' dir='ltr'>ut</span> <span class='ocrx_word' id='word_1_117' title='bbox 2968 2116 3037 2180; x_wconf 90' lang='lat' dir='ltr'>et</span> <span class='ocrx_word' id='word_1_118' title='bbox 3084 2107 3401 2202; x_wconf 90' lang='lat' dir='ltr'>preterita</span> <span class='ocrx_word' id='word_1_119' title='bbox 3446 2107 3652 2178; x_wconf 89' lang='lat' dir='ltr'>corri-</span> 
     </span>
     <span class='ocr_line' id='line_1_14' title="bbox 836 2228 3654 2327; baseline -0.001 -23"><span class='ocrx_word' id='word_1_120' title='bbox 836 2242 1001 2325; x_wconf 86' lang='lat' dir='ltr'>gant</span> <span class='ocrx_word' id='word_1_121' title='bbox 1035 2240 1103 2304; x_wconf 88' lang='lat' dir='ltr'>et</span> <span class='ocrx_word' id='word_1_122' title='bbox 1132 2233 1205 2303; x_wconf 93' lang='lat' dir='ltr'>in</span> <span class='ocrx_word' id='word_1_123' title='bbox 1241 2241 1585 2326; x_wconf 89' lang='lat' dir='ltr'>posterum</span> <span class='ocrx_word' id='word_1_124' title='bbox 1626 2231 1786 2302; x_wconf 91' lang='lat' dir='ltr'>talia</span> <span class='ocrx_word' id='word_1_125' title='bbox 1820 2251 1959 2303; x_wconf 93' lang='lat' dir='ltr'>non</span> <span class='ocrx_word' id='word_1_126' title='bbox 2006 2239 2432 2325; x_wconf 89' lang='lat' dir='ltr'>attemptent.</span> <span class='ocrx_word' id='word_1_127' title='bbox 2473 2232 2613 2304; x_wconf 90' lang='lat' dir='ltr'>Nos</span> <span class='ocrx_word' id='word_1_128' title='bbox 2652 2230 2837 2303; x_wconf 92' lang='lat' dir='ltr'>enim</span> <span class='ocrx_word' id='word_1_129' title='bbox 2879 2228 3001 2325; x_wconf 91' lang='lat' dir='ltr'>qui</span> <span class='ocrx_word' id='word_1_130' title='bbox 3041 2231 3112 2302; x_wconf 92' lang='lat' dir='ltr'>in</span> <span class='ocrx_word' id='word_1_131' title='bbox 3150 2230 3480 2303; x_wconf 90' lang='lat' dir='ltr'>usurariis</span> <span class='ocrx_word' id='word_1_132' title='bbox 3524 2253 3654 2327; x_wconf 89' lang='lat' dir='ltr'>pu-</span> 
     </span>
     <span class='ocr_line' id='line_1_15' title="bbox 838 2353 3654 2449; baseline 0 -22"><span class='ocrx_word' id='word_1_133' title='bbox 838 2356 1094 2427; x_wconf 90' lang='lat' dir='ltr'>blicum</span> <span class='ocrx_word' id='word_1_134' title='bbox 1132 2356 1391 2427; x_wconf 89' lang='lat' dir='ltr'>crimen</span> <span class='ocrx_word' id='word_1_135' title='bbox 1427 2353 2033 2427; x_wconf 88' lang='lat' dir='ltr'>constitutionibus</span> <span class='ocrx_word' id='word_1_136' title='bbox 2061 2355 2313 2426; x_wconf 90' lang='lat' dir='ltr'>nostris</span> <span class='ocrx_word' id='word_1_137' title='bbox 2338 2376 2491 2427; x_wconf 89' lang='lat' dir='ltr'>esse</span> <span class='ocrx_word' id='word_1_138' title='bbox 2518 2354 2952 2428; x_wconf 88' lang='lat' dir='ltr'>decrevimus</span> <span class='ocrx_word' id='word_1_139' title='bbox 2980 2376 3372 2445; x_wconf 89' lang='lat' dir='ltr'>usurarum,</span> <span class='ocrx_word' id='word_1_140' title='bbox 3406 2376 3654 2449; x_wconf 89' lang='lat' dir='ltr'>penam</span> 
     </span>
     <span class='ocr_line' id='line_1_16' title="bbox 836 2476 3660 2575; baseline 0 -26"><span class='ocrx_word' id='word_1_141' title='bbox 836 2481 1141 2575; x_wconf 89' lang='lat' dir='ltr'>ipsorum</span> <span class='ocrx_word' id='word_1_142' title='bbox 1180 2486 1489 2574; x_wconf 89' lang='lat' dir='ltr'>preterea</span> <span class='ocrx_word' id='word_1_143' title='bbox 1521 2498 1661 2550; x_wconf 91' lang='lat' dir='ltr'>non</span> <span class='ocrx_word' id='word_1_144' title='bbox 1689 2478 2001 2550; x_wconf 91' lang='lat' dir='ltr'>minuere</span> <span class='ocrx_word' id='word_1_145' title='bbox 2043 2476 2505 2572; x_wconf 78' lang='lat' dir='ltr'>disponimuS,</span> <span class='ocrx_word' id='word_1_146' title='bbox 2547 2478 2671 2551; x_wconf 90' lang='lat' dir='ltr'>sed</span> <span class='ocrx_word' id='word_1_147' title='bbox 2712 2499 2992 2571; x_wconf 89' lang='lat' dir='ltr'>augere,</span> <span class='ocrx_word' id='word_1_148' title='bbox 3030 2487 3266 2572; x_wconf 90' lang='lat' dir='ltr'>utpote</span> <span class='ocrx_word' id='word_1_149' title='bbox 3298 2500 3457 2550; x_wconf 91' lang='lat' dir='ltr'>cum</span> <span class='ocrx_word' id='word_1_150' title='bbox 3486 2487 3660 2550; x_wconf 89' lang='lat' dir='ltr'>tem·-</span> 
     </span>
     <span class='ocr_line' id='line_1_17' title="bbox 835 2602 3659 2699; baseline 0.001 -26"><span class='ocrx_word' id='word_1_151' title='bbox 835 2604 1089 2698; x_wconf 88' lang='lat' dir='ltr'>poralis</span> <span class='ocrx_word' id='word_1_152' title='bbox 1133 2624 1315 2699; x_wconf 91' lang='lat' dir='ltr'>pene</span> <span class='ocrx_word' id='word_1_153' title='bbox 1350 2603 1765 2697; x_wconf 91' lang='lat' dir='ltr'>supplicium</span> <span class='ocrx_word' id='word_1_154' title='bbox 1809 2610 2043 2675; x_wconf 90' lang='lat' dir='ltr'>eterne</span> <span class='ocrx_word' id='word_1_155' title='bbox 2080 2602 2525 2693; x_wconf 81' lang='lat' dir='ltr'>junxerimus</span> <span class='ocrx_word' id='word_1_156' title='bbox 2566 2602 2837 2673; x_wconf 87' lang='lat' dir='ltr'>ultioni.</span> <span class='ocrx_word' id='word_1_157' title='bbox 2890 2603 3196 2675; x_wconf 85' lang='lat' dir='ltr'>Verbum</span> <span class='ocrx_word' id='word_1_158' title='bbox 3240 2612 3548 2697; x_wconf 86' lang='lat' dir='ltr'>preterea</span> <span class='ocrx_word' id='word_1_159' title='bbox 3587 2604 3659 2675; x_wconf 93' lang='lat' dir='ltr'>in</span> 
     </span>
     <span class='ocr_line' id='line_1_18' title="bbox 835 2726 3658 2821; baseline 0 -21"><span class='ocrx_word' id='word_1_160' title='bbox 835 2728 1233 2801; x_wconf 85' lang='lat' dir='ltr'>evidentem</span> <span class='ocrx_word' id='word_1_161' title='bbox 1294 2727 1781 2803; x_wconf 89' lang='lat' dir='ltr'>detractionem</span> <span class='ocrx_word' id='word_1_162' title='bbox 1856 2726 2073 2799; x_wconf 87' lang='lat' dir='ltr'>nostri</span> <span class='ocrx_word' id='word_1_163' title='bbox 2126 2726 2426 2799; x_wconf 88' lang='lat' dir='ltr'>nominis</span> <span class='ocrx_word' id='word_1_164' title='bbox 2489 2735 2716 2799; x_wconf 67' lang='lat' dir='ltr'>vestre</span> <span class='ocrx_word' id='word_1_165' title='bbox 2788 2726 3174 2820; x_wconf 85' lang='lat' dir='ltr'>paternitati</span> <span class='ocrx_word' id='word_1_166' title='bbox 3255 2736 3658 2821; x_wconf 88' lang='lat' dir='ltr'>suggestum</span> 
     </span>
     <span class='ocr_line' id='line_1_19' title="bbox 835 2849 3660 2946; baseline 0.001 -24"><span class='ocrx_word' id='word_1_167' title='bbox 835 2852 1025 2925; x_wconf 91' lang='lat' dir='ltr'>nullo</span> <span class='ocrx_word' id='word_1_168' title='bbox 1073 2853 1283 2928; x_wconf 91' lang='lat' dir='ltr'>modo</span> <span class='ocrx_word' id='word_1_169' title='bbox 1332 2850 1613 2927; x_wconf 91' lang='lat' dir='ltr'>credere</span> <span class='ocrx_word' id='word_1_170' title='bbox 1665 2849 2038 2943; x_wconf 88' lang='lat' dir='ltr'>debuistis,</span> <span class='ocrx_word' id='word_1_171' title='bbox 2087 2851 2279 2946; x_wconf 88' lang='lat' dir='ltr'>quod</span> <span class='ocrx_word' id='word_1_172' title='bbox 2331 2872 2459 2925; x_wconf 93' lang='lat' dir='ltr'>nos</span> <span class='ocrx_word' id='word_1_173' title='bbox 2498 2852 2568 2924; x_wconf 91' lang='lat' dir='ltr'>in</span> <span class='ocrx_word' id='word_1_174' title='bbox 2624 2850 2816 2924; x_wconf 90' lang='lat' dir='ltr'>terris</span> <span class='ocrx_word' id='word_1_175' title='bbox 2854 2871 2898 2924; x_wconf 89' lang='lat' dir='ltr'>a</span> <span class='ocrx_word' id='word_1_176' title='bbox 2946 2851 3147 2923; x_wconf 92' lang='lat' dir='ltr'>nobis</span> <span class='ocrx_word' id='word_1_177' title='bbox 3191 2850 3261 2922; x_wconf 92' lang='lat' dir='ltr'>in</span> <span class='ocrx_word' id='word_1_178' title='bbox 3312 2872 3528 2945; x_wconf 91' lang='lat' dir='ltr'>regno</span> <span class='ocrx_word' id='word_1_179' title='bbox 3569 2851 3660 2928; x_wconf 93' lang='lat' dir='ltr'>de</span> 
     </span>
     <span class='ocr_line' id='line_1_20' title="bbox 837 2974 3659 3071; baseline 0.001 -24"><span class='ocrx_word' id='word_1_180' title='bbox 837 2997 1021 3049; x_wconf 87' lang='lat' dir='ltr'>novo</span> <span class='ocrx_word' id='word_1_181' title='bbox 1057 2977 1460 3050; x_wconf 88' lang='lat' dir='ltr'>constructis</span> <span class='ocrx_word' id='word_1_182' title='bbox 1493 2974 1800 3049; x_wconf 85' lang='lat' dir='ltr'>edificari</span> <span class='ocrx_word' id='word_1_183' title='bbox 1841 2995 2059 3049; x_wconf 89' lang='lat' dir='ltr'>novas</span> <span class='ocrx_word' id='word_1_184' title='bbox 2092 2977 2415 3049; x_wconf 89' lang='lat' dir='ltr'>ecclesias</span> <span class='ocrx_word' id='word_1_185' title='bbox 2452 2976 2935 3071; x_wconf 86' lang='lat' dir='ltr'>prohibemus;</span> <span class='ocrx_word' id='word_1_186' title='bbox 2973 2996 3133 3047; x_wconf 93' lang='lat' dir='ltr'>cum</span> <span class='ocrx_word' id='word_1_187' title='bbox 3165 2974 3350 3048; x_wconf 91' lang='lat' dir='ltr'>enim</span> <span class='ocrx_word' id='word_1_188' title='bbox 3381 2976 3659 3049; x_wconf 89' lang='lat' dir='ltr'>easdem</span> 
     </span>
     <span class='ocr_line' id='line_1_21' title="bbox 835 3098 3655 3192; baseline -0 -20"><span class='ocrx_word' id='word_1_189' title='bbox 835 3121 975 3173; x_wconf 91' lang='lat' dir='ltr'>non</span> <span class='ocrx_word' id='word_1_190' title='bbox 1012 3101 1237 3174; x_wconf 89' lang='lat' dir='ltr'>aliene</span> <span class='ocrx_word' id='word_1_191' title='bbox 1279 3110 1464 3173; x_wconf 90' lang='lat' dir='ltr'>secte</span> <span class='ocrx_word' id='word_1_192' title='bbox 1496 3099 1608 3172; x_wconf 91' lang='lat' dir='ltr'>vel</span> <span class='ocrx_word' id='word_1_193' title='bbox 1643 3100 1816 3192; x_wconf 90' lang='lat' dir='ltr'>legis</span> <span class='ocrx_word' id='word_1_194' title='bbox 1860 3098 2300 3188; x_wconf 88' lang='lat' dir='ltr'>hominibus,</span> <span class='ocrx_word' id='word_1_195' title='bbox 2357 3100 2483 3174; x_wconf 90' lang='lat' dir='ltr'>sed</span> <span class='ocrx_word' id='word_1_196' title='bbox 2516 3100 2906 3172; x_wconf 90' lang='lat' dir='ltr'>christianis</span> <span class='ocrx_word' id='word_1_197' title='bbox 2948 3098 3317 3172; x_wconf 87' lang='lat' dir='ltr'>inhabitari</span> <span class='ocrx_word' id='word_1_198' title='bbox 3355 3108 3655 3172; x_wconf 89' lang='lat' dir='ltr'>tantum-</span> 
     </span>
     <span class='ocr_line' id='line_1_22' title="bbox 837 3221 3657 3317; baseline -0 -22"><span class='ocrx_word' id='word_1_199' title='bbox 837 3224 1045 3298; x_wconf 92' lang='lat' dir='ltr'>modo</span> <span class='ocrx_word' id='word_1_200' title='bbox 1073 3226 1470 3316; x_wconf 88' lang='lat' dir='ltr'>jubeamus,</span> <span class='ocrx_word' id='word_1_201' title='bbox 1503 3224 1888 3297; x_wconf 88' lang='lat' dir='ltr'>necessario</span> <span class='ocrx_word' id='word_1_202' title='bbox 1921 3224 2237 3317; x_wconf 89' lang='lat' dir='ltr'>sequitur</span> <span class='ocrx_word' id='word_1_203' title='bbox 2275 3223 2472 3317; x_wconf 90' lang='lat' dir='ltr'>quod</span> <span class='ocrx_word' id='word_1_204' title='bbox 2517 3223 2844 3297; x_wconf 91' lang='lat' dir='ltr'>ecclesias</span> <span class='ocrx_word' id='word_1_205' title='bbox 2881 3222 2953 3294; x_wconf 93' lang='lat' dir='ltr'>in</span> <span class='ocrx_word' id='word_1_206' title='bbox 2990 3221 3249 3315; x_wconf 89' lang='lat' dir='ltr'>quibus</span> <span class='ocrx_word' id='word_1_207' title='bbox 3281 3223 3406 3297; x_wconf 91' lang='lat' dir='ltr'>Dei</span> <span class='ocrx_word' id='word_1_208' title='bbox 3441 3224 3657 3296; x_wconf 90' lang='lat' dir='ltr'>nostri</span> 
     </span>
     <span class='ocr_line' id='line_1_23' title="bbox 840 3344 3658 3442; baseline 0.001 -24"><span class='ocrx_word' id='word_1_209' title='bbox 840 3368 1090 3420; x_wconf 90' lang='lat' dir='ltr'>nomen</span> <span class='ocrx_word' id='word_1_210' title='bbox 1128 3347 1486 3421; x_wconf 89' lang='lat' dir='ltr'>invocetur</span> <span class='ocrx_word' id='word_1_211' title='bbox 1528 3356 1599 3418; x_wconf 88' lang='lat' dir='ltr'>et</span> <span class='ocrx_word' id='word_1_212' title='bbox 1640 3345 1849 3436; x_wconf 85' lang='lat' dir='ltr'>fides,</span> <span class='ocrx_word' id='word_1_213' title='bbox 1893 3345 2199 3419; x_wconf 85' lang='lat' dir='ltr'>edificari</span> <span class='ocrx_word' id='word_1_214' title='bbox 2243 3346 2569 3418; x_wconf 88' lang='lat' dir='ltr'>velimus.</span> <span class='ocrx_word' id='word_1_215' title='bbox 2612 3346 2785 3418; x_wconf 87' lang='lat' dir='ltr'>Nam</span> <span class='ocrx_word' id='word_1_216' title='bbox 2830 3355 2901 3417; x_wconf 88' lang='lat' dir='ltr'>et</span> <span class='ocrx_word' id='word_1_217' title='bbox 2937 3344 3058 3417; x_wconf 85' lang='lat' dir='ltr'>filii</span> <span class='ocrx_word' id='word_1_218' title='bbox 3106 3346 3311 3419; x_wconf 73' lang='lat' dir='ltr'>Israel</span> <span class='ocrx_word' id='word_1_219' title='bbox 3358 3369 3484 3442; x_wconf 92' lang='lat' dir='ltr'>per</span> <span class='ocrx_word' id='word_1_220' title='bbox 3533 3348 3658 3420; x_wconf 92' lang='lat' dir='ltr'>de-</span> 
     </span>
     <span class='ocr_line' id='line_1_24' title="bbox 840 3467 3655 3563; baseline 0 -22"><span class='ocrx_word' id='word_1_221' title='bbox 840 3479 1093 3542; x_wconf 87' lang='lat' dir='ltr'>sertum</span> <span class='ocrx_word' id='word_1_222' title='bbox 1129 3471 1202 3540; x_wconf 91' lang='lat' dir='ltr'>in</span> <span class='ocrx_word' id='word_1_223' title='bbox 1236 3470 1544 3543; x_wconf 91' lang='lat' dir='ltr'>tentoriis</span> <span class='ocrx_word' id='word_1_224' title='bbox 1578 3468 1963 3542; x_wconf 88' lang='lat' dir='ltr'>habitantes</span> <span class='ocrx_word' id='word_1_225' title='bbox 1988 3469 2105 3541; x_wconf 88' lang='lat' dir='ltr'>ubi</span> <span class='ocrx_word' id='word_1_226' title='bbox 2145 3469 2402 3540; x_wconf 89' lang='lat' dir='ltr'>nullius</span> <span class='ocrx_word' id='word_1_227' title='bbox 2431 3469 2686 3541; x_wconf 85' lang='lat' dir='ltr'>fabrice</span> <span class='ocrx_word' id='word_1_228' title='bbox 2720 3467 3166 3542; x_wconf 85' lang='lat' dir='ltr'>fundamenta</span> <span class='ocrx_word' id='word_1_229' title='bbox 3198 3471 3655 3563; x_wconf 87' lang='lat' dir='ltr'>conjecerant,</span> 
     </span>
     <span class='ocr_line' id='line_1_25' title="bbox 843 3591 3659 3689; baseline 0.001 -25"><span class='ocrx_word' id='word_1_230' title='bbox 843 3593 1360 3665; x_wconf 87' lang='lat' dir='ltr'>tabernaculum</span> <span class='ocrx_word' id='word_1_231' title='bbox 1428 3592 1701 3665; x_wconf 90' lang='lat' dir='ltr'>Domini</span> <span class='ocrx_word' id='word_1_232' title='bbox 1771 3592 1967 3664; x_wconf 88' lang='lat' dir='ltr'>velut</span> <span class='ocrx_word' id='word_1_233' title='bbox 2033 3591 2532 3664; x_wconf 87' lang='lat' dir='ltr'>habitationum</span> <span class='ocrx_word' id='word_1_234' title='bbox 2591 3614 2875 3665; x_wconf 89' lang='lat' dir='ltr'>suarum</span> <span class='ocrx_word' id='word_1_235' title='bbox 2938 3602 3200 3688; x_wconf 86' lang='lat' dir='ltr'>partem</span> <span class='ocrx_word' id='word_1_236' title='bbox 3265 3594 3659 3689; x_wconf 89' lang='lat' dir='ltr'>precipuam</span> 
     </span>
     <span class='ocr_line' id='line_1_26' title="bbox 845 3715 3663 3810; baseline 0.001 -23"><span class='ocrx_word' id='word_1_237' title='bbox 845 3723 1240 3787; x_wconf 89' lang='lat' dir='ltr'>erexerunt.</span> <span class='ocrx_word' id='word_1_238' title='bbox 1307 3715 1488 3788; x_wconf 88' lang='lat' dir='ltr'>Illud</span> <span class='ocrx_word' id='word_1_239' title='bbox 1546 3722 2022 3788; x_wconf 85' lang='lat' dir='ltr'>verumtamen</span> <span class='ocrx_word' id='word_1_240' title='bbox 2086 3735 2224 3787; x_wconf 91' lang='lat' dir='ltr'>non</span> <span class='ocrx_word' id='word_1_241' title='bbox 2283 3735 2618 3807; x_wconf 76' lang='lat' dir='ltr'>negamus</span> <span class='ocrx_word' id='word_1_242' title='bbox 2684 3715 2876 3810; x_wconf 87' lang='lat' dir='ltr'>quod</span> <span class='ocrx_word' id='word_1_243' title='bbox 2944 3717 3267 3789; x_wconf 89' lang='lat' dir='ltr'>ecclesias</span> <span class='ocrx_word' id='word_1_244' title='bbox 3338 3717 3663 3790; x_wconf 85' lang='lat' dir='ltr'>fundatas</span> 
     </span>
     <span class='ocr_line' id='line_1_27' title="bbox 843 3838 3662 3935; baseline 0.002 -26"><span class='ocrx_word' id='word_1_245' title='bbox 843 3838 1136 3930; x_wconf 88' lang='lat' dir='ltr'>ibidem,</span> <span class='ocrx_word' id='word_1_246' title='bbox 1179 3847 1508 3935; x_wconf 88' lang='lat' dir='ltr'>tanquam</span> <span class='ocrx_word' id='word_1_247' title='bbox 1536 3839 1612 3910; x_wconf 91' lang='lat' dir='ltr'>in</span> <span class='ocrx_word' id='word_1_248' title='bbox 1646 3839 1796 3911; x_wconf 90' lang='lat' dir='ltr'>solo</span> <span class='ocrx_word' id='word_1_249' title='bbox 1829 3846 2058 3911; x_wconf 88' lang='lat' dir='ltr'>nostro</span> <span class='ocrx_word' id='word_1_250' title='bbox 2093 3847 2520 3911; x_wconf 90' lang='lat' dir='ltr'>constructas</span> <span class='ocrx_word' id='word_1_251' title='bbox 2548 3860 2630 3912; x_wconf 92' lang='lat' dir='ltr'>ac</span> <span class='ocrx_word' id='word_1_252' title='bbox 2657 3838 2924 3913; x_wconf 88' lang='lat' dir='ltr'>dotatas</span> <span class='ocrx_word' id='word_1_253' title='bbox 2948 3862 2990 3913; x_wconf 90' lang='lat' dir='ltr'>a</span> <span class='ocrx_word' id='word_1_254' title='bbox 3028 3840 3229 3913; x_wconf 90' lang='lat' dir='ltr'>nobis</span> <span class='ocrx_word' id='word_1_255' title='bbox 3253 3893 3273 3930; x_wconf 95' lang='lat'>,</span> <span class='ocrx_word' id='word_1_256' title='bbox 3316 3842 3662 3915; x_wconf 92' lang='lat' dir='ltr'>collationi</span> 
     </span>
     <span class='ocr_line' id='line_1_28' title="bbox 845 3962 3663 4057; baseline 0.001 -23"><span class='ocrx_word' id='word_1_257' title='bbox 845 3972 1075 4037; x_wconf 92' lang='lat' dir='ltr'>nostre</span> <span class='ocrx_word' id='word_1_258' title='bbox 1125 3964 1450 4036; x_wconf 89' lang='lat' dir='ltr'>volumus</span> <span class='ocrx_word' id='word_1_259' title='bbox 1506 3964 1830 4057; x_wconf 86' lang='lat' dir='ltr'>exigente</span> <span class='ocrx_word' id='word_1_260' title='bbox 1875 3962 2145 4055; x_wconf 87' lang='lat' dir='ltr'>justitia</span> <span class='ocrx_word' id='word_1_261' title='bbox 2189 3963 2606 4035; x_wconf 87' lang='lat' dir='ltr'>conservari.</span> <span class='ocrx_word' id='word_1_262' title='bbox 2659 3964 2802 4036; x_wconf 89' lang='lat' dir='ltr'>Nec</span> <span class='ocrx_word' id='word_1_263' title='bbox 2850 3964 3026 4037; x_wconf 90' lang='lat' dir='ltr'>illud</span> <span class='ocrx_word' id='word_1_264' title='bbox 3081 3964 3400 4036; x_wconf 85' lang='lat' dir='ltr'>infestum</span> <span class='ocrx_word' id='word_1_265' title='bbox 3458 3966 3663 4038; x_wconf 91' lang='lat' dir='ltr'>debet</span> 
     </span>
     <span class='ocr_line' id='line_1_29' title="bbox 844 4086 3664 4184; baseline 0 -24"><span class='ocrx_word' id='word_1_266' title='bbox 844 4099 1074 4162; x_wconf 89' lang='lat' dir='ltr'>vestra</span> <span class='ocrx_word' id='word_1_267' title='bbox 1107 4088 1482 4184; x_wconf 86' lang='lat' dir='ltr'>paternitas</span> <span class='ocrx_word' id='word_1_268' title='bbox 1514 4096 1836 4183; x_wconf 88' lang='lat' dir='ltr'>reputare</span> <span class='ocrx_word' id='word_1_269' title='bbox 1868 4087 1928 4159; x_wconf 91' lang='lat' dir='ltr'>si</span> <span class='ocrx_word' id='word_1_270' title='bbox 1967 4109 2095 4159; x_wconf 94' lang='lat' dir='ltr'>nos</span> <span class='ocrx_word' id='word_1_271' title='bbox 2141 4086 2732 4182; x_wconf 89' lang='lat' dir='ltr'>Cephaludensem</span> <span class='ocrx_word' id='word_1_272' title='bbox 2779 4088 3178 4184; x_wconf 91' lang='lat' dir='ltr'>episcopum</span> <span class='ocrx_word' id='word_1_273' title='bbox 3225 4091 3427 4182; x_wconf 88' lang='lat' dir='ltr'>cujus</span> <span class='ocrx_word' id='word_1_274' title='bbox 3463 4090 3664 4162; x_wconf 90' lang='lat' dir='ltr'>vobis</span> 
     </span>
     <span class='ocr_line' id='line_1_30' title="bbox 848 4212 3661 4307; baseline 0 -23"><span class='ocrx_word' id='word_1_275' title='bbox 848 4215 1270 4287; x_wconf 86' lang='lat' dir='ltr'>notissimam</span> <span class='ocrx_word' id='word_1_276' title='bbox 1302 4212 1648 4286; x_wconf 89' lang='lat' dir='ltr'>credimus</span> <span class='ocrx_word' id='word_1_277' title='bbox 1695 4233 1847 4285; x_wconf 89' lang='lat' dir='ltr'>esse</span> <span class='ocrx_word' id='word_1_278' title='bbox 1883 4218 2151 4299; x_wconf 85' lang='lat' dir='ltr'>notam,</span> <span class='ocrx_word' id='word_1_279' title='bbox 2205 4221 2274 4283; x_wconf 93' lang='lat' dir='ltr'>et</span> <span class='ocrx_word' id='word_1_280' title='bbox 2312 4213 2811 4284; x_wconf 86' lang='lat' dir='ltr'>Salernitanum</span> <span class='ocrx_word' id='word_1_281' title='bbox 2848 4212 3407 4286; x_wconf 91' lang='lat' dir='ltr'>archidiaconum</span> <span class='ocrx_word' id='word_1_282' title='bbox 3453 4235 3661 4307; x_wconf 89' lang='lat' dir='ltr'>quem</span> 
     </span>
     <span class='ocr_line' id='line_1_31' title="bbox 847 4334 3665 4433; baseline 0.001 -25"><span class='ocrx_word' id='word_1_283' title='bbox 847 4339 917 4409; x_wconf 91' lang='lat' dir='ltr'>in</span> <span class='ocrx_word' id='word_1_284' title='bbox 968 4359 1242 4411; x_wconf 89' lang='lat' dir='ltr'>recessu</span> <span class='ocrx_word' id='word_1_285' title='bbox 1274 4346 1507 4411; x_wconf 91' lang='lat' dir='ltr'>nostro</span> <span class='ocrx_word' id='word_1_286' title='bbox 1543 4337 1634 4410; x_wconf 92' lang='lat' dir='ltr'>de</span> <span class='ocrx_word' id='word_1_287' title='bbox 1666 4357 1880 4429; x_wconf 87' lang='lat' dir='ltr'>regno</span> <span class='ocrx_word' id='word_1_288' title='bbox 1915 4337 2109 4409; x_wconf 90' lang='lat' dir='ltr'>velut</span> <span class='ocrx_word' id='word_1_289' title='bbox 2151 4334 2500 4409; x_wconf 88' lang='lat' dir='ltr'>infidelem</span> <span class='ocrx_word' id='word_1_290' title='bbox 2537 4346 2606 4410; x_wconf 93' lang='lat' dir='ltr'>et</span> <span class='ocrx_word' id='word_1_291' title='bbox 2652 4337 2739 4410; x_wconf 92' lang='lat' dir='ltr'>de</span> <span class='ocrx_word' id='word_1_292' title='bbox 2776 4336 3158 4410; x_wconf 84' lang='lat' dir='ltr'>infidelium</span> <span class='ocrx_word' id='word_1_293' title='bbox 3199 4358 3450 4432; x_wconf 90' lang='lat' dir='ltr'>genere</span> <span class='ocrx_word' id='word_1_294' title='bbox 3489 4358 3665 4433; x_wconf 90' lang='lat' dir='ltr'>pro—</span> 
     </span>
     <span class='ocr_line' id='line_1_32' title="bbox 848 4460 3670 4561; baseline 0 -27"><span class='ocrx_word' id='word_1_295' title='bbox 848 4474 1150 4537; x_wconf 90' lang='lat' dir='ltr'>creatum</span> <span class='ocrx_word' id='word_1_296' title='bbox 1188 4460 1322 4561; x_wconf 86' lang='lat' dir='ltr'>(a),</span> <span class='ocrx_word' id='word_1_297' title='bbox 1365 4463 1541 4536; x_wconf 92' lang='lat' dir='ltr'>inter</span> <span class='ocrx_word' id='word_1_298' title='bbox 1602 4462 1839 4536; x_wconf 85' lang='lat' dir='ltr'>fideles</span> <span class='ocrx_word' id='word_1_299' title='bbox 1897 4471 2164 4534; x_wconf 90' lang='lat' dir='ltr'>nostros</span> <span class='ocrx_word' id='word_1_300' title='bbox 2218 4482 2355 4534; x_wconf 95' lang='lat' dir='ltr'>non</span> <span class='ocrx_word' id='word_1_301' title='bbox 2412 4464 2849 4558; x_wconf 89' lang='lat' dir='ltr'>permisimus</span> <span class='ocrx_word' id='word_1_302' title='bbox 2903 4485 3293 4553; x_wconf 90' lang='lat' dir='ltr'>remanere,</span> <span class='ocrx_word' id='word_1_303' title='bbox 3349 4483 3488 4535; x_wconf 93' lang='lat' dir='ltr'>non</span> <span class='ocrx_word' id='word_1_304' title='bbox 3547 4464 3670 4534; x_wconf 92' lang='lat' dir='ltr'>in-</span> 
     </span>
    </p>
   </div>
   <div class='ocr_carea' id='block_1_3' title="bbox 931 4727 2510 4810">
    <p class='ocr_par' dir='ltr' id='par_1_3' title="bbox 931 4727 2510 4810">
     <span class='ocr_line' id='line_1_33' title="bbox 931 4727 2510 4810; baseline 0.001 -20"><span class='ocrx_word' id='word_1_305' title='bbox 931 4727 1019 4809; x_wconf 83' lang='lat' dir='ltr'>(a)</span> <span class='ocrx_word' id='word_1_306' title='bbox 1059 4728 1241 4792; x_wconf 83' lang='lat' dir='ltr'>Deest</span> <span class='ocrx_word' id='word_1_307' title='bbox 1264 4731 1364 4792; x_wconf 82' lang='lat' dir='ltr'>hic</span> <span class='ocrx_word' id='word_1_308' title='bbox 1391 4730 1640 4794; x_wconf 85' lang='lat' dir='ltr'>verbum</span> <span class='ocrx_word' id='word_1_309' title='bbox 1660 4730 2001 4792; x_wconf 71' lang='lat' dir='ltr'>removimus</span> <span class='ocrx_word' id='word_1_310' title='bbox 2026 4731 2123 4792; x_wconf 84' lang='lat' dir='ltr'>vel</span> <span class='ocrx_word' id='word_1_311' title='bbox 2147 4730 2510 4810; x_wconf 79' lang='lat' dir='ltr'>hujusmodi.</span> 
     </span>
    </p>
   </div>
  </div>
 </body>
</html>
