4842 5802
967 579 1161 639 lame-r.
1204 574 1282 659 7.]
1860 579 2253 642 HISTORIA
2301 579 2888 645 DIPLOMATICA.
3663 583 3784 644 675

967 706 1330 792 nisteriali
1357 707 1587 817 justis
1623 711 1873 793 modis
1909 712 2414 819 obtinuerint,
2463 712 2610 793 hoc
2660 711 2980 795 libenter
3032 739 3183 798 non
3223 715 3588 825 requisito
3644 741 3779 797 as-

967 869 1194 925 sensu
1232 867 1371 924 suo
1406 841 1797 950 recipiant.
1870 878 1877 885 ·

1123 1057 1311 1131 (Edit.
1343 1074 1439 1134 ap.
1470 1056 1861 1119 Senon-rrum
1890 1066 1951 1121 et
1988 1062 2277 1132 Knnvste,
2304 1056 2728 1139 mplomatar„
2757 1064 2804 1117 t.
2835 1058 2917 1133 11,
2947 1075 3008 1137 p.
3048 1068 3198 1136 1813
3227 1060 3361 1120 coll.
3398 1076 3538 1122 cum
3580 1063 3775 1141 origi-

1203 1164 1324 1223 nali
1350 1166 1413 1223 ln
1440 1164 1678 1224 archivo
1704 1165 2043 1243 Dresdensi,
2072 1176 2139 1227 n⁰
2172 1168 2337 1240 320.)

1063 1348 1139 1418 In
1168 1348 1447 1421 nomine
1478 1359 1714 1422 sancte
1738 1359 1810 1422 et
1836 1351 2199 1424 individue
2216 1349 2588 1422 Trinitatis,
2620 1348 2983 1421 Heinricus
3002 1350 3360 1444 septimae,
3395 1349 3635 1423 divina
3671 1354 3773 1425 fa-

921 1572 925 1576 ·
971 1484 1174 1543 vente
1199 1472 1559 1546 clementia
1580 1475 2037 1547 Romanorum
2068 1497 2195 1547 rex
2236 1483 2306 1545 et
2338 1494 2609 1569 semper
2640 1461 3003 1566 angustus.
3040 1472 3154 1545 Ad
3188 1473 3321 1545 hoc
3357 1474 3595 1547 divina
3631 1475 3773 1549 dis·

966 1603 1260 1689 ponente
1287 1597 1722 1691 providentia
1741 1598 1834 1670 ad
1863 1600 2057 1693 regni
2083 1598 2549 1693 gubernacula
2577 1619 2703 1669 nos
2730 1596 3076 1669 credimus
3102 1597 3502 1670 sublimatos
3526 1607 3602 1670 ut
3625 1599 3776 1673 loca

964 1718 1203 1791 divino
1238 1719 1454 1792 cultui
1487 1719 1877 1815 mancipata
1902 1731 2260 1794 teneamur
2292 1721 2701 1794 liberalitate
2722 1721 2912 1811 regia
2944 1742 3346 1815 promovere
3383 1743 3772 1796 servorum-

963 1864 1101 1935 que
1137 1844 1262 1915 Dei
1306 1844 1710 1916 utilitatibus
1751 1846 1822 1916 in
1863 1844 2372 1919 confirmatione
2405 1844 2924 1940 privilegiorum
2972 1855 3357 1916 nostrorum
3400 1868 3665 1919 necnon
3700 1847 3771 1918 in

964 1965 1118 2037 aliis
1145 1967 1634 2061 temporalibus
1665 1968 1994 2039 subsidiis
2048 1969 2445 2041 subvenire.
2505 1967 2786 2039 Noverit
2843 1967 3051 2058 igitur
3114 1975 3252 2039 tam
3298 1989 3578 2061 presens
3627 1981 3772 2043 etas

962 2112 1171 2184 quam
1203 2114 1605 2165 successura
1638 2094 1997 2187 posteritas
2031 2093 2221 2187 quod
2248 2115 2401 2183 noS,
2439 2094 2530 2164 ob
2562 2091 3014 2163 reverentiam
3041 2090 3438 2163 intemerate
3470 2092 3773 2186 Virginis

962 2216 1085 2287 Dei
1112 2215 1461 2308 genitricis
1485 2216 1731 2308 Marie,
1767 2217 2076 2312 petitioni
2105 2217 2375 2290 abbatis
2402 2225 2473 2288 et
2506 2218 2791 2288 fratrum
2821 2214 2908 2286 de
2932 2212 3124 2286 Buch
3162 2214 3625 2288 Cisterciensis
3651 2238 3772 2290 or-

966 2339 1146 2410 dinis
1184 2339 1272 2412 de
1297 2338 1728 2433 providentia
1768 2341 2031 2412 consilii
2062 2341 2275 2413 nostri
2311 2340 2700 2412 satisfacere
2732 2339 3123 2432 cupientes,
3166 2339 3395 2433 ipsum
3431 2352 3771 2415 monaste·

964 2461 1140 2532 rium
1170 2484 1327 2533 cum
1366 2462 1685 2533 omnibus
1707 2462 2102 2534 hominibus
2126 2473 2194 2534 et
2219 2444 2769 2558 possessionibus
2805 2445 2947 2531 suis
2974 2481 3150 2554 quas
3177 2459 3248 2531 in
3273 2461 3769 2554 presentiarum

964 2584 1288 2656 canonice
1314 2585 1618 2680 possidet
1643 2574 1711 2657 et
1737 2586 1807 2657 in
1845 2588 2149 2658 futurum
2169 2586 2372 2677 justis
2405 2584 2631 2658 modis
2667 2584 2912 2680 poterit
2946 2580 3272 2678 adipisci,
3309 2585 3443 2655 snb
3467 2595 3769 2658 nostram

962 2709 1309 2804 etimperii
1331 2711 1825 2805 protectionem
1841 2712 2254 2806 suscipimus
2276 2733 2359 2783 ac
2383 2710 2836 2805 patrocinium
2854 2708 3177 2802 speciale,
3199 2707 3384 2781 dicta
3408 2710 3589 2783 bona
3613 2734 3770 2782 cum

959 2834 1102 2906 suis
1135 2834 1561 2930 pertinentiis
1580 2834 1806 2908 eidem
1830 2836 2227 2909 auctoritate
2264 2836 2454 2930 regia
2487 2834 2991 2909 confirmantes.
3021 2831 3131 2905 Ad
3166 2831 3293 2905 hec
3316 2854 3441 2928 pro
3467 2835 3773 2908 remedio

959 2960 1185 3032 anime
1226 2970 1454 3032 nostre
1496 2982 1579 3032 ac
1619 2982 2094 3033 successorum
2129 2970 2519 3032 nostrorum
2547 2959 2727 3029 hanc
2763 2957 2863 3028 eis
2899 2956 3189 3051 gratiam
3237 2957 3527 3030 facimus
3566 2969 3635 3031 et
3688 2960 3773 3031 li·

958 3085 1246 3156 centiam
1281 3084 1723 3177 indulgemus
1761 3093 1839 3154 ut
1865 3106 2339 3179 quascumque
2372 3082 2839 3178 possessiones
2870 3082 2942 3151 in
2969 3082 3187 3174 agris,
3232 3082 3486 3173 vineis,
3524 3083 3764 3176 pratia,

956 3207 1152 3279 terris
1185 3209 1384 3280 cultis
1423 3228 1546 3278 seu
1583 3207 1891 3295 incultiS,
1925 3208 2234 3302 pascuis,
2275 3207 2707 3297 nemoribuS,
2761 3206 2960 3299 aquis
3009 3229 3486 3301 aquarumque
3524 3208 3770 3280 decur-

954 3332 1145 3403 sibus
1179 3353 1222 3403 a
1259 3353 1698 3424 quacumque
1734 3352 2024 3426 persona
2062 3332 2275 3403 libera
2327 3331 2479 3402 sive
2522 3329 2987 3420 ministeriali,
3031 3338 3260 3401 nostra
3303 3332 3413 3401 vel
3452 3332 3762 3426 imperii,

954 3455 1150 3525 titulo
1187 3453 1605 3545 donationiS,
1669 3456 2036 3550 emptionis
2086 3478 2210 3528 seu
2249 3455 2628 3528 concambii
2665 3462 3116 3526 memoratum
3157 3455 3639 3525 monasterium
3680 3456 3769 3529 de

960 3576 1159 3646 bonis
1189 3576 1454 3671 imperii
1480 3577 1630 3651 sive
1667 3577 1758 3649 de
1784 3579 2315 3673 proprietatibus
2345 3577 2847 3650 infeodatorum
2895 3575 3007 3648 vel
3047 3576 3590 3647 ministerialium
3636 3577 3766 3647 im-

955 3699 1130 3793 perii
1190 3699 1556 3773 obtinuerit
1609 3702 1812 3793 justis
1866 3703 2126 3791 modis,
2169 3723 2306 3773 non
2343 3701 2672 3793 requisito
2715 3721 2925 3794 super
2977 3697 3108 3770 hoc
3155 3699 3430 3792 speciali
3477 3721 3761 3772 assensu

956 3831 1186 3894 nostro
1223 3830 1293 3895 et
1315 3823 1608 3918 imperii,
1644 3825 1927 3897 licenter
1956 3825 2244 3919 recipiat
2277 3834 2344 3897 et
2380 3824 2471 3896 de
2498 3824 2868 3915 majestatis
2898 3831 3127 3894 nostre
3170 3823 3387 3914 gratia
3424 3822 3497 3892 in
3526 3844 3763 3918 perpe-

954 3957 1145 4018 tuum
1185 3947 1447 4041 absque
1488 3949 2024 4021 contradictione
2070 3948 2378 4043 qnalibet
2427 3947 2659 4042 quiete
2702 3945 3006 4018 obtineat
3054 3955 3124 4017 et
3167 3945 3515 4040 possideat
3559 3946 3760 4040 pleno

945 4074 1122 4163 jure.
1166 4073 1546 4144 Statuimus
1583 4073 1816 4168 itaque
1852 4075 1983 4146 sub
2020 4074 2567 4147 interminatione
2619 4073 2838 4166 gratie
2888 4080 3119 4144 nostre
3170 4070 3558 4143 firmissime
3594 4093 3760 4165 pre-

949 4195 1279 4288 cipientes
1310 4197 1609 4268 utnulla
1643 4218 1948 4291 unquam
1982 4220 2271 4293 persona
2302 4198 2584 4270 humilis
2612 4199 2729 4270 vel
2754 4198 2916 4289 alta,
2938 4196 3392 4269 ecclesiastica
3419 4195 3540 4267 vel*
3556 4217 3757 4267 mun·

950 4317 1155 4409 dana,
1176 4319 1356 4391 hanc
1381 4321 1761 4394 libertatem
1791 4322 2138 4416 sepedicto
2162 4322 2570 4394 monasterio
2601 4321 2940 4394 indultam
2965 4321 3341 4411 infringere
3365 4319 3617 4396 audeat
3638 4330 3756 4391 aut

950 4443 1012 4513 ei
1038 4444 1330 4536 alicujus
1365 4445 1625 4537 ingenii
1666 4448 1989 4541 scrupulo
2024 4448 2381 4520 contraire.
2420 4447 2623 4531 Quod
2660 4447 2780 4540 qui
2813 4448 3037 4518 facere
3066 4444 3594 4540 presumpserit,
3648 4445 3753 4516 in-

950 4563 1414 4658 dignationem
1453 4570 1787 4642 tremendi
1809 4569 2065 4661 judicis
2092 4581 2458 4664 nostreque
2480 4570 2906 4642 celsitudinis
2923 4569 3394 4663 gravissimam
3424 4569 3750 4641 offensam

951 4709 1022 4760 se
1051 4691 1319 4764 noverit
1347 4691 1809 4765 incursurum.
1853 4694 1965 4766 Ad
1996 4697 2194 4787 cujus
2229 4695 2439 4767 etiam
2475 4694 2632 4766 facti
2660 4693 2868 4766 nostri
2908 4693 3114 4765 robur
3143 4692 3213 4763 in
3247 4704 3587 4788 posterum
3630 4716 3752 4765 va·
