4842 5802
921 613 1122 673 luorcr.
1153 610 1241 687 9.]
1823 607 2219 669 HISTORIA
2267 608 2850 670 DIPLOMATch.
3632 606 3749 667 767

921 746 1112 819 curie
1168 753 1399 818 nostre
1430 741 1538 841 (l)
1575 744 1647 815 in
1699 741 1969 837 judicio
2020 743 2112 815 sit
2161 752 2577 836 conquestus
2616 742 2811 838 quod
2860 741 3163 838 quedam
3219 741 3403 815 bona
3455 741 3742 816 ecclesie

919 893 1045 942 sue
1078 890 1201 964 per
1234 867 1550 940 homines
1586 887 1752 939 suos
1785 865 2085 939 alienata
2119 864 2260 937 sint
2299 865 2536 939 illicite
2578 867 2649 939 in
2691 889 2897 940 suum
2928 876 2999 941 et
3031 866 3319 941 ecclesie
3354 888 3479 947 sue
3508 869 3745 961 preju-

920 993 1181 1065 dicium
1227 1002 1296 1064 et
1327 1012 1741 1086 gravamen,
1776 989 1851 1061 in
1895 989 2140 1063 eadem
2190 988 2382 1062 curia
2433 999 2662 1064 nostra
2696 990 3186 1063 sententialiter
3226 989 3524 1063 obtinuit
3560 990 3745 1064 bona

917 1117 1134 1212 ipsius
1165 1115 1454 1191 ecclesie
1484 1114 1771 1189 alienari
1800 1135 1926 1210 per
1976 1114 2252 1208 aliquos
2296 1136 2433 1187 non
2478 1113 2763 1206 debere,
2797 1114 2977 1188 sicut
3015 1113 3104 1187 de
3130 1114 3289 1204 jure
3321 1134 3461 1186 non
3508 1134 3734 1208 posse,

917 1243 1056 1316 imo
1099 1243 1158 1313 si
1181 1260 1323 1335 qua
1359 1241 1656 1314 alienata
1683 1238 1917 1312 illicite
1955 1238 2237 1312 inventa
2274 1239 2552 1327 fuerint,
2585 1238 2883 1315 debeant
2913 1237 3248 1313 revocari.
3289 1237 3546 1310 Verum
3576 1238 3746 1331 quia

917 1367 1088 1439 nihil
1140 1365 1499 1462 prodesset
1550 1364 1736 1437 ferri·
1758 1362 2132 1437 sententias
2175 1361 2310 1434 nisi
2357 1384 2596 1437 earum
2651 1362 3036 1457 exequutio
3082 1370 3516 1455 sequeretur,
3567 1358 3742 1434 fide-

918 1492 1089 1567 litati
1132 1500 1359 1564 vestre
1417 1488 1863 1583 precipiendo
1911 1487 2327 1569 mandamus
2370 1496 2717 1583 quatenus
2772 1488 3005 1561 nullus
3041 1487 3133 1560 sit
3180 1486 3300 1580 qui
3341 1495 3578 1558 contra
3634 1493 3738 1560 te·

919 1636 1153 1688 norem
1216 1612 1532 1707 ejusdem
1576 1611 1916 1686 sententie
1963 1610 2151 1684 bona
2216 1610 2436 1705 ipsius
2485 1611 2771 1684 ecclesie
2825 1612 3124 1685 alienare
3177 1619 3551 1704 presumat.
3607 1609 3744 1682 Sed

917 1740 976 1811 si
1010 1760 1154 1834 qua
1183 1737 1418 1810 illicite
1459 1737 1758 1810 alienata
1785 1738 2070 1813 inventa
2097 1734 2406 1824 tuerint,
2430 1733 2730 1817 debeant
2756 1736 2850 1808 ad
2878 1736 2996 1827 jus
3035 1734 3257 1829 ipsius
3300 1734 3587 1806 ecclesie
3633 1755 3743 1805 re·

916 1865 1178 1937 vocari.
1219 1861 1329 1936 Ad
1361 1862 1565 1954 cujus
1599 1861 1700 1934 rei
1741 1860 2136 1934 memoriam
2172 1867 2254 1933 et·
2280 1859 2596 1934 stabilem
2638 1857 3055 1949 firmitatem,
3104 1878 3385 1953 presens
3410 1858 3744 1952 scriptum

920 1989 1068 2063 fieri
1103 1989 1391 2061 fecimus
1421 1995 1493 2059 et
1524 1986 2017 2078 sigillo-nostro
2045 1983 2326 2056 muniri.
3094 2050 3103 2065 ,

1014 2115 1265 2186 Datum
1307 2109 1501 2204 apud
1537 2111 2016 2203 Hagenovam,
2066 2127 2251 2179 anno
2277 2106 2628 2180 dominice
2656 2106 3143 2180 incarnationis
3186 2107 3286 2180 Μ.
3308 2105 3435 2178 CC.
3458 2106 3735 2194 XXXV,

921 2256 1157 2309 mense
1191 2233 1597 2330 septembris
1614 2286 1635 2324 ,
1675 2253 1861 2306 nona
1898 2231 2299 2304 indictione.

1023 2803 1487 2910 FridericuS,
1531 2806 2052 2890 Romanorum
2089 2807 2528 2919 imperator,
2566 2807 2878 2889 innovat
2928 2814 3003 2889 et
3059 2804 3459 2889 confirmat
3493 2805 3743 2915 privi-

917 2938 1204 3050 legium
1260 2941 1359 3023 ab
1414 2940 1736 3024 Henrico
1781 2952 1991 3026 sexto
2035 2952 2248 3051 patre
2295 2967 2437 3024 suo
2474 2965 2678 3024 anno
2720 2942 2956 3048 1195,
2995 2950 3261 3024 octavo
3295 2941 3590 3024 decimo
3626 2940 3749 3022 die

915 3071 1276 3179 octobriS,
1316 3072 1704 3158 indultum
1719 3136 1743 3182 ,
1784 3100 1943 3185 quo
1975 3074 2366 3159 abbatiam
2400 3076 2498 3158 de
2533 3072 2948 3184 Altenberg
2979 3073 3078 3160 ab
3115 3074 3327 3155 omni
3361 3074 3742 3183 theloneO,

916 3214 1076 3287 tam
1112 3205 1194 3287 in
1231 3214 1431 3290 terra
1465 3233 1704 3316 quam
1741 3206 1823 3289 in
1859 3234 2102 3317 aqua,
2142 3215 2507 3317 perpetuo
2540 3206 2867 3291 liberam
2900 3206 3315 3291 constituit.

1078 3416 1314 3498 (Edidit
1348 3421 1738 3499 hconnsr,
1772 3419 2142 3483 Urkundenb.
2155 3421 2276 3499 fiir
2298 3419 2390 3481 dic
2417 3419 2612 3483 Gesck.
2641 3419 2738 3480 des
2762 3416 3095 3491 Niceten-12..
3125 3437 3240 3481 zw.
3266 3421 3454 3494 Band,
3496 3438 3560 3497 p.
3604 3429 3747 3496 105,

1156 3532 1225 3583 n⁰
1251 3533 1391 3598 που,
1414 3533 1474 3587 et
1495 3533 1636 3587 erst.
1673 3525 1873 3601 Bana,
1903 3544 1965 3605 p.
1993 3536 2133 3600 aso,
2162 3536 2228 3586 η’
2256 3526 2428 3605 546.)

1015 3706 1401 3781 Fridericus
1422 3763 1443 3801 ,
1479 3710 1604 3783 Dei
1638 3712 1854 3804 gratia
1887 3713 2344 3784 Romanorum
2378 3713 2745 3808 imperator
2775 3733 3049 3807 semper
3076 3718 3437 3805 augustus,
3473 3711 3745 3786 Jerusa-

920 3830 1052 3902 lem
1084 3840 1155 3904 et
1188 3832 1418 3906 Sicilie
1450 3855 1601 3907 rex.
1635 3835 1767 3907 Per
1794 3855 2078 3931 presens
2109 3836 2445 3930 scriptum
2483 3845 2720 3907 notum
2756 3835 3048 3908 facimus
3091 3835 3431 3909 universis
3474 3836 3743 3932 imperii

920 3953 1243 4029 fidelibus
1278 3967 1414 4030 tam
1444 3960 1881 4054 presentibus
1914 3982 2124 4055 quam
2168 3961 2418 4032 futuris
2470 3959 2663 4055 quod
2720 4013 2739 4032 .
2807 4013 2825 4030 .
2886 4013 2904 4030 .
2960 3960 3377 4032 venerabilis
3409 3959 3625 4032 abbas
3653 3961 3744 4033 de

919 4080 1148 4153 Monte
1187 4081 1415 4154 Veteri
1455 4082 1682 4156 fidelis
1724 4093 1955 4158 noster
1998 4083 2387 4159 celsitudini
2438 4094 2669 4157 nostre
2711 4082 3065 4178 quoddam
3117 4082 3447 4179 scriptum
3494 4084 3658 4156 olim
3702 4106 3746 4157 a

919 4203 1201 4278 domino
1254 4205 1661 4300 imperatore
1715 4208 2010 4282 Henrioo
2053 4209 2273 4283 felicis
2308 4209 2802 4283 recordationis
2834 4208 3229 4281 karrissimo
3284 4217 3476 4301 patre
3512 4215 3742 4278 nostro

919 4330 1204 4404 ecclesie
1236 4353 1361 4404 sue
1407 4333 1752 4405 indultum
1778 4335 2234 4430 presentavit,
2273 4335 2675 4430 supplicans
2706 4332 3056 4405 humiliter
3078 4341 3148 4405 et
3177 4330 3426 4404 devote
3457 4338 3536 4401 ut
3568 4329 3745 4404 illud

992 4612 1066 4686 (l)
1102 4612 1314 4672 Scilicet
1335 4615 1587 4675 Albertus
1607 4616 1677 4673 de
1701 4617 2004 4675 Rossevach
2022 4659 2036 4688 ‚
2062 4617 2131 4674 de
2158 4632 2267 4690 quo
2288 4615 2446 4672 iutra.
2471 4616 2552 4671 Ex
2577 4612 2957 4672 constitutione
2979 4611 3288 4684 maguntina
3299 4627 3496 4671 munus
3510 4614 3748 4687 justitia-

922 4709 987 4764 rii
1013 4724 1110 4782 per
1134 4710 1523 4769 Allemanniam
1551 4713 1761 4771 noviter
1787 4719 2065 4785 statutum,
2093 4714 2239 4772 hunc
2259 4712 2542 4772 Albertum
2564 4711 2761 4807 obiisse
2789 4709 3128 4769 arbitramur.
