4842 5802
957 570 1149 631 lamet.
1182 568 1271 644 62]
1857 566 2254 627 HISTORIA
2304 566 2892 629 DIPLOMATICA.
3670 570 3783 632 591

1053 705 1457 795 HeinricuS,
1496 703 1621 777 Dei
1656 704 1875 798 gratia
1903 704 2367 778 Romanorum
2403 726 2534 777 rex
2564 704 2634 777 et
2656 727 2927 801 semper
2957 713 3319 799 augustus.
3353 706 3481 778 Per
3507 728 3789 800 presens

955 831 1284 926 scriptum
1319 838 1559 902 notum
1596 827 1745 902 fleri
1773 830 2101 902 volumus
2123 829 2473 902 universis
2509 830 2779 927 imperii
2814 828 3136 903 fidelibus
3172 839 3312 901 tam
3349 831 3788 925 presentibus

953 975 1161 1048 quam
1183 953 1431 1026 futuris
1455 952 1647 1048 quod
1671 973 1823 1046 nos,
1852 951 1946 1026 ad
1974 953 2546 1050 supplicationem
2584 952 3002 1027 venerabilis
3029 952 3299 1025 abbatis
3326 952 3396 1024 in
3418 953 3785 1026 Bebenhu-

954 1098 1073 1150 sen
1112 1075 1340 1150 fidelis
1371 1076 1624 1169 nostri,
1664 1076 1972 1172 inspecta
2006 1097 2289 1171 quoque
2308 1077 2642 1171 religione
2665 1076 2924 1150 ibidem
2954 1076 3354 1171 degentium
3376 1099 3515 1171 qua
3545 1077 3789 1151 divino

956 1199 1169 1272 cultui
1202 1200 1655 1292 famulantur,
1708 1197 1948 1271 divine
1990 1199 2265 1293 pietatis
2300 1199 2558 1271 intuitu
2621 1209 2691 1272 et
2743 1222 2869 1296 pro
2907 1199 3210 1274 remedio
3239 1199 3626 1272 animarum
3677 1199 3788 1273 di-

952 1345 1196 1397 vorum
1226 1332 1681 1418 augustorum
1706 1322 2221 1419 progenitorum
2263 1331 2652 1396 nostrorum
2686 1324 3018 1397 memorie
3058 1324 3426 1398 recolende
3466 1346 3549 1397 ac
3596 1326 3786 1400 inco·

954 1446 1269 1520 lumitate
1292 1454 1531 1520 nostra
1560 1455 1629 1519 et
1653 1446 1876 1519 salute
1918 1445 2150 1519 anime
2181 1455 2437 1537 nostre,
2478 1448 2867 1520 exemimus
2912 1447 3093 1519 bona
3125 1468 3252 1519 sua
3272 1469 3412 1542 que
3434 1458 3787 1521 monaste-

951 1570 1129 1642 rium
1172 1579 1623 1643 memoratum
1667 1570 1739 1642 in
1794 1568 2159 1664 Esslingen
2205 1570 2393 1661 juste
2447 1578 2634 1643 tenet
2679 1578 2747 1643 et
2780 1569 3086 1666 possidet
3124 1592 3205 1643 ac
3258 1570 3331 1642 in
3363 1579 3568 1644 antea
3593 1573 3787 1665 justo

955 1695 1154 1767 titulo
1171 1694 1420 1790 poterit
1447 1693 1767 1791 adipisci,
1786 1693 1877 1768 ab
1905 1693 2096 1765 omni
2122 1693 2283 1767 data
2311 1701 2383 1766 et
2405 1694 2797 1785 exactione,
2822 1704 2889 1768 et
2919 1696 3151 1792 ipsum
3183 1696 3346 1768 volu
3356 1717 3511 1768 mus
3534 1695 3783 1769 amodo

953 1818 1026 1890 in
1079 1818 1339 1892 eisdem
1400 1817 1602 1891 bonis
1661 1837 1814 1890 esse
1871 1815 2165 1889 liberum
2226 1825 2294 1890 et
2346 1818 2693 1909 immune3
2758 1818 3318 1892 ministerialibus
3381 1827 3450 1891 et
3511 1819 3785 1893 civibus

954 1940 1268 2034 ejusdem
1302 1942 1432 2014 loci
1467 1940 1850 2037 specialiter
1875 1940 2270 2014 inhibentes
2302 1948 2647 2036 quatenus
2695 1943 2930 2016 nullus
2974 1942 3146 2016 illud
3188 1953 3421 2016 contra
3453 1946 3790 2039 presentis

953 2065 1409 2161 exemptionis
1433 2075 1502 2138 et
1531 2063 1991 2141 immunitatis
2015 2074 2244 2138 nostre
2265 2065 2592 2160 paginam
2626 2067 2985 2141 molestare
3013 2075 3386 2164 presumat.
3427 2068 3630 2153 Quod
3666 2069 3787 2163 qui

954 2190 1445 2287 presumpserit
1480 2198 1810 2286 tanquam
1851 2188 2160 2263 mandati
2197 2190 2412 2263 nostri
2452 2200 3019 2286 transgressorem
3047 2213 3122 2264 se
3160 2192 3431 2265 noverit
3457 2192 3790 2286 indigna-

957 2314 1123 2387 tioni
1158 2313 1373 2386 nostri
1403 2314 1724 2388 culminis
1751 2312 2134 2407 subjacere.
2178 2314 2264 2388 Ut
2293 2322 2526 2387 autem
2555 2315 2687 2387 hec
2719 2324 2950 2388 nostra
2985 2315 3338 2409 exemptio
3370 2313 3565 2387 firma
3607 2337 3788 2388 sem-

955 2459 1077 2534 per
1103 2446 1172 2510 et
1208 2437 1619 2510 inconcussa
1656 2446 2078 2532 permaneat,
2120 2458 2402 2533 presens
2431 2438 2762 2534 scriptum
2789 2437 2936 2511 fieri
2974 2438 3263 2510 fecimus
3289 2438 3515 2530 sigillo
3540 2441 3789 2532 majes-

958 2562 1109 2633 tatis
1143 2569 1374 2634 nostre
1406 2561 1779 2633 munitum.

1050 2685 1274 2777 Hujus
1334 2685 1438 2758 rei
1504 2694 1712 2758 testes
1758 2695 1920 2758 sunt
1972 2712 1989 2757 ε
2055 2687 2141 2757 Η.
2201 2685 2510 2758 marchio
2563 2685 2655 2758 de
2713 2683 2981 2776 Baden,
3044 2737 3062 2754 .
3125 2738 3143 2755 .
3203 2739 3220 2756 .
3273 2685 3490 2757 abbas
3556 2686 3788 2758 Sancti

956 2804 1150 2901 Galli,
1195 2862 1214 2880 .
1278 2862 1297 2880 .
1360 2861 1379 2879 .
1437 2806 1705 2905 dapifer
1733 2808 1824 2882 de
1849 2810 2208 2907 Walpurc,
2248 2863 2266 2881 .
2332 2863 2350 2880 .
2415 2862 2434 2880 .
2491 2809 2825 2906 pincerna
2855 2807 2946 2882 de
2970 2808 3492 2903 Winterstettin‚
3524 2810 3790 2882 Uiricus

956 2932 1379 3005 Wernherus
1410 2934 1718 3005 notarius
1747 2931 1875 3029 (a).

1048 3055 1221 3128 Acta
1253 3064 1419 3127 sunt
1457 3056 1589 3129 hec
1624 3076 1807 3129 anno
1841 3055 2189 3129 dominice
2230 3056 2723 3130 incarnationis
2747 3057 3109 3130 millesimo
3147 3057 3618 3132 ducentesimo
3668 3059 3792 3131 tri-

959 3179 1218 3272 gesimo
1248 3178 1450 3251 tertio
1478 3177 1658 3275 (sic),
1699 3189 1945 3274 quarto
1971 3179 2305 3253 kalendas
2337 3179 2761 3254 novembris.

1051 3303 1302 3377 Datum
1340 3300 1531 3396 apud
1562 3304 1920 3399 Esslingen
1941 3357 1962 3395 ,
2015 3303 2391 3377 indictione
2439 3313 2662 3377 sexta.

2306 3594 2604 3603 --0--0-
2613 3594 2626 3602 n
2637 3591 3365 3603 -——-—-—-——-————-——-

1068 3830 1466 3939 HenricUS,
1506 3833 2028 3916 Romanorum
2083 3855 2254 3936 rex,
2304 3827 2706 3911 confirmat
2749 3829 3237 3910 donationem
3280 3825 3543 3908 domui
3588 3827 3789 3911 hos-
3881 3816 4161 3927 maffia,

959 3962 1213 4071 pitalis
1250 3963 1507 4046 Sancti
1546 3963 1870 4073 Spiritus
1906 3963 1988 4043 in
2027 3960 2559 4070 Stephansfeld
2596 3986 2642 4041 a
2668 3958 2940 4041 comite
2969 3958 3359 4068 Sigeberto
3384 3958 3481 4041 de
3507 3959 3792 4042 Werda
3844 3923 4199 3981 ‘¹³⁸⁰'mbm'

959 4107 1029 4179 et
1064 4096 1163 4180 ab
1199 4097 1526 4180 Henrico
1572 4107 1648 4179 et
1690 4095 2153 4179 Theoderico
2199 4095 2604 4178 comitibus
2658 4095 2823 4203 ejus
2868 4093 3045 4175 filiis
3100 4094 3382 4175 factam
3434 4095 3530 4175 de
3578 4103 3794 4201 parte

960 4230 1289 4312 nemoris
1354 4230 1561 4338 apud
1615 4228 1933 4311 Brumat
1985 4237 2063 4310 et
2114 4230 2210 4310 de
2273 4228 2614 4337 quodam
2668 4227 3107 4311 molendino
3176 4251 3351 4308 cum
3417 4250 3791 4334 aquarum

963 4360 1436 4445 decursibus,
1570 4389 1573 4392 ·
1624 4425 1629 4436 φ

992 4559 999 4566 ·
1043 4546 1129 4629 (a)
1165 4547 1344 4609 Anno
1399 4554 1599 4610 tamen
1660 4556 1804 4608 12³1
1863 4553 2267 4609 memorantur
2310 4547 2553 4609 insimul
2589 4543 2829 4608 mrim
2862 4552 2920 4607 ec
2975 4542 3321 4606 wernherus
3362 4548 3603 4608 notarii.
3649 4547 3788 4610 Vid.

966 4668 1172 4735 supra,
1203 4672 1266 4732 p.
1299 4663 1439 4715 556.
