4842 5802
829 722 1045 781 'Imm
1079 716 1167 801 8.]
1761 714 2152 776 HISTORIA
2204 712 2791 777 DIPLOMATICA.
3557 713 3668 774 701

855 853 1046 925 omni
1077 849 1424 923 exactioni
1450 857 1519 922 et
1543 849 2036 944 impedimento
2066 849 2375 943 quolibet
2402 840 2751 944 (cuilibet)
2776 846 2967 941 quod
2992 866 3117 941 per
3147 865 3276 918 vos
3305 856 3374 919 et
3408 857 3675 922 nostros

855 976 1218 1069 hucusque
1244 974 1519 1064 habuit,
1557 982 1626 1044 et
1655 972 2214 1065 recognoscimus
2244 971 2446 1043 villas
2482 979 2749 1044 notatas
2779 992 2905 1043 sue
2935 969 3221 1042 ecclesie
3252 969 3568 1059 attinere,
3604 979 3674 1044 et

857 1095 1084 1194 ipsum
1133 1096 1754 1191 inposseffiionem
1783 1095 2124 1175 mittimus
2170 1093 2617 1185 earumdem,
2642 1103 2726 1167 .et
2759 1094 3244 1167 renunciamus
3285 1104 3556 1167 monete
3600 1095 3672 1165 in

856 1219 1273 1308 Swinfurth3
1317 1221 1516 1312 signa
1550 1218 1854 1297 forensia
1883 1219 1955 1290 in
1988 1219 2152 1293 villa
2181 1220 2625 1291 Tutensteten
2644 1229 2719 1291 et
2747 1218 2909 1289 alibi
2948 1217 3203 1312 deponi
3236 1227 3498 1290 remota
3519 1239 3672 1289 am·

856 1344 1188 1437 biguitate
1211 1343 1520 1435 qualibet
1548 1352 1958 1429 statuentes,
1996 1351 2066 1414 et
2085 1360 2213 1413 vos
2237 1342 2699 1415 universoset
2728 1343 3040 1435 singulos
3083 1351 3152 1413 et
3197 1342 3369 1413 alios
3409 1353 3675 1414 nostros

856 1466 1169 1539 homines
1196 1466 1286 1538 ab
1309 1466 1644 1545 hactenus
1667 1465 1808 1536 sibi‘
1830 1465 2033 1537 illatis
2059 1465 2328 1555 injuriis
2352 1475 2423 1536 et
2448 1466 2964 1557 gravaminibus
2991 1487 3115 1559 per
3134 1472 3488 1557 optentum
3515 1487 3673 1557 gra·

857 1590 949 1661 tie
1003 1599 1229 1661 nostre
1277 1598 1818 1681 compescentes.
1872 1587 2280 1661 Mandamus
2330 1588 2541 1680 igitur
2591 1588 2992 1662 auctoritate
3031 1589 3220 1680 regia
3286 1586 3673 1661 firmissime

856 1713 1055 1784 vobis
1088 1714 1544 1807 precipientes
1595 1713 1925 1805 quatinus
1957 1711 2219 1784 dictum
2272 1712 2655 1806 principem
2697 1722 3039 1802 nostrum,
3088 1712 3445 1784 ecclesiam
3477 1734 3673 1786 suam

857 1843 925 1907 et
955 1857 1194 1909 omnes
1215 1836 1715 1927 jurisdictionis
1746 1857 1872 1907 sue
1902 1836 2217 1907 homines
2248 1835 2318 1909 in
2349 1836 2783 1908 libertatibus
2813 1846 2884 1907 et
2907 1836 3231 1907 omnibus
3270 1855 3507 1907 eorum
3549 1838 3675 1928 ju-

858 1958 1049 2031 ribus
1100 1960 1398 2054 amplius
1450 1980 1588 2030 non
1637 1958 1977 2051 gravetis,
2037 1958 2217 2029 sicut
2265 1959 2524 2052 regiam
2597 1958 2885 2052 diligitis
2939 1958 3228 2051 gratiam
3275 1960 3669 2053 specialem.

859 2083 1122 2155 Scituri·
1150 2082 1340 2177 quod
1372 2083 1797 2175 quicumque
1837 2090 2141 2153 vestrum
2188 2092 2423 2154 contra
2464 2082 2861 2173 hujusmodi
2914 2081 3312 2153 mandatum
3352 2102 3511 2153 eum
3562 2082 3673 2154 vel

857 2227 1019 2279 suos
1046 2206 1324 2278 turbare
1353 2206 1825 2299 presumserit,
1866 2204 2198 2278 offensam
2228 2206 2370 2278 lese
2405 2206 2669 2278 senciet
2702 2205 3095 2295 majestatis.
3133 2206 3220 2274 Et
3244 2206 3566 2276 volumus
3596 2213 3675 2276 ut

858 2351 980 2424 per
1009 2330 1397 2403 sentencias
1436 2329 1794 2402 coherceat
1838 2348 2110 2413 omnes,
2152 2329 2515 2401 universos
2556 2338 2626 2400 et
2659 2328 3001 2421 singulm,
3064 2327 3189 2421 qui
3221 2327 3322 2416 ei,
3385 2329 3673 2403 ecclesie

857 2474 983 2525 sue
1024 2463 1146 2525 aut
1189 2454 1337 2541 suis
1386 2454 1679 2525 lesiones
1712 2452 2067 2524 intulerint
2114 2461 2238 2524 aut
2278 2462 2670 2547 procurant.
2722 2454 3177 2525 Reservamus
3208 2461 3441 2525 autem
3472 2454 3672 2526 nobis

850 2579 966 2668 jus
990 2575 1183 2669 quod
1210 2576 1283 2648 in
1320 2576 1483 2649 villa
1521 2574 1974 2649 Gochesheim
1998 2576 2090 2647 ab
2111 2576 2400 2668 antiquo
2421 2576 2845 2649 dinoscimur
2876 2574 3223 2647 habuisse.
3260 2576 3342 2647 Et
3366 2586 3442 2647 ut
3462 2578 3674 2668 hujus

857 2701 1403 2774 renunciacionis
1438 2711 1506 2772 et
1535 2700 2032 2793 recognicionis
2063 2702 2317 2795 pagina
2352 2711 2424 2774 et
2448 2700 2775 2803 memoria
2812 2700 3062 2771 futuris
3101 2700 3523 2795 temporibus
3546 2702 3670 2773 ha-

858 2824 1135 2914 beatur,
1171 2835 1241 2897 et
1269 2825 1332 2896 ei
1369 2833 1438 2895 et
1476 2823 1765 2896 ecclesie
1797 2844 1924 2894 sue
1944 2844 2084 2917 que
2114 2824 2434 2919 superius
2469 2834 2630 2896 sunt
2653 2844 2979 2918 expressa
3017 2824 3502 2897 inviolabiliter
3531 2826 3673 2897 ob—

859 2961 1252 3039 serventur,
1298 2969 1584 3043 presens
1617 2948 1946 3042 scriptum
1978 2948 2188 3042 sigilli
2216 2949 2430 3024 nostri
2458 2948 2839 3019 munimine
2870 2948 3159 3019 fecimus
3189 2950 3519 3022 roborari.

952 3076 1123 3147 Data
1157 3075 1401 3166 Houge
1444 3073 1587 3164 (l),
1627 3093 1811 3145 anno
1845 3072 2120 3145 Domini
2145 3073 2240 3145 M⁰
2271 3071 2395 3144 CC⁰
2421 3071 2819 3154 xxxmw,
2868 3072 2963 3143 xl
3009 3072 3340 3145 kalendas
3383 3073 3674 3147 decem-

859 3197 1035 3283 briS‚
1072 3195 1450 3268 indictione
1481 3204 1752 3267 octava.

964 3691 1372 3802 HenricuS,
1420 3698 1941 3782 Romanorum
1977 3725 2106 3784 rex
2124 3760 2149 3805 ,
2207 3700 2565 3783 ecclesiae
2601 3701 2855 3784 Sancti
2890 3702 3255 3784 Iohannis
3290 3704 3371 3785 in
3406 3705 3675 3816 Houge

858 3826 1414 3911 ordinationem
1479 3830 2016 3916 Embrichonis
2085 3832 2701 3943 wirzburgensis
2770 3833 2956 3916 olim
3022 3836 3400 3944 episcopi,
3469 3865 3674 3924 anno

865 3960 1071 4040 1130
1124 3970 1527 4068 statutam,
1567 3966 2007 4048 renovando
2076 3965 2526 4073 confirmat3
2572 3967 2647 4050 vi
2718 3965 2976 4075 cujuS‚
3017 3970 3428 4053 mandante
3495 3999 3672 4083 rege

857 4087 1250 4198 Lothario,
1309 4120 1661 4178 excessus
1713 4097 2195 4207 Regenhardi
2249 4099 2346 4180 de
2397 4099 2599 4182 Ense
2622 4161 2647 4206 ,
2694 4101 3037 4183 advocati
3084 4102 3465 4210 praefatae
3527 4132 3669 4187 ec-

859 4219 1156 4329 clesiae,
1198 4225 1279 4305 in
1314 4227 1518 4309 villis
1556 4228 1905 4335 diversis,
1944 4229 2026 4309 in
2061 4256 2261 4340 pago
2295 4231 2773 4342 Badengowe
2809 4233 2970 4315 sitis
2987 4295 3009 4340 ,
3050 4247 3560 4344 removentur,
3600 4250 3676 4321 et

858 4350 999 4460 ipsi
1044 4366 1120 4437 et
1153 4356 1606 4443 haeredibus
1651 4359 1716 4469 ej
1729 4387 1855 4469 σε,
1898 4371 2197 4445 tantum
2252 4391 2341 4446 ex
2389 4365 2674 4474 gratia,
2735 4375 2940 4448 certa
2991 4368 3374 4475 quantitas
3431 4371 3675 4455 servi-

861 4483 1139 4569 tiorum
1178 4490 1324 4573 sub
1361 4491 1843 4574 anathemate
1878 4493 2359 4604 relinquitur.

907 4652 1316 4667 ----———.-..----

3056 4667 3206 4674 --—---
3227 4669 3419 4678 ..-.-...-

933 4720 1013 4875 (ἑὲ
1037 4722 1255 4782 Scilicet
1286 4727 1578 4786 claustrum
1605 4729 1799 4804 Hauq,
1844 4730 2004 4788 hodie
2040 4731 2179 4788 intra
2218 4746 2400 4788 muros
2436 4731 2665 4790 civitatis
2710 4732 3111 4807 Herbipolensis
3154 4736 3338 4793 situm.
3388 4738 3466 4795 Cf.
3509 4746 3549 4796 t.
3591 4743 3670 4812 11,

860 4831 917 4889 p.
1017 4823 1080 4891 6,
1113 4828 1226 4879 not.
1253 4827 1306 4879 4.

3787 3724 3835 3765 In
3857 3727 4036 3766 civitate

3785 3777 3857 3820 Hc
3864 3778 4017 3831 rbipoli
4029 3806 4044 3829 ,

3731 3831 3786 3874 2³
3823 3832 4093 3874 novembris.
