4842 5802
819 640 1022 701 hemer.
1055 639 1140 714 7.]
1722 630 2116 693 HISTORIA
2166 635 2746 699 DIPLOMATch.
3529 635 3652 699 659

927 1205 1296 1290 Henricus
1312 1265 1337 1317 ‚
1393 1186 1915 1317 Romanorum
1968 1229 2138 1308 rex,
2190 1204 2289 1309 ad
2342 1178 2909 1317 requisitionem
2953 1182 3249 1311 abbatis
3293 1207 3389 1295 de
3436 1164 3646 1316 Capffi'
3717 1218 4018 1327 Nussffim

829 1340 996 1449 pel,
1069 1336 1664 1422 Constantiensis
1727 1336 2089 1427 dioecesis
2113 1398 2139 1444 7
2195 1335 2624 1451 abbatissae
2677 1338 2774 1420 de
2836 1338 3144 1447 Turego.
3189 1339 3514 1431 mandati
3533 1412 3540 1421 ,
3556 1350 3647 1433 ut
3779 1332 3807 1368 ⁴
3825 1328 3958 1381 ’Μ

829 1472 1075 1554 eidem
1113 1469 1370 1553 abbati
1404 1468 1931 1553 molendinum
1982 1469 2190 1578 apud
2222 1469 2663 1578 Bontispuel
2708 1495 2885 1552 cum
2929 1470 3392 1580 quibusdam
3426 1474 3648 1556 terris

831 1604 1349 1713 adjacentibus
1386 1604 1532 1687 sub
1566 1604 1905 1712 quodam
1940 1611 2145 1685 certo
2188 1612 2265 1685 et
2310 1629 2568 1686 annuo
2611 1629 2844 1685 censu
2886 1604 2965 1683 in
3003 1614 3459 1711 perpetuum
3503 1630 3644 1687 re-

828 1736 1173 1845 linquere
1207 1735 1516 1841 debeat,
1555 1736 1661 1818 ita
1697 1745 1783 1817 ut
1824 1736 2076 1818 omnis
2128 1735 2635 1818 controversia
2676 1735 2873 1817 inter
2920 1736 3227 1817 eosdem
3273 1736 3638 1844 sopiatur.

994 1952 1335 2024 (Memorat.
1367 1957 1429 2011 et
1454 1955 1704 2011 extract.
1734 1966 1828 2026 ap.
1862 1950 2080 2010 Marna
2106 1965 2230 2009 von
2256 1950 2544 2024 Knomu,
2574 1950 2701 2010 loco
2728 1966 2890 2026 supr.
2921 1951 3113 2028 citat.,
3141 1966 3206 2026 p.
3239 1948 3365 2030 91.)

930 2136 1176 2208 Datum
1216 2134 1406 2231 apud
1434 2135 1892 2228 Nuremberg‚
1937 2135 1995 2206 11
2024 2154 2240 2207 nonas
2268 2135 2489 2225 junii,
2533 2132 2906 2207 indictione
2935 2124 3085 2206 vll.

1313 2451 1341 2461 ο
1352 2451 3135 2463 m———m--o—-ffl

942 2760 1311 2843 Henricus
1330 2818 1355 2866 ,
1434 2757 1959 2843 Romanorum
1981 2826 1987 2835 .
2006 2783 2143 2839 rex
2166 2816 2191 2864 ,
2266 2757 2811 2847 monasterium
2881 2758 2981 2841 de
3049 2756 3266 2839 Valle
3336 2756 3655 2841 Sanctae
3737 2777 4021 2889 nussffissae,

846 2893 1106 2977 Crucis
1150 2893 1444 2977 noviter
1479 2891 1887 2982 fundatum
1924 2888 2073 2976 sub
2101 2917 2263 2976 -sua
2307 2889 2614 3000 speciali
2657 2890 3119 3000 protectione
3161 2890 3463 3000 recipit,
3503 2917 3660 2974 una

842 3052 1016 3108 cum
1053 3026 1340 3108 nuntiis
1375 3041 1515 3134 pro
1550 3024 2121 3108 necessitatibus
2156 3023 2221 3133 ej
2230 3024 2498 3107 usdem
2535 3023 2635 3106 ad
2677 3023 3143 3134 colligendas
3161 3035 3170 3042 '
3188 3024 3661 3134 elemosynas

839 3158 1252 3241 mittendis,

1001 3373 1329 3451 (Ineditum
1355 3389 1431 3432 ex
1456 3372 1723 3450 originali
1749 3374 1814 3431 in
1840 3370 2082 3432 archivo
2109 3370 2577 3449 stuttgartensi.)

937 3560 1056 3645 Η.,
1106 3559 1231 3631 Dei
1266 3558 1482 3650 gratia
1520 3560 1976 3630 Romanorum
2020 3578 2147 3629 rex
2187 3566 2256 3628 et
2291 3578 2562 3652 semper
2593 3565 2968 3649 augustu8‚
3009 3557 3348 3629 universis
3385 3556 3656 3651 imperii

841 3680 1161 3753 fidelibus
1214 3682 1303 3753 ad
1359 3703 1539 3775 quos
1595 3701 1879 3775 presens
1938 3680 2267 3774 scriptum
2319 3678 2709 3774 pervenerit
2758 3680 3046 3772 gratiam
3097 3701 3295 3751 suam
3338 3688 3406 3750 et
3451 3700 3655 3756 omne

844 3802 1130 3876 bonum.
1172 3801 1641 3876 Adtendentes
1666 3802 1883 3897 ipsius
1910 3802 2198 3895 gratiam
2222 3802 2496 3896 pietatis
2525 3802 2595 3872 in
2623 3805 2734 3893 cuj
2743 3824 2825 3874 us
2851 3813 3026 3874 nutu
3056 3803 3276 3897 posita
3305 3814 3468 3876 sunt
3488 3805 3651 3876 uni-

848 3949 1072 4013 versa,
1116 3949 1158 3999 a
1194 3949 1335 4021 quo
1363 3928 1556 4021 regni
1588 3927 1860 3999 culmen
1887 3909 2326 4021 recepimus,
2385 3925 2738 4021 cupientes
2770 3925 2867 3996 illi
2896 3926 3139 3999 merito
3178 3929 3602 4022 complacere
3625 3983 3644 4018 ‚

842 4049 1012 4122 illud
1041 4071 1186 4123 non
1227 4049 1592 4121 minimum
1632 4071 1996 4122 censemus
2034 4049 2207 4122 inter
2248 4070 2463 4144 opera
2494 4049 2792 4122 caritatis
2824 4049 3189 4143 religiones
3228 4052 3541 4146 plantare
3584 4065 3654 4127 et

840 4174 1175 4266 plantatas
1218 4174 1291 4244 in
1342 4196 1469 4246 suo
1517 4175 1673 4265 jure
1716 4174 2080 4246 salubriter
2120 4174 2507 4247 confovere.
2559 4174 2736 4247 Hinc
2779 4184 2885 4248 est
2920 4175 3111 4270 quod
3144 4199 3268 4250 nos
3304 4181 3649 4252 novellam

841 4298 1328 4390 plantationem
1359 4320 1572 4393 quam
1597 4298 1882 4371 dextera
1910 4299 2245 4393 plantavit
2264 4298 2595 4370 Altissimi
2633 4299 2725 4372 de
2759 4301 2948 4372 Valle
2976 4303 3220 4373 Sancte
3244 4302 3478 4376 Crucis
3507 4303 3643 4401 (4),

842 4419 1099 4491 ordinis
1136 4422 1632 4512 cisterciensiS,
1677 4422 2057 4495 serenitatis
2084 4425 2285 4496 oculo
2316 4423 2844 4519 prospicientes,
2882 4423 2972 4497 ad
3000 4426 3392 4520 petitionem
3423 4428 3651 4502 dilec-

844 4610 987 4624 ———o

2282 4619 2389 4627 ..οφ

915 4723 986 4797 (l)
1025 4726 1234 4785 Scilicet
1255 4727 1743 4801 Heiliqkreuzthah
1764 4732 1918 4804 juxta
1947 4729 2272 4804 Riedlingen.

3782 2888 3983 2943 155111211.
4061 2883 4070 2889 ·
