4842 5802
1216 631 1341 692 920
2216 628 2647 691 rmnssnlcl
2697 627 3041 689 stentem
3664 629 3824 713 [Anu.
3862 631 4034 695 1236.

1227 765 1403 837 dicis
1439 763 1777 837 sententia
1827 762 2095 855 dejicit,
2135 763 2316 843 alios
2366 763 2684 836 substitui
2722 763 2840 854 jus
2892 762 3132 834 datum
3181 763 3424 835 celitus
3465 763 3839 837 interdicit.
3881 765 4045 838 Esto

1222 889 1414 983 quod
1451 888 1521 960 in
1557 887 1914 961 collatione
1960 885 2453 960 beneficiorum
2497 886 2948 959 morientibus
2983 885 3321 960 succedas
3359 896 3438 958 ut
3461 886 3635 960 dicis
3672 888 4039 984 episcopis,

1227 1013 1560 1104 maj0rem
1595 1010 1664 1081 in
1699 1010 1831 1084 boc
1874 1010 2041 1107 ipsis
2083 1033 2223 1083 non
2268 1009 2670 1105 adipisceris
2709 1019 3151 1105 potestatem,
3204 1031 3338 1083 nec
3366 1031 3493 1083 nos
3536 1012 3629 1084 ob
3671 1011 3746 1084 id
3787 1012 3913 1106 qui
3942 1013 4046 1085 eis

1225 1134 1624 1207 viventibus
1655 1134 1962 1207 conferre
2000 1131 2334 1205 beneficia
2366 1154 2507 1206 non
2542 1134 2784 1207 collata
2817 1133 3200 1228 potuimus,
3230 1135 3380 1224 jam
3408 1143 3477 1206 te
3506 1134 3733 1206 locum
3770 1142 4047 1206 tenente

1227 1279 1317 1330 ne
1343 1259 1656 1332 dicamus
1687 1268 2064 1353 usurpante
2093 1255 2464 1353 pontificis,
2489 1256 2858 1351 apostolice
2888 1256 3264 1329 amittimus
3291 1255 3786 1352 plenitudinem
3820 1265 4045 1350 potes·

1225 1380 1846 1455 tatis.Venerabilis
1878 1380 2160 1474 insuper
2192 1382 2404 1452 frater
2443 1388 2672 1453 noster
2701 1378 3243 1476 Cephaludensis
3279 1381 3667 1476 episcopus,
3704 1380 4044 1452 archidia-

1229 1528 1446 1580 conus
1476 1504 1944 1577 Salernitanus
1967 1512 2039 1576 et
2061 1504 2318 1576 Sorane
2344 1502 2641 1577 civitatis
2666 1502 2977 1591 ecclesie,
3019 1502 3189 1575 dum
3217 1525 3337 1576 eos
3365 1503 3459 1576 ad
3489 1525 3786 1577 examen
3818 1511 4046 1576 nostre

1229 1628 1796 1701 considerationis
1856 1626 2308 1718 adducimus,
2361 1648 2581 1722 quare
2648 1627 2759 1699 isti
2812 1626 3125 1722 perpetui
3178 1627 3372 1699 exilii
3429 1637 3498 1700 et
3548 1628 3663 1700 ille
3712 1634 4045 1723 perpetue

1230 1752 1576 1849 patiantur
1606 1752 1806 1824 ruine
1842 1750 2206 1845 dispendia
2236 1751 2675 1844 ignoramus,
2722 1750 2858 1822 nisi
2892 1750 3085 1843 quod
3121 1749 3288 1822 dum
3323 1759 3558 1823 contra
3594 1773 3833 1845 pacem
3869 1751 4045 1823 inter

1232 1885 1302 1947 te
1350 1898 1432 1947 ac
1468 1876 1839 1948 Ecclesiam
1882 1875 2313 1948 reformatam
2359 1874 2743 1970 spiritualia
2785 1874 2965 1946 sicut
3003 1874 3337 1947 secularia
3374 1874 3682 1966 judicas,
3720 1875 3888 1947 dum
3923 1895 4045 1947 eos

1227 2001 1350 2093 qui
1398 2020 1526 2072 suo
1559 1997 1842 2071 domino
1873 2007 2056 2071 stant
2092 2008 2213 2071 aut
2250 1998 2510 2070 cadunt
2538 2019 2677 2069 non
2716 1997 3070 2069 convictos
3100 2018 3231 2069 nec
3260 1999 3605 2071 confessos
3641 2020 3818 2093 pena
3854 1996 4044 2091 judi-

1228 2124 1415 2195 cium
1432 2123 1842 2216 preveniens
1873 2121 2286 2195 condemnat
2306 2120 2434 2217 (a),
2456 2120 2679 2194 divini
2697 2120 2945 2211 judicii
2974 2120 3294 2193 thronum
3331 2121 3729 2215 aggrederis
3760 2134 3828 2195 et
3856 2123 4043 2215 leges

1226 2247 1488 2342 quibus
1523 2246 1737 2340 digne
1778 2246 2204 2318 submittitur
2237 2245 2664 2339 principatus
2698 2266 2741 2316 a
2773 2243 2916 2315 lare
2952 2245 3173 2338 patrio
3209 2245 3495 2317 exulare
3529 2245 3906 2339 compellis.
3944 2247 4045 2318 De

1231 2371 1347 2443 illo
1377 2371 1500 2464 qui
1538 2394 1614 2444 se
1644 2370 2094 2443 Geracensem
2132 2368 2301 2441 dicit
2334 2368 2735 2463 episcopum
2769 2376 3074 2438 tacemus
3099 2366 3191 2439 ad
3216 2388 3524 2461 presens,
3559 2389 3767 2460 quem
3805 2367 4044 2440 electio

1227 2495 1559 2567 canonica
1610 2495 2047 2590 pretermissa
2104 2494 2216 2566 vel
2265 2515 2392 2588 per
2452 2491 2970 2588 impressionem
3033 2489 3273 2564 habita
3331 2491 3620 2564 ecclesie
3681 2490 4045 2564 Geracensi

1227 2618 1813 2690 matrimonialiter
1859 2618 2140 2713 alligare
2177 2637 2315 2688 non
2353 2616 2609 2712 potuit,
2646 2618 2847 2708 cujus
2884 2614 3304 2687 consecratio
3340 2616 3555 2688 forma
3586 2615 4047 2688 ecclesiastica

1225 2743 1404 2814 sicut
1455 2741 1707 2814 dicitur
1768 2739 2093 2813 destituta
2147 2762 2277 2812 nec
2327 2741 2462 2812 sibi
2515 2738 2994 2812 executionem
3043 2737 3250 2819 officii
3306 2739 3591 2810 contulit
3635 2760 3765 2812 nec
3814 2739 4044 2834 ipsum

1227 2866 1414 2938 illius
1473 2865 1762 2938 ecclesie
1809 2865 1922 2937 vel
1978 2864 2257 2938 alterins
2314 2865 2716 2962 episcopum
2771 2883 2923 2935 esse
2986 2862 3171 2935 fecit.
3221 2863 3511 2937 Vincula
3558 2883 3728 2936 vero
3778 2862 4047 2958 nepotis

1229 2990 1412 3082 regis
1448 2989 1689 3061 Tuneti
1735 2989 1794 3059 si
1829 3009 1912 3060 ea
1948 2998 2132 3060 recta
2166 2990 2315 3061 acie
2349 2987 2920 3063 considerationis
2950 2986 3359 3080 inspicereS,
3401 2987 3475 3058 in
3511 2995 3840 3081 quantam
3868 2986 4047 3077 J'uris

1230 3120 1302 3183 et
1337 3111 1558 3184 divini
1604 3110 1899 3182 nominis
1933 3111 2420 3184 contumeliam
2473 3109 2939 3206 compeditum
2991 3109 3276 3202 alligent
3328 3110 3532 3204 plene
3580 3110 3829 3200 scires3
3879 3109 4046 3203 quia

1233 3234 1521 3329 indigne
1557 3233 1884 3306 seductus
1930 3234 2280 3325 asseritur,
2317 3234 2443 3327 qui
2486 3233 2581 3306 ad
2629 3234 2936 3307 notitiam
2988 3254 3152 3305 vere
3199 3231 3365 3304 fidei
3398 3233 3629 3327 aliquo
3677 3232 4048 3307 inducente

1230 3361 1342 3433 vel
1365 3362 1506 3431 Deo
1533 3357 1760 3452 potius
1787 3358 2163 3452 inspirante
2192 3367 2514 3449 vocatur3
2551 3357 2720 3451 quin
2754 3357 2986 3452 potius
3016 3365 3351 3449 quantum
3384 3356 3826 3451 probationes
3852 3353 4045 3449 quod

1230 3492 1454 3578 preter
1504 3483 1834 3555 offensam
1882 3482 2067 3573 regis
2118 3481 2434 3574 ejusdem
2485 3490 2556 3554 et
2610 3500 2746 3553 non
2803 3479 3315 3551 circumventus
3364 3478 3457 3551 ad
3510 3499 3639 3552 nos
3694 3479 4048 3553 accederet

1226 3616 1630 3701 recepturus
1697 3606 2125 3701 baptismatis
2194 3612 2697 3678 sacramentum
2774 3602 3171 3699 expostulas
3194 3656 3215 3692 ,
3267 3613 3502 3698 aperte
3571 3603 3913 3695 colligitur
3977 3613 4050 3676 et

1227 3730 1440 3803 idem.
1475 3729 1671 3803 Clara
1708 3730 2077 3803 multorum
2118 3751 2292 3804 voce
2328 3729 2593 3802 utinam
2631 3748 2770 3800 non
2810 3726 3080 3799 dicatur
3109 3726 3302 3820 quod
3329 3727 3672 3822 apostolos
3713 3736 3783 3800 et
3829 3726 4047 3801 disci-

1226 3855 1432 3949 pulos
1468 3853 1776 3926 veritatis
1812 3874 1948 3926 non
1988 3855 2141 3925 sine
2177 3853 2485 3947 magistri
2515 3851 2766 3946 injuria
2793 3851 3155 3924 manifesta
3182 3851 3416 3922 innuis
3451 3850 3884 3937 seductores,
3920 3850 4042 3946 qui

1228 3977 1544 4050 inimicos
1578 3977 1803 4049 crucis
1842 3976 2089 4048 Christi
2142 3975 2234 4048 ad
2272 3977 2695 4071 agnitionem
2728 3974 2904 4048 lucis
2938 3984 3173 4047 eterne
3209 3974 3487 4048 monitis
3522 3974 3903 4047 invitarunt
3933 3995 4046 4047 sa-

1227 4101 1562 4173 lutaribus
1596 4108 1666 4172 et
1706 4100 2027 4172 invitant.
2062 4100 2151 4170 Et
2194 4121 2289 4171 ex
2332 4121 2417 4172 eo
2456 4098 2661 4172 tacite
2695 4100 2942 4171 asseris
2976 4119 3114 4170 non
3160 4097 3414 4173 debere
3451 4100 3595 4172 Deo
3632 4107 3871 4171 contra
3908 4098 4046 4170 ho-

1225 4226 1482 4298 minem
1536 4223 1844 4311 obediri,
1886 4222 2078 4317 quod
2111 4222 2374 4295 dictum
2409 4231 2726 4317 nepotem
2778 4222 3006 4295 credis
3047 4221 3372 4295 debuisse
3425 4223 3668 4318 prefati
3722 4221 3907 4314 regis
3956 4221 4047 4292 li-

1227 4349 1520 4422 centiam
1552 4346 1907 4443 prestolari
1926 4399 1946 4435 ,
1987 4368 2147 4418 cum
2193 4346 2320 4418 tibi
2371 4366 2511 4419 non
2545 4347 2748 4420 liceat
2795 4348 3109 4441 ignorare
3169 4348 3361 4441 quod
3407 4354 3636 4418 tantus
3687 4356 3796 4420 est
3848 4347 4047 4418 favor

1222 4471 1653 4567 baptismatis
1679 4480 1761 4543 ut
1790 4471 1997 4544 etiam
2030 4491 2268 4545 servos
2288 4522 2308 4561 ,
2344 4470 2526 4543 sicut
2555 4493 2598 4543 a
2617 4474 2790 4565 jugo
2816 4471 3151 4561 criminis,
3191 4472 3292 4544 sic
3327 4471 3562 4543 invitis
3600 4470 3900 4543 dominis
3937 4469 4047 4541 in-

1229 4593 1555 4667 fidelibus
1590 4604 1662 4668 et
1699 4615 1822 4667 eos
1862 4595 2174 4668 converti
2223 4593 2618 4667 nolentibus
2655 4615 2696 4667 a
2732 4603 2975 4669 catena
3014 4594 3275 4667 eximat
3332 4593 3707 4668 servitutis.
3771 4592 4046 4666 Utinam

1311 4734 1392 4816 (a)
1430 4737 1548 4815 Ap.
1575 4738 1868 4817 Baynald.
1894 4734 2261 4802 condemnas.
