4842 5802
1203 624 1326 687 894
2192 624 2622 690 anssmcl
2669 627 3015 690 ssscumm
3657 623 3813 709 [An.
3849 623 4021 687 12³6.

1206 767 1468 841 eontra
1505 756 1898 868 antiquam
1932 756 2359 844 libertatem
2395 762 2613 847 novis
2656 761 2989 846 collectis
3033 768 3110 843 et
3151 757 3509 870 precariis
3555 757 3834 842 amodo
3868 757 4028 841 im-

1207 900 1455 999 petere
1489 889 1884 974 desistant.

1367 1113 1616 1193 (Inedlt.
1659 1131 1737 1175 ex
1776 1130 2130 1193 pergamena
2161 1116 2434 1196 originali
2470 1119 2534 1178 ln
2564 1116 2838 1180 biblioth.
2877 1119 3041 1180 civit.
3089 1116 3473 1196 maguntinae
3490 1158 3509 1188 ,
3554 1117 3727 1194 cujus
3760 1113 4024 1193 sigillum

1447 1219 1662 1298 pei-nt.)

1302 1417 1736 1509 Fredericus,
1770 1416 1896 1491 Dei
1933 1418 2151 1511 gratia
2186 1418 2655 1493 Romanorum
2696 1421 3063 1515 imperator
3099 1440 3371 1515 semper
3409 1424 3787 1510 augustus,
3826 1417 4023 1488 Jeru-

1209 1546 1421 1617 salem
1471 1551 1543 1615 et
1595 1543 1846 1638 Sycilie
1895 1564 2052 1632 rex,
2107 1542 2518 1637 burcgravio
2572 1545 2662 1618 de
2701 1544 3097 1636 Frideberc,
3148 1544 3435 1617 sculteto
3488 1542 3580 1615 de
3615 1537 4019 1637 Oppeuhein

1210 1688 1474 1740 necnon
1527 1667 1874 1739 universis
1920 1666 2231 1739 officiatis
2272 1688 2396 1761 pro
2441 1675 2746 1763 tempore
2795 1668 3180 1740 constitutis
3230 1667 3303 1739 in
3349 1687 3645 1761 quorum
3694 1661 4020 1756 J'urisdic-

1214 1793 1396 1864 tioue
1417 1791 1599 1863 bona
1627 1791 1885 1863 civium
1909 1789 2469 1884 Maguntinorum
2495 1793 2625 1864 sita
2650 1801 2837 1880 sunt,
2862 1790 3185 1864 fidelibus
3210 1791 3384 1881 suis,
3412 1790 3700 1884 gratiam
3729 1809 3928 1860 suam
3951 1796 4021 1859 et

1205 1937 1412 1989 omne
1443 1915 1727 1987 bonum.
1763 1915 2025 1986 Tenore
2048 1915 2471 2007 presentium
2507 1929 2734 1989 vestre
2768 1914 3082 1989 fidelitati
3117 1916 3500 1988 innotescat
3536 1910 3729 2008 quod
3766 1912 4021 1985 consti-

1205 2039 1334 2111 tuti
1374 2060 1604 2111 coram
1650 2038 1852 2110 nobis
1895 2037 2083 2109 cives
2118 2038 2502 2130 Maguntiui
2534 2037 2776 2113 fideles
2806 2041 3017 2113 nostri
3066 2037 3542 2133 significarunt
3585 2037 3784 2110 nobis
3829 2034 4020 2131 quod

1204 2184 1364 2234 cum
1391 2163 1576 2235 bona
1610 2161 1914 2256 ipsorum
1958 2181 2098 2254 que
2133 2160 2205 2231 in
2252 2160 2499 2234 vestris
2527 2160 2786 2234 habent
2811 2160 3402 2253 jurisdictionibus
3442 2158 3570 2257 (a),
3610 2159 3701 2232 ab
3735 2159 4020 2255 antiquo

1204 2286 1292 2357 ab
1323 2286 1509 2357 omni
1546 2284 1758 2357 stiura
1785 2284 1887 2378 (l)
1921 2292 1990 2357 et
2012 2284 2324 2379 precaria
2351 2286 2633 2358 fuerunt
2662 2286 2879 2360 libera
2910 2295 2981 2358 et
3014 2295 3371 2381 exempta,
3406 2294 3477 2358 et
3506 2284 3812 2357 maxime
3846 2294 4018 2358 tem·

1205 2410 1492 2505 poribus
1530 2408 1854 2482 divorum
1877 2418 2327 2502 augustorum
2351 2409 2470 2482 avi
2503 2409 2717 2482 nostri
2743 2408 3067 2483 Friderici
3097 2421 3166 2482 et
3192 2408 3405 2505 patris
3438 2409 3654 2481 nostri
3686 2409 4015 2496 Heinrici,

1201 2536 1664 2606 Romanorum
1704 2532 2131 2625 imperatoris
2170 2532 2498 2605 memorie
2531 2533 2926 2625 recolende,
2958 2554 3086 2605 vos
3115 2533 3317 2606 novis
3346 2531 3647 2605 collectis
3681 2542 3749 2605 et
3778 2553 4019 2628 preca-

1204 2658 1324 2729 riis
1357 2658 1601 2730 eadem
1637 2656 1820 2728 bona
1867 2655 2194 2750 impetitis
2246 2663 2316 2728 et
2355 2657 2667 2748 vexatis;
2721 2656 3188 2752 supplicantes
3232 2640 3622 2728 celsitudini
3668 2665 3895 2729 nostre
3944 2666 4020 2728 ut

1207 2800 1323 2852 eos
1376 2779 1448 2850 in
1494 2777 1756 2851 eisdem
1797 2777 1998 2849 bonis
2041 2798 2280 2849 eorum
2327 2787 2564 2852 contra
2611 2777 2926 2852 eamdem
2980 2787 3328 2875 optentam
3374 2778 3756 2871 antiquitus
3799 2777 4021 2850 liber-

1204 2912 1411 2977 tatem
1453 2924 1592 2975 non
1640 2901 2184 2996 permitteremus
2229 2899 2558 2974 indebitis
2607 2904 3045 2976 exactionum
3098 2903 3590 2977 vexationibus
3644 2903 4011 2980 molestari.

1202 3029 1344 3099 Nos
1369 3028 1580 3120 igitur
1612 3025 1943 3097 habentes
1973 3033 2359 3119 respectum
2393 3028 2485 3100 ad
2515 3024 2749 3101 fidelia
2781 3028 3068 3100 servicia
3096 3027 3356 3100 civium
3393 3026 3853 3124 predictorum
3880 3051 4020 3124 que

1207 3151 1406 3223 nobis
1445 3149 1916 3222 exhibuerunt
1954 3147 2289 3221 hactenus
2332 3166 2569 3243 etque
2610 3154 2683 3222 in
2719 3162 2919 3224 antea
2964 3151 3353 3224 celsitudini
3395 3161 3625 3224 nostre
3662 3161 3732 3225 et
3770 3154 4018 3228 nostris

1204 3273 1577 3347 heredibus
1610 3281 1928 3368 poterunt
1966 3271 2343 3357 exhibere,
2374 3296 2613 3347 eorum
2652 3274 3271 3369 supplicationibus
3314 3275 3646 3368 inclinati,
3696 3275 3878 3349 hanc
3916 3277 4019 3349 eis

1202 3398 1488 3491 gratiam
1539 3396 1874 3470 duximus
1915 3395 2297 3468 faciendam
2336 3405 2412 3467 ut
2463 3400 2742 3492 antiqua
2802 3398 3113 3470 libertate
3154 3420 3294 3492 qua
3341 3398 3547 3470 etiam
3591 3400 4018 3496 temporibus

1199 3519 1543 3592 dictorum
1587 3518 1703 3591 avi
1745 3529 1814 3589 et
1847 3518 2057 3612 patris
2084 3517 2295 3590 nostri
2334 3517 2653 3593 divorum
2695 3533 3144 3614 augustorum
3191 3521 3300 3593 usi
3343 3533 3528 3614 sunt,
3569 3523 3746 3596 felici
3788 3533 4017 3597 nostro

1199 3653 1507 3737 tempore
1543 3642 1891 3735 gaudeant
1925 3651 1994 3714 et
2032 3651 2333 3716 utantur.
2377 3644 2806 3741 Quapropter
2841 3644 3151 3718 fidelitati
3187 3656 3414 3718 vestre
3448 3647 3857 3720 mandamus
3890 3646 4016 3718 fir-

1197 3767 1405 3839 miter
1459 3766 1911 3861 precipientes
1960 3766 2290 3857 quatinus
2332 3767 2609 3841 eosdem
2654 3769 2844 3841 cives
2887 3769 2977 3842 de
3027 3768 3353 3863 predictis
3408 3768 3605 3841 bonis
3651 3791 3888 3842 eorum
3941 3771 4011 3841 in

1193 3888 1447 3962 vestris
1496 3887 1919 3960 districtibus
1961 3886 2217 3960 habitis
2264 3898 2497 3964 contra
2549 3892 2900 3984 antiquam
2947 3891 3325 3965 libertatem
3360 3893 3648 3966 insolitis
3696 3901 3765 3966 et
3814 3893 4013 3968 novis

1191 4011 1676 4084 exactionibus
1720 4010 2026 4104 precarie
2061 4020 2131 4083 et
2176 4013 2385 4085 stiure
2415 4014 2665 4087 amodo
2700 4017 3028 4109 impetere
3053 4014 3417 4088 desistatis.

1291 4137 1541 4207 Datum
1585 4132 1777 4228 apud
1821 4134 2242 4227 Augustam,
2292 4155 2477 4208 anuo
2528 4135 2872 4209 dominice
2921 4138 3408 4212 incarnationis
3453 4140 3809 4213 millesimo
3862 4140 4010 4214 du-

1192 4257 1568 4333 centesimo
1605 4257 1948 4329 tricesimo
1985 4267 2210 4350 sexto,
2257 4280 2493 4332 mense
2519 4261 2706 4351 julii,
2739 4282 2918 4334 noue
2954 4262 3371 4336 indictionis.

1276 4432 1363 4514 (a)
1397 4434 1489 4497 lbl
1515 4437 1579 4496 ln
1603 4434 1875 4513 orlglnall
1898 4436 2182 4512 repetitur
2207 4451 2359 4514 quq
2383 4435 2545 4513 quod
2570 4436 2850 4499 abundat.

1269 4724 1342 4796 (⁴)
1379 4723 1696 4783 Germanice
1719 4731 1910 4798 stenar,
1936 4723 2123 4799 gallice
2147 4726 2333 4799 impar.
