4842 5802
898 601 1097 663 lumen
1128 600 1217 685 9.1
1812 600 2204 663 HISTORIA
2253 600 2837 663 DIPLOMATICA.
3607 605 3724 668 871

901 733 1252 827 nandum,
1295 733 1386 808 de
1430 756 1573 830 quo
1618 732 1887 809 firmam
1931 734 2127 832 potes
2178 735 2507 811 fiduciam
2559 757 2837 832 gerere,
2876 734 3067 830 quod
3101 757 3259 808 cum
3290 757 3333 809 a
3362 758 3438 811 se
3473 759 3603 812 sua
3646 749 3716 813 et

901 880 1068 932 suos
1108 868 1387 955 propter
1421 859 1645 932 Deum
1682 857 2111 935 abdicaverit
2156 870 2227 935 et
2265 861 2710 956 semetipsum
2747 859 2897 953 ejus
2939 859 3219 932 servitio
3261 860 3557 934 totaliter
3595 859 3720 936 de-

902 981 1188 1073 dicarit,
1242 980 1335 1055 ad
1391 1002 1476 1054 ea
1531 982 1895 1057 dumtaxat
1946 981 2250 1057 studebit
2300 983 2675 1079 procedere
2725 982 2982 1076 quibus
3041 981 3369 1055 honorem
3415 983 3720 1058 Ecclesie

900 1105 1113 1201 possit
1146 1126 1231 1178 ac
1258 1105 1529 1202 imperii
1567 1106 1960 1196 confovere,
1995 1106 2175 1180 sicut
2202 1128 2293 1180 ex
2327 1106 2548 1203 ipsius
2577 1104 2901 1202 operibus
2929 1105 3250 1199 colligere
3280 1107 3532 1201 poteris
3558 1108 3716 1180 evi-

901 1227 1183 1321 denter;
1218 1239 1288 1303 et
1333 1229 1389 1306 si
1424 1230 1547 1323 qui
1587 1229 1779 1302 aliud
1815 1241 2224 1325 suggerant,
2280 1230 2660 1326 imperialis
2693 1229 3103 1302 excellentia
3146 1228 3462 1303 auditum
3507 1230 3719 1304 male-

903 1353 1079 1426 volis
1126 1352 1516 1426 interdicat.
1555 1352 1860 1425 Tandem
1908 1374 2072 1427 vero
2117 1353 2360 1426 litteris
2413 1354 2552 1425 tuis
2586 1353 2913 1449 receptis,
2959 1353 3354 1447 petitionem
3395 1363 3583 1426 tuam
3628 1353 3719 1426 de

902 1477 1239 1550 mittendo
1282 1475 1374 1550 ad
1416 1486 1647 1572 partes
1685 1476 1871 1572 ipsas
1905 1477 2373 1551 venerabilem
2400 1478 2674 1551 fratrem
2722 1486 3027 1550 nostrum
3079 1476 3526 1572 patriarcham
3570 1476 3717 1550 An-

906 1599 1338 1691 tiocheuum,
1398 1609 1677 1695 propter
1732 1622 1815 1672 ea
1857 1621 1998 1694 que
2041 1601 2479 1696 premisimus
2531 1600 2972 1694 nequivimus
3022 1599 3386 1673 exaudire.
3433 1597 3545 1672 Ad
3588 1598 3718 1673 hec

903 1745 1064 1796 cum
1097 1723 1467 1820 plurimum
1507 1723 1748 1796 honori
1785 1732 1905 1797 tuo
1940 1724 2271 1819 expedire
2306 1724 2625 1797 credatur
2659 1732 2736 1794 ut
2772 1722 3149 1796 adventum
3189 1732 3386 1795 tuum
3427 1722 3719 1795 dilectus

902 1846 1085 1922 filius
1120 1847 1442 1941 magister
1469 1847 1830 1943 hospitalis
1860 1849 2106 1921 Sancte
2133 1847 2348 1921 Marie
2381 1846 2957 1920 Thentonicorum
2987 1846 3535 1942 lerosolymitani
3565 1867 3721 1941 pre·

903 1972 1146 2064 cedat,
1203 1964 1679 2045 excellentiam
1728 1981 1918 2045 tuam
1973 1971 2392 2045 monendam
2449 1971 2783 2044 duximus
2829 1970 3154 2045 attentius
3194 1980 3263 2043 et
3306 1969 3720 2043 hortandam

901 2105 1243 2189 quatenus
1291 2097 1618 2189 magistro
1650 2096 2019 2189 inJungens
2059 2094 2287 2168 eidem
2331 2094 2526 2189 quod
2575 2094 2819 2167 faciem
2871 2104 3058 2166 tuam
3111 2093 3352 2167 itinere
3396 2093 3718 2166 festinato

903 2218 1310 2312 preveniens
1340 2219 1432 2292 ad
1460 2226 1763 2291 nostram
1789 2218 2028 2292 venire
2061 2218 2474 2313 presentiam
2505 2238 2643 2290 non
2679 2226 3067 2313 postponat,
3099 2217 3329 2311 ipsum
3354 2216 3715 2289 nobiscum

903 2341 993 2415 de
1027 2341 1163 2413 hiis
1198 2363 1337 2436 que
1367 2341 1460 2414 ad
1500 2342 1831 2414 honorem
1863 2340 2172 2413 Ecclesie
2210 2349 2279 2413 et
2317 2340 2587 2435 imperii
2635 2341 3018 2435 pertineant
3069 2349 3512 2413 tractaturum
3563 2339 3712 2412 sine

904 2464 1229 2538 dilatione
1266 2465 1684 2538 transmittas
1716 2463 1847 2560 (l).
1886 2462 2241 2537 Credimus
2277 2464 2490 2554 enim,
2539 2463 2597 2535 si
2638 2464 2882 2535 nostris
2916 2463 3116 2536 detur
3148 2473 3331 2536 stare
3378 2461 3707 2554 consiliis,

901 2609 986 2661 ea
1017 2610 1144 2662 nos
1178 2589 1323 2662 Deo
1356 2588 1732 2681 adjuvante
1770 2586 2175 2683 disponere,
2211 2588 2470 2681 quibus
2499 2586 2801 2659 confusis
2834 2588 3024 2683 pacis
3067 2588 3316 2661 emulis
3345 2587 3714 2661 concordia

903 2714 1078 2785 inter
1109 2712 1484 2786 Ecclesiam
1523 2722 1594 2784 et
1626 2711 1990 2807 imperium
2040 2712 2405 2784 reformata
2453 2710 3010 2785 indissolubiliter
3055 2711 3279 2785 valeat
3327 2713 3706 2787 observari.

999 2839 1251 2911 Datum
1283 2839 1700 2931 Interamne,
1735 2837 1825 2911 IV
1858 2836 2018 2910 idus
2046 2836 2274 2931 junii,
2317 2857 2500 2910 anno
2525 2834 2818 2910 decimo.

997 2960 1272 3035 Adsunt
1316 2963 1599 3059 insuper
1636 2959 1752 3058 (n¹⁸
1791 2963 1932 3032 ⁴05
1968 2970 2038 3034 et
2086 2959 2256 3055 ⁴06)
2301 2982 2459 3032 cum
2507 2960 2689 3032 notis
2744 2960 3244 3054 chronologicis
3292 2961 3553 3034 eisdem
3607 2963 3719 3033 lit-

903 3096 1090 3161 terae
1121 3085 1569 3182 Aquilegensi
1606 3094 1677 3158 et
1711 3084 2047 3159 Gradensi
2086 3082 2517 3180 patriarchis,
2554 3082 3074 3173 Mediolanensi,
3112 3085 3616 3159 Ravennatensi
3652 3095 3720 3160 et

903 3209 1233 3282 Januensi
1274 3209 1807 3304 archiepiscopis
1853 3228 2236 3300 eorumque
2280 3205 2762 3300 suffraganeiS,
2807 3206 3159 3301 Papiensi,
3208 3207 3602 3282 Placentino
3653 3221 3723 3283 et

901 3334 1318 3406 Ferrariensi
1375 3332 1751 3428 episcopis,
1789 3332 2195 3421 abbatibus,
2238 3331 2583 3427 prioribus
2612 3341 2680 3403 et
2714 3331 2997 3404 caeteris
3039 3352 3164 3426 per
3207 3332 3334 3403 has
3370 3332 3720 3406 dioeceses

906 3450 1291 3521 constitutis
1325 3452 1679 3545 praelatis,
1727 3451 1891 3521 item
1923 3450 2273 3523 nobilibus
2298 3460 2368 3522 et
2403 3450 3007 3522 communitatibus
3051 3472 3174 3545 per
3209 3451 3716 3539 Lombardiam,

911 3571 1282 3644 marchiam
1317 3573 1742 3643 Tervisinam
1788 3581 1857 3644 et
1900 3572 2376 3644 Romaniolam
2428 3571 2813 3644 constitutis
2850 3571 3190 3659 directae,
3231 3574 3488 3667 quibus
3540 3596 3724 3669 papa

851 3715 864 3721 ·
906 3694 1305 3790 episcopum
1337 3695 1809 3767 Prenaetinum
1839 3717 1883 3768 a
1918 3716 1994 3767 se
2027 3716 2184 3766 cum
2216 3695 2465 3788 plenae
2497 3693 2858 3787 legationis
2892 3695 3117 3768 officio
3146 3717 3269 3790 pro
3307 3695 3475 3792 pace
3508 3699 3719 3770 refor-

907 3817 1163 3891 manda
1194 3818 1484 3890 missum
1519 3818 1814 3889 nuntiat.

982 4175 1055 4250 (4)
1091 4175 1257 4234 Panlo
1279 4181 1404 4233 ante
1420 4217 1436 4247 ,
1465 4176 1666 4235 scilicet
1693 4179 1726 4235 4
1752 4177 1916 4251 junii,
1943 4178 2196 4250 magistro
2219 4178 2499 4253 hospitalis
2524 4179 2967 4239 Thentonicorum
2992 4196 3135 4256 papa
3169 4183 3458 4256 scripserat
3482 4188 3543 4240 ut
3570 4184 3638 4239 ad
3664 4199 3725 4241 se

905 4275 1116 4331 veniret
1135 4274 1205 4331 de
1223 4289 1358 4348 pace
1380 4274 1521 4332 inter
1535 4274 1829 4333 Ecclesiam
1855 4280 1912 4333 et
1933 4274 2221 4349 imperium
2242 4282 2585 4335 tractaturus.
2613 4277 2801 4352 Incipit
2822 4295 2836 4334 ε
2858 4278 2939 4336 Ab
2957 4278 3164 4337 arbore.
3188 4281 3377 4338 Datum
3402 4281 3702 4338 Interamna
3714 4323 3729 4353 ,

908 4369 958 4426 11
984 4384 1157 4428 nonas
1178 4369 1336 4444 junii.
1358 4369 1536 4428 Indo-v
1563 4372 1719 4445 epist.
1741 4371 1958 4444 Groyor.
1984 4371 2094 4442 IX,
2117 4386 2260 4430 anno
2279 4372 2355 4444 X,
2382 4382 2447 4430 n⁰
2470 4376 2594 4432 ⁴04.
