4842 5802
847 659 1047 717 lxnrcr.
1084 655 1207 731 10.]
1733 652 2141 717 ffls'roma
2188 656 2772 720 DIPLOMATICA.
3552 656 3666 717 931

845 796 1044 883 reges
1070 798 1138 861 et
1173 787 1490 861 dominos
1525 786 1902 882 adoptatis,
1936 797 2006 860 et
2044 789 2334 864 fideliter
2368 791 2706 886 acquisita
2742 791 3224 880 defenderent,
3257 799 3326 862 et
3355 791 3661 863 virtuose

846 915 1183 1008 subjicere
1211 913 1502 1008 populos
1526 912 1856 986 barbaros
1883 923 2315 987 conarentur.
2349 917 2436 988 Et
2459 916 2729 989 licetex
2756 925 3126 988 memorate
3151 914 3426 987 virtutis
3448 915 3663 987 initiis

844 1036 1755 1133 progenitorum'fecundata
1787 1047 2173 1111 nostrorum
2200 1041 2368 1113 satis
2396 1040 2697 1113 extiterit
2725 1061 3052 1133 generosa
3084 1040 3449 1133 plantati03
3481 1040 3662 1112 hanc

844 1166 1074 1235 tamen
1112 1164 1245 1235 sub
1276 1163 1638 1235 creationis
1678 1183 1859 1234 nove
1898 1163 2318 1258 propagine,
2356 1186 2497 1258 que
2533 1163 2969 1235 nascentibus
3002 1163 3073 1234 in
3113 1183 3326 1257 regno
3362 1163 3654 1252 coaluit,

845 1309 974 1361 nec
1019 1289 1407 1361 inferiorem
1451 1288 1787 1362 industria
1832 1288 2176 1362 credimus
2234 1309 2365 1361 nec
2409 1288 2814 1361 strenuitate
2859 1287 3219 1360 minorem.
3262 1288 3442 1360 Sane
3500 1308 3659 1359 cum

844 1420 1094 1484 etatem
1125 1421 1425 1485 nostram
1455 1412 1692 1485 divina
1721 1412 2022 1508 potentia
2059 1421 2245 1485 tanta
2271 1412 2590 1484 felicitate
2621 1411 2962 1485 dotaverit
2996 1419 3075 1482 ut
3107 1409 3198 1482 ad
3229 1432 3463 1504 regem
3489 1431 3659 1484 ves-

847 1545 1028 1607 trum
1055 1545 1283 1608 vestre
1311 1535 1701 1608 dilectionis
1729 1536 1900 1608 lacte
1931 1536 2263 1608 nutritum
2292 1546 2361 1609 et
2394 1537 2644 1608 vestris
2678 1535 3015 1607 uberibus
3036 1534 3445 1607 ablactatum
3465 1588 3482 1622 ,
3522 1535 3661 1606 Ro-

852 1659 1037 1731 mani
1083 1660 1355 1732 culmen
1403 1659 1670 1755 imperii
1716 1659 1946 1732 celesti
2000 1659 2284 1732 consilio
2327 1659 2784 1754 pervenisset,
2841 1678 2969 1730 vos
3009 1666 3287 1730 strenue
3329 1658 3659 1731 bellantes

847 1784 1187 1878 cumipse
1219 1783 1309 1856 ad
1342 1783 1851 1877 subjugandam
1888 1783 2021 1854 sibi
2056 1782 2320 1877 perfide
2346 1782 2736 1855 rebellionis
2763 1781 3159 1866 audaciam,
3197 1782 3382 1854 vires
3411 1792 3481 1855 et
3511 1782 3661 1854 ani-

848 1927 997 1978 mos
1032 1906 1520 2000 assumpsistis.
1565 1905 1909 2000 Cumque,
1949 1906 2203 1978 collisis
2239 1908 2611 1978 multorum
2647 1907 3028 2000 potentium
3066 1906 3334 1978 viribus
3369 1907 3492 2000 qui
3524 1926 3661 1978 non

849 2030 1050 2100 nobis
1071 2083 1090 2117 ,
1129 2030 1271 2100 imo
1304 2027 1549 2101 divino
1578 2028 1844 2120 judicio
1876 2039 2178 2102 nostram
2206 2030 2556 2123 justiciam
2587 2029 2948 2123 dirigenti,
2990 2029 3347 2102 temerarie
3381 2030 3663 2102 resiste-

846 2152 1047 2234 bant,
1079 2153 1169 2226 ad
1197 2153 1644 2226 obtinendam
1674 2154 1961 2226 Romani
1989 2153 2257 2247 imperii
2290 2152 2754 2225 monarchiam
2780 2206 2798 2240 ,
2832 2153 3024 2224 Italie
3049 2152 3351 2246 quedam
3383 2154 3660 2226 factiosa

847 2277 1192 2363 collectio,
1236 2278 1426 2349 velut
1459 2278 1527 2348 in
1557 2278 1875 2371 granario
1909 2277 2147 2349 lolium
2181 2287 2251 2349 et
2290 2276 2585 2371 putredo
2624 2277 3023 2349 remanserit
3051 2277 3123 2347 in
3149 2277 3455 2368 sentina3
3509 2298 3657 2367 nos,
3720 2368 3745 2377 ,

849 2400 939 2472 ad
982 2402 1182 2494 cujus
1219 2401 1805 2494 expugnationem
1848 2401 2159 2473 animosa
2205 2400 2572 2473 Germania
2611 2400 2812 2494 plene
2855 2400 3101 2472 nostris
3145 2399 3462 2495 exposita
3504 2422 3666 2473 ma·-

848 2525 1058 2595 nibus
1107 2546 1183 2597 se
1217 2525 1383 2597 satis
1426 2525 1713 2597 viriliter
1763 2533 1832 2597 et
1869 2533 2188 2619 potenter
2229 2524 2568 2618 accingit,
2618 2532 2939 2619 expertes
2985 2544 3115 2595 vos
3162 2532 3351 2596 tante
3384 2525 3669 2597 victorie

846 2650 991 2721 fore
1018 2669 1153 2721 non
1191 2649 1521 2740 sinimus,
1565 2669 1695 2721 nec
1714 2648 2114 2741 judicamus
2156 2649 2517 2742 indignos,
2560 2648 2866 2720 maxime
2899 2668 3059 2718 cum
3100 2647 3446 2720 credimus
3474 2648 3667 2743 quod

849 2774 1029 2845 inter
1057 2773 1265 2845 totius
1302 2771 1575 2868 imperii
1610 2774 1820 2845 nostri
1861 2772 2200 2867 presidia,
2240 2771 2632 2845 hereditarii
2672 2772 2867 2864 regni
2899 2772 3111 2843 nostri
3143 2772 3346 2844 nobis
3382 2772 3668 2845 effectus

845 2897 1146 2971 lucidius
1189 2897 1440 2970 debeat
1474 2920 1841 2993 apparere,
1888 2920 2019 2971 nec
2059 2898 2561 2970 successionem
2598 2906 2901 2969 nostram
2932 2895 3406 2991 generositatis
3439 2919 3481 2969 a
3510 2897 3669 2990 jure

843 3024 944 3096 sic
973 3023 1298 3095 volumus
1330 3022 1586 3094 habere
1615 3019 2066 3116 degenerem,
2102 3031 2179 3092 ut
2215 3021 2306 3094 ad
2334 3019 2817 3094 conterendam
2854 3019 3217 3115 perfidiam
3248 3020 3666 3093 Lombardo·

841 3170 998 3218 rum
1031 3169 1161 3219 vos
1194 3156 1557 3241 parentum
1594 3154 1978 3219 vestrorum
2023 3144 2318 3238 vestigia
2356 3143 2688 3237 subsequi
2740 3164 2875 3216 non
2920 3143 3146 3216 velitis
3187 3152 3257 3217 et
3296 3141 3661 3238 Aphricam

842 3275 966 3339 aut
1009 3268 1181 3339 alias
1220 3278 1494 3339 exteras
1529 3265 1844 3338 nationes
1883 3263 2445 3359 predecessorum
2488 3273 2876 3336 nostrorum
2916 3284 3104 3337 more
3154 3262 3396 3336 ditioni
3435 3273 3663 3337 nostre

841 3389 1217 3480 subjicere,
1253 3389 1376 3482 qui
1412 3410 1502 3460 ne
1531 3388 1700 3459 dum
1737 3389 2006 3460 fortune
2050 3396 2316 3462 terrene
2349 3385 2775 3480 discrimina,
2817 3386 2942 3460 sed
2977 3395 3045 3458 et
3076 3387 3339 3460 marine
3375 3389 3660 3480 naviga-

843 3512 1050 3584 tionis
1073 3511 1403 3603 ambigua
1433 3520 1897 3581 tentaverunt.
1919 3511 1996 3580 In
2020 3511 2138 3582 illo
2162 3518 2636 3582 verumtamen
2662 3510 2970 3603 priorum
2996 3518 3384 3582 nostrorum
3413 3510 3566 3581 vias
3589 3520 3658 3582 et

849 3636 1129 3710 semitas
1167 3631 1501 3727 subsequi
1540 3632 1969 3721 devitamus,
2016 3634 2298 3728 quando
2329 3635 2768 3705 innumerosa
2812 3633 3252 3706 multitudine
3300 3633 3658 3736 sepissime

842 3779 1133 3851 regnum
1168 3756 1239 3828 in
1269 3755 1668 3828 hominibus
1699 3755 2126 3844 vacuabant,
2157 3777 2386 3827 rerum
2433 3775 2569 3826 non
2615 3755 2913 3825 contenti
2942 3754 3300 3847 subsidiis,
3340 3754 3465 3828 sed
3491 3754 3656 3829 fide-

843 3882 1009 3953 lium
1047 3900 1331 3973 corpora
1373 3877 1652 3948 remotis
1685 3877 2067 3971 plerunque
2096 3877 2364 3949 fortune
2395 3875 2779 3970 dispendiis
2811 3877 3247 3970 exponendo.
3289 3878 3541 3951 Verum
3576 3890 3653 3950 ut

840 4005 1145 4098 ipsorum
1193 3999 1479 4071 intentio
1526 3998 1716 4094 apud
1768 4019 1891 4071 nos
1939 3999 2385 4071 excusatione
2430 3992 2572 4069 non
2621 4009 2890 4086 careat,
2944 3999 3146 4070 nobis
3192 3998 3325 4072 hoc
3370 4022 3510 4073 non
3546 4012 3651 4075 est

838 4128 1298 4201 necessarium
1326 4176 1346 4214 ,
1407 4125 1584 4195 sicut
1633 4124 2094 4198 necessarium
2151 4133 2297 4225 era}
2350 4124 2487 4215 eis;
2549 4123 2800 4230 multas
2855 4143 3015 4195 nam
3069 4123 3270 4195 nobis
3320 4147 3650 4220 personas

837 4249 1200 4322 Germania
1236 4247 1609 4340 germinat,
1649 4267 1773 4341 per
1803 4225 1978 4340 quas
2009 4247 2210 4319 vobis
2236 4268 2516 4341 parcere
2544 4227 2940 4342 possumus,
2975 4268 3064 4317 ex
3098 4245 3353 4340 quibus
3379 4250 3480 4320 uti
3508 4250 3648 4348 de-

835 4376 1079 4448 bemus
1110 4394 1350 4447 secure
1385 4374 1460 4444 in
1499 4373 1751 4446 talibus
1797 4393 1932 4444 non
1977 4373 2254 4467 ignotis.
2310 4374 2563 4446 Tacere
2608 4382 3059 4445 veruntamen
3100 4373 3234 4444 hoc
3279 4373 3430 4446 sine
3472 4397 3644 4448 con-

835 4499 1130 4571 sciencie
1189 4497 1495 4593 pondere
1553 4517 1692 4568 non
1737 4518 2128 4591 possemus,
2179 4497 2370 4592 quod
2413 4498 2588 4570 inter
2632 4498 2803 4569 alios
2863 4519 3037 4591 quos
3086 4498 3285 4570 nobis
3334 4498 3644 4594 undique

836 4619 1073 4693 divine
1115 4620 1414 4714 potentie
1456 4619 1745 4692 dextera
1782 4620 2218 4715 subjugavit,
2264 4642 2589 4716 personas
2621 4631 2882 4693 vestras
2920 4621 3277 4692 nobiscnm
3320 4622 3643 4696 libentius

835 4744 1242 4816 haberemus
1277 4769 1294 4813 ε
1348 4751 1584 4838 utpote
1611 4743 1735 4838 qui
1767 4743 1857 4816 de
1889 4753 2115 4818 vestre
2146 4743 2773 4840 circumspectionis
2824 4742 3156 4815 industria
3192 4754 3261 4815 et
3296 4742 3435 4817 fide
3467 4770 3641 4841 pro-
