4842 5802
1782 611 2284 673 DOCUMENTA
2343 612 2660 673 SPURIA.
3511 614 3631 677 959

1047 754 1226 823 rium,
1243 750 1594 824 rescriptum
1611 752 1811 808 tamen
1828 754 1887 808 et
1907 748 2306 809 adulteratum
2332 746 2539 821 fuisse,
2564 753 2692 807 tum
2718 763 2794 807 ex
2819 748 3004 823 ipsius
3030 749 3250 808 tenoris
3265 747 3476 822 forma,
3495 755 3625 810 tum

1050 874 1129 917 ex
1167 857 1324 916 notis
1363 853 1786 931 chronologicis
1824 856 2161 915 asserimus.
2189 855 2283 915 Ex
2304 854 2478 914 Verci
2511 852 2696 931 (Scor.
2726 849 2868 932 deql.
2902 849 3135 928 Ecelin,
3170 860 3218 914 t.
3248 854 3331 929 11,
3359 870 3416 930 p.
3457 855 3619 933 108),

1044 961 1458 1023 tantummodo
1483 961 1874 1036 comperimus
1898 960 2168 1021 dominos
2190 960 2264 1020 de
2281 960 2581 1037 Dressino,
2604 959 2747 1019 dum
2764 959 3158 1019 marchionem
3184 960 3488 1021 Estensem
3510 961 3624 1023 sibl

1044 1067 1339 1128 offensum
1365 1065 1672 1138 haberent,
1702 1081 1740 1125 a
1763 1065 2002 1125 civitate
2039 1066 2304 1126 vicentia
2341 1066 2680 1142 secessisse,
2710 1080 2870 1124 anno
2904 1071 3052 1124 1236
3094 1064 3381 1143 ineunte.)

902 1253 1314 1343 Federicus,
1375 1250 1614 1325 divina
1670 1252 1947 1323 favente
2000 1251 2361 1323 clementia
2407 1252 2866 1323 Romanorum
2926 1251 3292 1347 imperator
3350 1276 3623 1352 semper

805 1387 1175 1472 augustus,
1240 1386 1309 1447 et
1361 1398 1490 1447 rex
1551 1374 1804 1448 Sicilie.
1862 1375 2237 1466 Majestatis
2295 1374 2662 1469 imperialis
2710 1376 3114 1470 precipuum
3170 1386 3274 1449 est
3321 1379 3624 1453 officium

806 1501 1045 1575 fideles
1097 1522 1262 1573 suos
1317 1500 1698 1594 privilegiis
1749 1498 2075 1572 decorare
2123 1509 2192 1570 et
2240 1497 2593 1571 beneficiis
2646 1499 2917 1571 afficere
2961 1499 3615 1590 munificentissime.

806 1627 1264 1713 Quamobrem
1297 1646 1456 1696 cum
1505 1624 1705 1695 nobis
1748 1622 1976 1695 dilecti
2011 1634 2080 1695 et
2106 1621 2345 1695 fideles
2377 1623 2631 1712 Ugutio
2663 1631 2733 1695 et
2769 1623 3131 1696 Zuffredus
3163 1624 3252 1697 de
3289 1627 3616 1719 Trissin0‚

803 1751 1125 1824 omnibus
1161 1748 1486 1845 periculis
1518 1749 1960 1841 contemptiS‚
1998 1748 2248 1819 nostris
2277 1748 2520 1820 litteris
2550 1745 2951 1820 obedientes
2996 1747 3089 1820 ad
3140 1770 3267 1821 nos
3308 1753 3623 1824 venerint

805 1887 874 1947 et
904 1876 1184 1970 egregia
1209 1873 1488 1946 servitia
1520 1871 1816 1945 diversis
1852 1871 2274 1965 temporibus
2309 1881 2450 1942 tam
2478 1871 2764 1965 predicti
2792 1893 2997 1965 quam
3029 1874 3320 1964 majores
3353 1875 3461 1945 sui
3498 1898 3623 1970 pro

806 2001 1161 2091 majestate
1192 1998 1481 2071 Romani
1516 1997 1784 2091 imperii
1816 1995 2174 2090 preliando
2218 2004 2495 2067 strenue
2541 2004 2611 2066 et
2655 1995 2933 2087 egregie
2984 1996 3462 2085 exhibuerint,
3503 2020 3622 2071 eo-

807 2144 960 2192 rum
1008 2121 1349 2214 insignem
1408 2120 1846 2193 devotionem
1910 2139 2075 2213 erga
2129 2119 2551 2213 imperialem
2603 2129 2905 2192 nostram
2961 2121 3383 2212 majestatem
3433 2142 3624 2194 com-

806 2265 1098 2339 pensare
1137 2242 1484 2315 convenit.
1523 2243 1690 2315 Cum
1734 2242 1946 2336 igitur
1985 2241 2196 2312 multa
2240 2240 2601 2335 privilegia
2646 2263 2876 2313 coram
2919 2242 3123 2314 nobis
3165 2243 3626 2336 produxerint

806 2390 942 2462 que
986 2391 1025 2439 a
1063 2365 1666 2463 predecessoribus
1719 2365 1968 2437 nostris
1999 2365 2285 2437 Romani
2319 2365 2513 2456 regni
2552 2364 3076 2459 imperatoribus
3111 2387 3430 2439 concessa
3473 2371 3622 2442 fue-

808 2501 965 2561 runt
997 2490 1209 2561 nobili
1245 2489 1503 2561 familie
1533 2488 1623 2562 de
1654 2488 1957 2560 Trissino
1992 2510 2033 2559 a
2064 2509 2205 2581 qua
2244 2487 2578 2580 originem
2611 2510 2811 2559 suam
2842 2487 3122 2578 habent,
3167 2499 3236 2561 et
3272 2493 3627 2585 presertim

807 2625 1084 2687 strenuo
1116 2624 1186 2689 et
1235 2614 1448 2686 nobili
1482 2613 1634 2685 viro
1668 2612 1947 2685 Nicolao
1985 2610 2075 2683 de
2117 2611 2418 2683 Trissino
2458 2611 2578 2704 qui
2610 2610 2962 2705 quondam
2997 2613 3338 2685 Vicentini
3386 2617 3626 2711 oppidi

806 2761 960 2811 cum
1021 2738 1448 2833 amplissima
1498 2746 1835 2832 potestate
1879 2735 2320 2808 dominorum
2378 2734 2651 2806 Henrici
2705 2744 2773 2807 et
2814 2735 3106 2809 Conradi
3163 2739 3626 2812 Romanorum

807 2865 1294 2959 imperatorum
1333 2860 1899 2958 predecessorum
1932 2868 2318 2933 nostrorum
2350 2859 2653 2932 vicarius
2687 2859 2841 2952 fuit,
2888 2860 3005 2934 illa
3044 2864 3275 2937 omnia
3316 2863 3407 2937 de
3446 2887 3630 2940 novo

804 2987 1293 3059 confirmamus
1339 2993 1410 3057 et
1444 2985 1847 3058 auctoritate
1880 2993 2107 3056 nostra
2149 3004 2593 3056 renovamus.
2637 2982 2870 3055 Castra
2901 2985 3107 3056 etiam
3151 2988 3383 3060 omnia
3426 2989 3632 3061 vallis

803 3133 941 3207 que
1007 3111 1260 3184 dicitur
1314 3109 1404 3182 de
1446 3108 1650 3203 Agno
1694 3107 1975 3181 ditionis
2006 3107 2406 3198 Vicentine,
2445 3130 2580 3202 que
2633 3109 2765 3180 sub
2814 3109 3293 3202 jurisdictione
3349 3114 3628 3187 suerunt

802 3236 1061 3308 strenui
1093 3233 1447 3328 quondam
1475 3234 1898 3307 Meliorantie
1925 3231 2015 3304 de
2044 3231 2369 3320 Trissino‚
2407 3231 2480 3302 in
2524 3241 2926 3328 perpetuum
2959 3233 3269 3329 predicto
3300 3238 3625 3328 Ugutioui

803 3369 872 3430 et
921 3358 1247 3431 Zuffredo
1302 3367 1371 3430 et
1416 3357 1560 3429 suis
1607 3355 2188 3429 descendentibus
2240 3357 2687 3430 concedimus
2729 3368 2799 3431 et
2839 3357 3211 3451 donamus,
3268 3363 3623 3455 presertim

805 3491 1104 3551 castrum
1157 3481 1537 3551 Trissinum
1585 3502 1746 3551 cum
1786 3489 1927 3552 tota
1978 3482 2179 3575 sylva
2226 3480 2621 3572 adjacente,
2665 3483 3212 3576 Quargnentam,
3262 3483 3624 3558 Cornetum

805 3612 873 3675 et
915 3602 1387 3696 Arcignanum
1423 3624 1564 3696 que
1607 3623 1649 3674 a
1699 3599 2075 3695 majoribus
2121 3603 2267 3674 suis
2305 3614 2692 3676 constructa
2730 3614 2800 3677 et
2842 3604 3160 3677 edificata
3203 3607 3419 3681 fuisse
3464 3631 3620 3681 cum

805 3727 1039 3798 multis
1084 3726 1239 3798 aliis
1283 3725 1595 3816 ejusdem
1640 3725 1840 3797 vallis
1881 3725 1970 3798 de
2012 3723 2215 3818 Agno
2269 3726 2625 3798 notissima
2679 3749 2790 3799 res
2849 3738 2988 3819 est,
3039 3729 3422 3822 obligantes
3472 3756 3624 3827 pre-

804 3849 1025 3922 dictos
1068 3857 1139 3919 et
1183 3868 1615 3920 successores
1646 3869 1810 3920 suos
1843 3846 1933 3920 ad
1975 3847 2387 3921 solvendum
2424 3849 2494 3920 in
2535 3870 2717 3922 anno
2748 3849 3057 3944 quolibet
3095 3873 3219 3946 pro
3248 3855 3459 3929 feudo
3491 3857 3621 3928 im-

803 3970 1041 4065 periali
1092 3990 1362 4043 camere
1399 3978 1629 4042 nostre
1674 3991 1938 4042 marcas
1982 3970 2284 4064 viginti.‘
2316 3970 2755 4043 Declaramus
2788 3972 2993 4043 etiam
3051 3974 3394 4067 predictos
3433 3979 3622 4073 Ugu-

803 4094 1057 4166 tionem
1090 4102 1160 4166 et
1185 4092 1578 4166 Zuffredum
1608 4115 1769 4165 cum
1799 4093 1945 4166 suis
1973 4093 2549 4166 descendentibus
2573 4095 2856 4168 comites
2883 4105 2953 4168 et
2975 4107 3246 4169 scutum
3271 4121 3618 4176 armorum

801 4218 1057 4291 familie
1090 4240 1218 4291 sue
1261 4218 1493 4312 aquila
1533 4218 1867 4313 imperiali
1916 4228 2233 4290 ornatum
2272 4238 2429 4291 esse
2478 4219 2835 4304 volumus;
2885 4219 3367 4295 authoritatem
3412 4226 3617 4299 etiam

802 4342 937 4414 illis
979 4342 1435 4416 concedentes
1469 4342 1772 4415 notarios
1800 4339 2082 4414 creandi
2120 4352 2188 4414 et
2220 4342 2613 4435 illegitimos
2643 4343 2736 4416 ad
2767 4365 3006 4416 omnes
3043 4354 3113 4417 et
3143 4368 3620 4445 quascumque

806 4464 1176 4560 dignitates
1212 4465 1648 4539 habilitandi.
1688 4466 1976 4561 Insuper
2011 4464 2284 4538 fidelem
2316 4465 2703 4560 predictum
2742 4467 3154 4560 Ugutionem
3201 4471 3292 4544 de
3323 4474 3619 4548 Trissiuo

806 4590 1240 4683 capitaneum
1277 4592 1601 4663 volumus
1645 4612 1796 4663 esse
1831 4590 2140 4686 equitum
2179 4590 2489 4662 omnium
2530 4590 2651 4682 qui
2696 4589 2788 4662 ad
2832 4591 3201 4686 imperialis
3248 4597 3623 4687 majestatis

805 4723 1036 4787 nostre
1090 4716 1472 4789 custodiam
1523 4714 1862 4810 designati
1910 4725 2096 4786 sunt.
2158 4715 2360 4787 Nulla
2404 4714 2616 4806 igitur
2671 4738 2960 4811 persona
2998 4717 3136 4790 alta
3186 4721 3301 4792 vel
3344 4719 3614 4818 infima,
