4842 5802
809 3891 1079 3946 [Bepardiac
1093 3923 1107 3946 ,

814 3947 1094 4000 septembrm

1174 695 1295 757 686
2211 694 2556 757 numme!
2606 692 2941 755 surrnss
3625 697 3783 781 [Anu.
3822 702 3995 767 1234.

1181 832 1369 927 cipes
1393 839 1685 923 nostros,
1718 829 1810 904 ad
1839 831 2056 927 pedes
2089 830 2466 927 imperialis
2486 829 2853 902 eminentie
2879 827 3195 902 misimus
3226 829 3495 924 iterato,
3539 835 4006 930 supplicantes

1181 952 1627 1028 devotissime
1655 955 1833 1049 patri
1871 964 2103 1028 nostro
2147 964 2227 1028 ut
2260 955 2645 1029 emulorum
2690 964 3076 1027 nostrorum
3120 953 3450 1028 relatibus
3502 956 3829 1031 credulus
3864 981 4003 1033 non

1179 1079 1485 1151 existens
1519 1077 1797 1151 filialem
1826 1077 2261 1152 devotionem
2290 1101 2332 1152 a
2356 1088 2635 1173 paterne
2661 1075 3047 1150 dilectionis
3071 1078 3290 1169 gratia
3311 1099 3450 1151 non
3475 1078 3829 1153 excludat.
3863 1083 4006 1155 Hec

1182 1204 1376 1275 salva
1412 1203 1631 1296 gratia
1667 1203 2082 1275 serenissimi
2112 1203 2326 1298 pat-ris
2360 1202 2577 1275 nostri
2613 1201 2821 1274 scribi
2854 1199 3146 1275 fecimus
3166 1222 3304 1275 non
3341 1202 3414 1274 in
3442 1204 3726 1278 modum
3757 1207 4004 1301 queri-

1181 1327 1410 1399 monie
1433 1335 1504 1397 et
1536 1327 1845 1419 querele,
1889 1326 2014 1399 sed
2049 1326 2405 1400 recitando
2432 1346 2519 1398 ea
2544 1326 2788 1399 leviter
2811 1333 2881 1397 et
2917 1323 3008 1397 de
3042 1325 3288 1419 plano;
3342 1335 3662 1421 rogantes
3696 1329 4001 1402 attentis·

1182 1448 1355 1522 sime
1389 1457 1459 1520 et
1494 1458 1852 1521 monentes
1884 1448 2321 1543 prudentiam
2356 1459 2547 1521 tuam
2578 1447 2671 1522 de
2691 1469 2832 1542 qua
2865 1447 3327 1522 indubitatam
3364 1448 3687 1525 fiduciam
3716 1451 4003 1525 obtine-

1181 1595 1374 1664 muS,
1417 1571 1609 1667 quod
1640 1583 1714 1645 tu
1746 1573 1953 1646 etalii
1987 1573 2329 1667 principes
2348 1626 2369 1662 ,
2409 1593 2570 1645 cum
2600 1571 2965 1666 imperium
2989 1573 3291 1646 maxime
3316 1574 3642 1648 consistat
3667 1576 3740 1647 in
3769 1576 3996 1663 vobis,

1184 1695 1364 1769 detis
1397 1697 1762 1770 consilium
1790 1706 2208 1793 oportunum
2246 1698 2542 1793 qualiter
2576 1697 2941 1793 imperium
2977 1705 3048 1769 et
3088 1698 3349 1772 subditi
3379 1699 3668 1795 imperio
3696 1701 3770 1773 in
3812 1710 4002 1773 tran-

1183 1821 1523 1914 quillitate
1548 1832 1616 1894 et
1641 1843 1811 1915 pace
1835 1832 2315 1918 permaneant,
2354 1832 2423 1895 et
2445 1820 2639 1916 quod
2667 1820 3143 1895 serenissimus
3169 1831 3361 1916 pater
3384 1832 3617 1896 noster
3645 1832 3717 1896 et
3746 1845 3871 1898 vos
3901 1824 4004 1897 sic

1185 1967 1312 2018 nos
1342 1944 1435 2018 ad
1472 1946 1772 2019 invicem
1802 1946 2115 2019 habeatis
2136 1946 2327 2041 quod
2353 1967 2494 2017 non
2519 1946 2743 2019 solum
2767 1945 2899 2039 ipsi
2930 1953 3000 2018 et
3023 1946 3258 2039 vobis,
3297 1946 3421 2020 sed
3450 1948 3656 2020 etiam
3677 1947 4004 2021 omnibus

1185 2070 1481 2143 subditis
1521 2070 1808 2165 imperio
1858 2069 2060 2143 cedat
2096 2069 2188 2143 ad
2226 2069 2665 2144 commodum
2713 2077 2784 2142 et
2815 2069 3179 2160 honorem,
3240 2079 3311 2141 et
3343 2069 3739 2164 supplicetis
3773 2069 4001 2143 eidem

1186 2215 1326 2266 uua
1352 2193 1715 2265 nobiscum
1738 2194 2090 2266 humiliter
2112 2204 2180 2266 et
2217 2194 2469 2267 devote
2492 2194 2682 2289 quod
2712 2193 3040 2266 bonorem
3063 2201 3397 2280 nostrum,
3431 2213 3639 2288 quem
3667 2193 3756 2268 de
3782 2195 4003 2289 gratia

1182 2317 1311 2390 Dei
1337 2318 1826 2412 omnipotentis
1847 2327 1916 2389 et
1951 2340 2080 2390 sua
2107 2318 2363 2391 habere
2383 2316 2835 2406 dinoscimur,
2859 2317 2930 2389 in
2950 2318 3141 2391 nullo
3165 2317 3506 2391 diminuat
3517 2319 3630 2390 vel
3659 2319 3996 2391 immutet.

1181 2442 1389 2514 Novit
1421 2463 1589 2514 vero
1627 2442 1741 2515 ille
1772 2443 1892 2536 qui
1931 2443 2101 2513 nihil
2134 2442 2410 2534 ignorat
2446 2450 2518 2514 et
2558 2442 2684 2536 qui
2720 2451 3057 2515 scrutator
3099 2442 3414 2516 cordium
3466 2451 3572 2514 est
3621 2452 3690 2514 et
3726 2463 3996 2532 rerum,

1187 2576 1525 2637 noverunt
1554 2576 1624 2638 et
1651 2565 2056 2640 Alamannie
2101 2567 2448 2662 principes
2490 2565 2836 2658 universi,
2892 2566 3281 2660 specialiter
3329 2566 3425 2637 illi
3482 2566 3603 2660 qui
3654 2565 3727 2637 in
3770 2574 4002 2639 nostro

1185 2692 1395 2763 latere
1417 2700 1580 2761 sunt
1608 2690 2034 2783 frequenter,
2076 2690 2266 2783 quod
2290 2697 2653 2784 postquam
2684 2711 2727 2761 a
2756 2698 2987 2762 tenera
3013 2698 3193 2764 etate
3219 2690 3630 2763 recessimus
3666 2686 3790 2789 [et]
3827 2691 4006 2763 inter

1186 2815 1445 2887 bonum
1483 2824 1551 2885 et
1580 2815 1876 2907 malum,
1914 2835 2173 2908 equum
2217 2823 2283 2885 et
2323 2813 2676 2908 iniquum,
2726 2813 2992 2905 justum
3031 2822 3100 2885 et
3130 2813 3502 2906 injustum,
3541 2814 3907 2886 honestum
3936 2823 4008 2886 et

1183 2939 1415 3011 minus
1445 2939 1809 3012 honestum
1848 2939 2242 3013 discernere
2285 2947 2719 3033 poteramus,
2755 2958 3113 3032 nunquam
3141 2937 3411 3031 aliquid
3437 2958 3677 3010 eorum
3715 2937 4005 3010 fecimus

1189 3083 1282 3134 ex
1312 3072 1495 3135 certa
1525 3064 1809 3136 scientia
1837 3064 1946 3136 vel
1972 3084 2066 3136 ex
2099 3062 2332 3136 animo
2359 3083 2499 3156 que
2526 3060 2858 3136 deberent
2882 3071 3165 3157 paterno
3195 3061 3470 3136 affectui
3499 3060 3860 3157 displicere
3883 3069 4005 3133 aut

1184 3186 1388 3259 etiam
1426 3209 1566 3281 que
1601 3186 1951 3261 offendere
1978 3195 2257 3281 possent
2292 3185 2802 3280 imperatoriam
2833 3185 3282 3278 maiestatem.

1281 3314 1532 3383 Datum
1560 3311 1751 3408 apud
1787 3311 2229 3404 Ezzelingen,
2272 3311 2362 3381 IV
2397 3330 2616 3384 nonas
2641 3309 3073 3406 septembris.

2148 3589 2393 3599 ...n-—oo

1292 3849 1451 3932 Rex
1522 3846 1916 3929 Heinricus
1980 3845 2404 3929 Bobardiae
2485 3853 2939 3928 conventum
3009 3845 3517 3954 quorumdam
3574 3845 4004 3956 principum

1188 3982 1497 4088 habuit,
1536 3979 1669 4061 ubi
1709 4005 1755 4061 a
1800 3979 2260 4090 quibusdam
2308 3977 2618 4061 nefariis
2673 3976 3078 4060 consilium
3131 3979 3415 4087 accepit
3465 3986 3551 4059 ut
3614 4004 3695 4061 se
3746 4005 4003 4088 oppo-

1189 4124 1401 4198 neret
1434 4111 1868 4221 imperatori
1903 4111 2102 4220 patri
2140 4137 2307 4193 suo.
2354 4110 2579 4209 Quod
2616 4119 2689 4192 et
2724 4108 2925 4192 fecit.
2968 4109 3162 4192 Nam
3199 4136 3293 4191 ex
3326 4119 3510 4192 tunc
3552 4112 3796 4218 coepit
3832 4110 4005 4194 sol-

1188 4250 1478 4332 licitare
1524 4270 2047 4356 quoscumque
2091 4243 2338 4352 potuit
2381 4242 2651 4351 miniS,
2689 4269 2910 4352 prece
2953 4253 3029 4325 et
3068 4242 3344 4353 pretio,
3406 4252 3492 4323 ut
3544 4242 3686 4325 sibi
3754 4243 4006 4326 assis-

1190 4391 1437 4464 terent
1471 4390 1735 4462 contra
1787 4386 2123 4486 patrem,
2181 4386 2256 4457 et
2306 4401 2464 4457 non
2509 4401 2794 4484 paucos
2846 4375 3154 4458 invenit.
3201 4374 3519 4457 Gonsru.
3568 4374 3830 4457 Coton.
3875 4402 3999 4485 ap.

1187 4515 1568 4621 Boanum,
1607 4520 1901 4605 Fontes,
1950 4519 2007 4590 t.
2051 4508 2148 4615 ll,
2188 4534 2267 4616 p.
2312 4511 2499 4592 566.
2531 4554 2641 4568 —
2671 4508 2830 4592 Hoc
2864 4509 3095 4590 etiam
3132 4534 3335 4590 anno
3371 4505 3653 4617 (1254)
3691 4518 3859 4591 orta
3895 4521 4011 4592 est

1190 4647 1567 4731 discordia
1603 4644 1798 4725 inter
1833 4643 2363 4751 imperatorem
2400 4648 2477 4723 et
2508 4639 2755 4723 filium
2793 4666 3019 4723 suum
3053 4640 3490 4723 Heinricum
3528 4667 3789 4752 regem
3809 4704 3833 4749 ‚
3873 4641 4006 4752 qui

1192 4778 1527 4862 consiliis
1584 4774 1918 4886 paternis
1991 4774 2468 4884 acquiescere
2538 4772 2807 4856 nolens
2831 4834 2854 4881 ,
2905 4772 3305 4856 manifeste
3367 4799 3449 4857 se
3500 4772 3569 4857 ei
3631 4799 4012 4883 opponere
