4842 5802
871 677 1070 738 Iunior.
1099 673 1186 752 8.]
1766 667 2156 729 nls'romA
2207 668 2788 733 DIPLOMATIGA.
3575 676 3692 735 723

874 810 1182 899 rusticis,
1223 808 1295 879 in
1322 803 1669 901 presentia
1705 802 2000 875 militum
2034 802 2334 875 Heinrici
2363 802 2456 875 de
2486 804 3007 900 Scharpheneke
3044 816 3113 880 et
3144 806 3267 879 filii
3300 807 3453 900 ejus
3481 809 3686 880 Hein-

874 935 997 1008 rici
1017 932 1347 1028 junioriS,
1407 928 1483 1001 C.
1521 927 1611 1001 de
1640 923 1870 1017 Rode,
1925 925 2312 1003 Baldewini
2363 926 2455 1000 de
2486 928 2819 1019 Nicastel,
2855 929 3117 1004 Ditheri
3170 931 3262 1004 de
3292 930 3679 1021 Queichen,

874 1055 1273 1152 supradicte
1298 1051 1586 1126 ecclesie
1611 1048 1924 1145 personis
1952 1057 2284 1145 perpetuo
2303 1049 2721 1145 possidenda
2738 1075 2897 1124 cum
2932 1054 3119 1126 omni
3145 1054 3301 1143 jure
3326 1075 3466 1149 quo
3495 1055 3688 1151 prius

874 1203 957 1254 ea
991 1176 1475 1276 possederam,
1530 1193 1804 1246 rursum
1857 1172 2322 1268 sollempniter
2377 1174 2830 1267 assignando,
2885 1183 3104 1248 totum
3160 1176 3413 1248 factum
3457 1199 3685 1250 meum

875 1300 1307 1377 confirmavi.
1367 1295 1672 1372 Tandem
1716 1295 1906 1391 apud
1943 1304 2239 1371 castrum
2294 1297 2726 1391 Spigelberc,
2784 1297 3090 1393 predicto
3137 1300 3225 1370 Η.
3285 1299 3376 1373 de
3428 1299 3690 1374 Sohar—

876 1424 1232 1522 phenecke
1279 1431 1349 1497 et
1397 1423 1690 1515 Hugone
1743 1419 1836 1492 de
1872 1418 2228 1493 Offinbach
2273 1429 2440 1492 tunc
2489 1420 2867 1515 burgi-avio
2905 1422 2979 1493 in
3026 1422 3425 1517 Spigelberc
3458 1443 3685 1497 coram

877 1550 1174 1645 glorioso
1198 1548 1664 1620 Romanorum
1689 1564 1856 1638 rege
1873 1543 2220 1636 Heinrico,
2254 1544 2432 1617 facto
2458 1566 2614 1619 meo
2646 1554 2715 1620 et
2740 1546 2883 1640 J'uri
2912 1547 3201 1621 ecclesie
3228 1549 3687 1622 testimonium

877 1672 1438 1770 perhibentibus,
1479 1666 1669 1745 idem
1695 1689 1824 1741 rex
1856 1677 1997 1741 tam
2037 1663 2289 1740 factum
2321 1678 2629 1743 nostrum
2661 1692 2872 1765 quam
2897 1671 3014 1765 jus
3037 1671 3326 1744 ecclesie
3361 1671 3595 1746 favore
3623 1685 3691 1745 et

881 1817 1168 1872 assensu
1205 1815 1335 1868 suo
1368 1792 1759 1883 roboravit,
1810 1801 1881 1867 et
1912 1791 2226 1886 predicto
2262 1793 2537 1887 Hugoni
2581 1794 2959 1890 bui-gravio
2989 1795 3081 1867 ab
3109 1796 3297 1868 omni
3335 1796 3596 1871 lesione
3624 1809 3694 1870 et

882 1920 1136 2014 injuria
1168 1917 1572 1992 auctoritate
1601 1917 1793 2014 regia
1828 1917 2164 1990 tuendum
2186 1916 2550 1991 commisit.

981 2045 1207 2139 Hujus
1238 2043 1338 2116 rei
1386 2051 1591 2115 testes
1634 2050 1797 2113 sunt
1834 2066 1853 2112 ε
1890 2040 2304 2114 venerabilis
2346 2040 2421 2113 C.
2475 2041 2839 2138 episcopus
2878 2041 3252 2138 Spirensis,
3307 2042 3699 2117 Hertwicus

889 2170 1290 2267 capellanus
1338 2167 1521 2258 ejus,
1585 2162 1973 2238 Fridericus
2026 2185 2257 2238 comes
2313 2164 2403 2242 de
2462 2165 2837 2261 Liningen,
2915 2164 3311 2239 Gerhardus
3353 2166 3700 2262 Sylvester

887 2314 1149 2386 comes,
1189 2290 1609 2363 Wernherus
1632 2287 1721 2361 de
1742 2287 2142 2361 Benlauden
2160 2342 2179 2377 ,
2219 2289 2520 2362 Wiricus
2544 2288 2634 2363 de
2664 2291 2891 2382 Dune,
2936 2290 3231 2363 Sifridus
3255 2290 3584 2363 scultetus
3610 2289 3700 2365 de

885 2421 1124 2509 Lutra,
1159 2427 1228 2489 et
1254 2416 1368 2488 alii
1399 2414 1869 2510 quamplures».

985 2543 1071 2616 Ut
1107 2551 1336 2614 autem
1368 2540 1497 2613 hec
1525 2538 1756 2610 omnia
1794 2536 1988 2609 firma
2020 2546 2091 2610 et
2118 2538 2373 2611 illibata
2405 2548 2883 2635 permaneant,
2936 2538 3180 2632 sigillis
3216 2537 3504 2633 predicti
3538 2538 3700 2633 Spi-

891 2665 1112 2738 rensis
1139 2663 1477 2759 episcopi,
1519 2661 1791 2734 abbatis
1824 2659 2098 2733 Uterine
2131 2662 2367 2754 vallis,
2428 2672 2659 2736 nostro
2689 2672 2756 2734 et
2780 2662 3040 2735 domini
3065 2663 3149 2733 H.
3186 2660 3275 2735 de
3311 2661 3701 2757 Scharphe-

891 2787 1107 2862 necke
1141 2786 1212 2857 in
1245 2785 1545 2881 presenti
1575 2784 1821 2857 cedula
1849 2795 2010 2857 sunt
2041 2784 2382 2858 roborata.

984 2911 1156 2985 Acta
1181 2919 1342 2984 sunt
1376 2910 1509 2984 hec
1532 2930 1718 2982 anuo
1745 2907 2091 2983 dominice
2121 2909 2609 2983 incarnationis
2633 2911 2725 2983 Μ’
2749 2909 2876 2982 CC⁰
2903 2909 3123 2983 ΧΧΧο
3143 2910 3228 2982 V‘
3260 2907 3321 3004 (l
3340 2909 3391 3003 ).

1331 3235 1374 3245 ..ο
1389 3235 1522 3243 ...ο-...-

993 3532 1402 3638 HenricuS,
1450 3532 1971 3616 Romanorum
2016 3558 2187 3639 rex,
2239 3541 2509 3615 notum
2555 3529 2734 3613 facit
2786 3528 2995 3639 quod
3039 3529 3390 3640 episcopo
3437 3529 3705 3614 Osna-

889 3661 1253 3774 burgensi
1296 3663 1551 3746 locum
1598 3664 1890 3773 argenti
1926 3663 2229 3746 fodinae
2281 3662 2361 3744 in
2405 3662 2718 3772 praedio
2762 3661 3117 3745 ecclesiae
3151 3660 3217 3771 ej
3224 3687 3353 3770 US,
3404 3660 3705 3771 Hiiggel

892 3807 967 3877 et
1014 3795 1575 3879 Stertenbrinke
1620 3796 1821 3886 dicto
1838 3857 1861 3902 ,
1910 3794 2055 3903 ipsi
2108 3805 2184 3878 et
2227 3794 2393 3905 ejus
2447 3793 3008 3878 successoribus
3061 3805 3136 3876 et
3189 3793 3545 3878 ecclesiae
3588 3793 3704 3876 ti-

894 3929 1054 4014 tulo
1107 3929 1428 4012 contulit
1478 3929 1762 4011 feudali
1798 3938 1873 4011 et
1906 3952 2171 4013 eorum
2225 3927 2608 4037 perpetuis
2645 3927 2913 4012 usibus
2947 3927 3363 4036 deputavit.

1051 4154 1247 4234 (Edit.
1285 4172 1383 4234 ap.
1424 4158 1668 4231 Messa,
1703 4153 1949 4219 ombr.
1983 4152 2207 4224 Gadi..
2258 4162 2317 4215 8·
2342 4170 2482 4234 pars
2507 4154 2781 4230 docum.,
2821 4162 2889 4214 n·
2920 4160 3057 4228 188,
3093 4152 3373 4231 descrlpt.
3417 4151 3494 4214 ab
3532 4152 3706 4216 Heu-

1128 4264 1302 4326 seler.
1331 4279 1407 4324 ex
1432 4261 1846 4343 autographo.)

1389 4468 2674 4483 —————----—„-———————-———-—

968 4600 1040 4674 (⁴)
1075 4601 1241 4659 Deest
1263 4603 1462 4660 notatio
1486 4602 1705 4660 mensis.
1740 4600 1959 4660 Minime
1984 4605 2164 4657 tamen
2196 4596 2550 4655 dubitandum
2588 4600 2706 4652 tum
2742 4608 2811 4652 ex
2836 4592 3040 4652 itineris
3070 4592 3277 4664 ordine,
3304 4597 3419 4651 tum
3447 4609 3513 4652 ex
3548 4611 3703 4671 prae·

894 4697 1064 4753 sentia
1094 4698 1348 4755 comitum
1374 4698 1443 4755 de
1466 4700 1756 4772 Leiningeu
1781 4704 1839 4757 et
1858 4696 2168 4772 sylvestris,
2204 4695 2334 4768 quin
2369 4693 2441 4750 ad
2474 4707 2716 4749 mensem
2759 4689 3010 4748 martium
3050 4696 3335 4748 exeuntem
3371 4691 3473 4749 hoc
3508 4692 3703 4752 iustru-

897 4800 1134 4852 mentum
1160 4795 1344 4852 referri
1373 4797 1583 4852 debeat.

3875 3548 4002 3604 Apud

3859 3603 4064 3655 pathein
4085 3633 4099 3656 ,

3848 3664 3869 3687 0
3894 3656 4063 3709 aprilis.
