<?xml version="1.0" encoding="UTF-8"?>
<!DOCTYPE html PUBLIC "-//W3C//DTD XHTML 1.0 Transitional//EN"
    "http://www.w3.org/TR/xhtml1/DTD/xhtml1-transitional.dtd">
<html xmlns="http://www.w3.org/1999/xhtml" xml:lang="en" lang="en">
 <head>
  <title>
</title>
<meta http-equiv="Content-Type" content="text/html;charset=utf-8" />
  <meta name='ocr-system' content='tesseract 3.04.00' />
  <meta name='ocr-capabilities' content='ocr_page ocr_carea ocr_par ocr_line ocrx_word'/>
</head>
<body>
  <div class='ocr_page' id='page_1' title='image "./historiadiploma01degoog_0526.png"; bbox 0 0 4842 5802; ppageno 0'>
   <div class='ocr_carea' id='block_1_1' title="bbox 1142 666 3071 731">
    <p class='ocr_par' dir='ltr' id='par_1_1' title="bbox 1142 666 3071 731">
     <span class='ocr_line' id='line_1_1' title="bbox 1142 666 3071 731; baseline -0.003 0"><span class='ocrx_word' id='word_1_1' title='bbox 1142 669 1264 731; x_wconf 81' lang='lat'><strong>998</strong></span> <span class='ocrx_word' id='word_1_2' title='bbox 2068 666 2325 725; x_wconf 82' lang='lat' dir='ltr'>INDEX</span> <span class='ocrx_word' id='word_1_3' title='bbox 2372 666 3071 727; x_wconf 74' lang='lat' dir='ltr'><strong>DOCUMENTOMJM.</strong></span> 
     </span>
    </p>
   </div>
   <div class='ocr_carea' id='block_1_2' title="bbox 1174 872 1404 950">
    <p class='ocr_par' dir='ltr' id='par_1_2' title="bbox 1174 872 1404 950">
     <span class='ocr_line' id='line_1_2' title="bbox 1174 872 1404 950; baseline -0.017 0"><span class='ocrx_word' id='word_1_4' title='bbox 1174 872 1404 950; x_wconf 76' lang='lat'><strong>1254</strong></span> 
     </span>
    </p>
   </div>
   <div class='ocr_carea' id='block_1_3' title="bbox 1155 994 4001 2427">
    <p class='ocr_par' dir='ltr' id='par_1_3' title="bbox 1155 994 3985 1170">
     <span class='ocr_line' id='line_1_3' title="bbox 1155 994 3985 1073; baseline -0.002 -9"><span class='ocrx_word' id='word_1_5' title='bbox 1155 1013 1231 1064; x_wconf 80' lang='grc'><strong>26</strong></span> <span class='ocrx_word' id='word_1_6' title='bbox 1263 1004 1425 1063; x_wconf 90' lang='lat' dir='ltr'><strong>maii.</strong></span> <span class='ocrx_word' id='word_1_7' title='bbox 1495 997 1852 1073; x_wconf 86' lang='lat' dir='ltr'><strong>Wimpinae.</strong></span> <span class='ocrx_word' id='word_1_8' title='bbox 1921 1025 2003 1040; x_wconf 91' lang='lat'>—</span> <span class='ocrx_word' id='word_1_9' title='bbox 2038 994 2128 1055; x_wconf 89' lang='lat' dir='ltr'><strong>De</strong></span> <span class='ocrx_word' id='word_1_10' title='bbox 2152 995 2520 1072; x_wconf 89' lang='lat' dir='ltr'><strong>plenitudine</strong></span> <span class='ocrx_word' id='word_1_11' title='bbox 2543 997 2773 1057; x_wconf 84' lang='lat' dir='ltr'><strong>consilii</strong></span> <span class='ocrx_word' id='word_1_12' title='bbox 2799 997 2915 1068; x_wconf 88' lang='lat' dir='ltr'><strong>sui,</strong></span> <span class='ocrx_word' id='word_1_13' title='bbox 2939 998 3267 1072; x_wconf 84' lang='lat' dir='ltr'><strong>praeposito</strong></span> <span class='ocrx_word' id='word_1_14' title='bbox 3295 1001 3355 1056; x_wconf 89' lang='lat' dir='ltr'><strong>et</strong></span> <span class='ocrx_word' id='word_1_15' title='bbox 3379 998 3699 1058; x_wconf 84' lang='lat' dir='ltr'><strong>conventui</strong></span> <span class='ocrx_word' id='word_1_16' title='bbox 3717 996 3790 1056; x_wconf 88' lang='lat' dir='ltr'><strong>de</strong></span> <span class='ocrx_word' id='word_1_17' title='bbox 3811 996 3985 1058; x_wconf 80' lang='lat' dir='ltr'><strong>Adel-</strong></span> 
     </span>
     <span class='ocr_line' id='line_1_4' title="bbox 2002 1091 3981 1170; baseline 0.002 -19"><span class='ocrx_word' id='word_1_18' title='bbox 2002 1091 2148 1170; x_wconf 81' lang='lat' dir='ltr'><strong>berg</strong></span> <span class='ocrx_word' id='word_1_19' title='bbox 2174 1109 2449 1153; x_wconf 89' lang='lat' dir='ltr'><strong>mansum</strong></span> <span class='ocrx_word' id='word_1_20' title='bbox 2476 1110 2667 1154; x_wconf 90' lang='lat' dir='ltr'><strong>unum</strong></span> <span class='ocrx_word' id='word_1_21' title='bbox 2693 1094 2854 1170; x_wconf 90' lang='lat' dir='ltr'><strong>apud</strong></span> <span class='ocrx_word' id='word_1_22' title='bbox 2880 1092 3227 1167; x_wconf 86' lang='lat' dir='ltr'><strong>Heilbronn,</strong></span> <span class='ocrx_word' id='word_1_23' title='bbox 3254 1092 3331 1152; x_wconf 87' lang='lat' dir='ltr'><strong>de</strong></span> <span class='ocrx_word' id='word_1_24' title='bbox 3351 1109 3473 1169; x_wconf 89' lang='lat' dir='ltr'><strong>quo</strong></span> <span class='ocrx_word' id='word_1_25' title='bbox 3500 1095 3805 1154; x_wconf 73' lang='lat' dir='ltr'><strong>annuatim</strong></span> <span class='ocrx_word' id='word_1_26' title='bbox 3822 1110 3981 1155; x_wconf 89' lang='lat' dir='ltr'><strong>mar-</strong></span> 
     </span>
    </p>

    <p class='ocr_par' dir='ltr' id='par_1_4' title="bbox 2003 1189 3984 1263">
     <span class='ocr_line' id='line_1_5' title="bbox 2003 1189 3984 1263; baseline 0.001 -14"><span class='ocrx_word' id='word_1_27' title='bbox 2003 1204 2135 1249; x_wconf 89' lang='lat' dir='ltr'><strong>cam</strong></span> <span class='ocrx_word' id='word_1_28' title='bbox 2161 1206 2345 1250; x_wconf 88' lang='lat' dir='ltr'><strong>unam</strong></span> <span class='ocrx_word' id='word_1_29' title='bbox 2366 1190 2483 1250; x_wconf 87' lang='lat' dir='ltr'><strong>sibi</strong></span> <span class='ocrx_word' id='word_1_30' title='bbox 2509 1191 2752 1251; x_wconf 87' lang='lat' dir='ltr'><strong>reddere</strong></span> <span class='ocrx_word' id='word_1_31' title='bbox 2777 1189 3069 1263; x_wconf 88' lang='lat' dir='ltr'><strong>solebant,</strong></span> <span class='ocrx_word' id='word_1_32' title='bbox 3094 1189 3340 1250; x_wconf 80' lang='lat' dir='ltr'><strong>confert.</strong></span> <span class='ocrx_word' id='word_1_33' title='bbox 3866 1200 3984 1251; x_wconf 78' lang='grc'><strong>654</strong></span> 
     </span>
    </p>

    <p class='ocr_par' dir='ltr' id='par_1_5' title="bbox 1157 1284 3988 1459">
     <span class='ocr_line' id='line_1_6' title="bbox 1157 1284 3988 1371; baseline -0.001 -20"><span class='ocrx_word' id='word_1_34' title='bbox 1157 1300 1232 1352; x_wconf 81' lang='grc'><strong>26</strong></span> <span class='ocrx_word' id='word_1_35' title='bbox 1267 1291 1428 1351; x_wconf 88' lang='lat' dir='ltr'><strong>maii.</strong></span> <span class='ocrx_word' id='word_1_36' title='bbox 1475 1284 1885 1371; x_wconf 89' lang='lat' dir='ltr'><strong>[Wimpinae.]</strong></span> <span class='ocrx_word' id='word_1_37' title='bbox 1929 1317 2006 1329; x_wconf 95' lang='lat'>—</span> <span class='ocrx_word' id='word_1_38' title='bbox 2044 1288 2266 1348; x_wconf 84' lang='lat' dir='ltr'><strong>Notum</strong></span> <span class='ocrx_word' id='word_1_39' title='bbox 2301 1287 2446 1348; x_wconf 79' lang='lat' dir='ltr'><strong>facit</strong></span> <span class='ocrx_word' id='word_1_40' title='bbox 2480 1287 2641 1364; x_wconf 87' lang='lat' dir='ltr'><strong>quod</strong></span> <span class='ocrx_word' id='word_1_41' title='bbox 2683 1289 2745 1346; x_wconf 90' lang='lat' dir='ltr'><strong>in</strong></span> <span class='ocrx_word' id='word_1_42' title='bbox 2776 1286 3005 1362; x_wconf 78' lang='lat' dir='ltr'><strong>judicio</strong></span> <span class='ocrx_word' id='word_1_43' title='bbox 3044 1302 3242 1347; x_wconf 89' lang='lat' dir='ltr'><strong>coram</strong></span> <span class='ocrx_word' id='word_1_44' title='bbox 3268 1303 3331 1346; x_wconf 83' lang='lat' dir='ltr'><strong>se</strong></span> <span class='ocrx_word' id='word_1_45' title='bbox 3358 1287 3548 1348; x_wconf 83' lang='lat' dir='ltr'><strong>Hallis</strong></span> <span class='ocrx_word' id='word_1_46' title='bbox 3583 1286 3783 1348; x_wconf 84' lang='lat' dir='ltr'><strong>habito</strong></span> <span class='ocrx_word' id='word_1_47' title='bbox 3811 1303 3988 1364; x_wconf 89' lang='lat' dir='ltr'><strong>super</strong></span> 
     </span>
     <span class='ocr_line' id='line_1_7' title="bbox 2004 1382 3988 1459; baseline 0.001 -16"><span class='ocrx_word' id='word_1_48' title='bbox 2004 1385 2406 1444; x_wconf 80' lang='lat' dir='ltr'><strong>controversia</strong></span> <span class='ocrx_word' id='word_1_49' title='bbox 2431 1400 2586 1459; x_wconf 87' lang='lat' dir='ltr'><strong>quae</strong></span> <span class='ocrx_word' id='word_1_50' title='bbox 2619 1384 2773 1444; x_wconf 90' lang='lat' dir='ltr'><strong>inter</strong></span> <span class='ocrx_word' id='word_1_51' title='bbox 2806 1382 2882 1444; x_wconf 86' lang='lat' dir='ltr'><strong>G.</strong></span> <span class='ocrx_word' id='word_1_52' title='bbox 2914 1384 3189 1444; x_wconf 84' lang='lat' dir='ltr'><strong>comitem</strong></span> <span class='ocrx_word' id='word_1_53' title='bbox 3216 1384 3291 1444; x_wconf 92' lang='lat' dir='ltr'><strong>de</strong></span> <span class='ocrx_word' id='word_1_54' title='bbox 3317 1385 3722 1445; x_wconf 80' lang='lat' dir='ltr'><strong>Loewenstein</strong></span> <span class='ocrx_word' id='word_1_55' title='bbox 3747 1391 3810 1445; x_wconf 88' lang='lat' dir='ltr'><strong>et</strong></span> <span class='ocrx_word' id='word_1_56' title='bbox 3841 1400 3988 1445; x_wconf 89' lang='lat' dir='ltr'><strong>con-</strong></span> 
     </span>
    </p>

    <p class='ocr_par' dir='ltr' id='par_1_6' title="bbox 2004 1479 3988 1558">
     <span class='ocr_line' id='line_1_8' title="bbox 2004 1479 3988 1558; baseline 0.001 -19"><span class='ocrx_word' id='word_1_57' title='bbox 2004 1486 2251 1540; x_wconf 84' lang='lat' dir='ltr'><strong>ventum</strong></span> <span class='ocrx_word' id='word_1_58' title='bbox 2299 1481 2373 1540; x_wconf 89' lang='lat' dir='ltr'><strong>de</strong></span> <span class='ocrx_word' id='word_1_59' title='bbox 2428 1480 2769 1558; x_wconf 79' lang='lat' dir='ltr'><strong>Madelberg</strong></span> <span class='ocrx_word' id='word_1_60' title='bbox 2823 1479 3160 1541; x_wconf 73' lang='lat' dir='ltr'><strong>vertebatur</strong></span> <span class='ocrx_word' id='word_1_61' title='bbox 3206 1480 3281 1540; x_wconf 87' lang='lat' dir='ltr'><strong>de</strong></span> <span class='ocrx_word' id='word_1_62' title='bbox 3335 1481 3643 1542; x_wconf 80' lang='lat' dir='ltr'><strong>advocatia</strong></span> <span class='ocrx_word' id='word_1_63' title='bbox 3684 1481 3882 1542; x_wconf 86' lang='lat' dir='ltr'><strong>curiae</strong></span> <span class='ocrx_word' id='word_1_64' title='bbox 3923 1483 3988 1541; x_wconf 87' lang='lat' dir='ltr'><strong>in</strong></span> 
     </span>
    </p>

    <p class='ocr_par' dir='ltr' id='par_1_7' title="bbox 2008 1575 3988 1657">
     <span class='ocr_line' id='line_1_9' title="bbox 2008 1575 3988 1657; baseline 0.001 -20"><span class='ocrx_word' id='word_1_65' title='bbox 2008 1575 2439 1638; x_wconf 86' lang='lat' dir='ltr'><strong>Churembercb</strong></span> <span class='ocrx_word' id='word_1_66' title='bbox 2459 1621 2476 1648; x_wconf 87' lang='lat'><strong><em>‚</em></strong></span> <span class='ocrx_word' id='word_1_67' title='bbox 2520 1579 2810 1638; x_wconf 88' lang='lat' dir='ltr'><strong>sancitum</strong></span> <span class='ocrx_word' id='word_1_68' title='bbox 2837 1577 2953 1637; x_wconf 73' lang='lat' dir='ltr'><strong>suit</strong></span> <span class='ocrx_word' id='word_1_69' title='bbox 2986 1583 3057 1638; x_wconf 92' lang='lat' dir='ltr'><strong>ut</strong></span> <span class='ocrx_word' id='word_1_70' title='bbox 3079 1580 3280 1638; x_wconf 87' lang='lat' dir='ltr'><strong>comiti</strong></span> <span class='ocrx_word' id='word_1_71' title='bbox 3304 1594 3481 1656; x_wconf 84' lang='lat' dir='ltr'><strong>super</strong></span> <span class='ocrx_word' id='word_1_72' title='bbox 3506 1577 3770 1639; x_wconf 72' lang='lat' dir='ltr'><strong>indebIta</strong></span> <span class='ocrx_word' id='word_1_73' title='bbox 3803 1579 3988 1657; x_wconf 89' lang='lat' dir='ltr'><strong>impe·</strong></span> 
     </span>
    </p>

    <p class='ocr_par' dir='ltr' id='par_1_8' title="bbox 2010 1675 3988 1751">
     <span class='ocr_line' id='line_1_10' title="bbox 2010 1675 3988 1751; baseline 0.001 -19"><span class='ocrx_word' id='word_1_74' title='bbox 2010 1675 2220 1734; x_wconf 88' lang='lat' dir='ltr'><strong>titione</strong></span> <span class='ocrx_word' id='word_1_75' title='bbox 2245 1675 2547 1734; x_wconf 85' lang='lat' dir='ltr'><strong>silentium</strong></span> <span class='ocrx_word' id='word_1_76' title='bbox 2572 1677 2993 1751; x_wconf 78' lang='lat' dir='ltr'><strong>imponeretur.</strong></span> <span class='ocrx_word' id='word_1_77' title='bbox 3874 1684 3988 1735; x_wconf 90' lang='grc'><strong>655</strong></span> 
     </span>
    </p>

    <p class='ocr_par' dir='ltr' id='par_1_9' title="bbox 1161 1770 3994 1947">
     <span class='ocr_line' id='line_1_11' title="bbox 1161 1770 3994 1849; baseline -0.001 -16"><span class='ocrx_word' id='word_1_78' title='bbox 1161 1782 1238 1838; x_wconf 79' lang='lat'><strong>29</strong></span> <span class='ocrx_word' id='word_1_79' title='bbox 1273 1774 1432 1833; x_wconf 84' lang='lat' dir='ltr'><strong>maii.</strong></span> <span class='ocrx_word' id='word_1_80' title='bbox 1598 1771 1777 1849; x_wconf 83' lang='lat' dir='ltr'><strong>Apud</strong></span> <span class='ocrx_word' id='word_1_81' title='bbox 1934 1800 2016 1814; x_wconf 92' lang='lat'>—</span> <span class='ocrx_word' id='word_1_82' title='bbox 2053 1770 2380 1847; x_wconf 85' lang='lat' dir='ltr'><strong>Burgravio</strong></span> <span class='ocrx_word' id='word_1_83' title='bbox 2416 1771 2491 1830; x_wconf 89' lang='lat' dir='ltr'><strong>de</strong></span> <span class='ocrx_word' id='word_1_84' title='bbox 2517 1770 2842 1848; x_wconf 82' lang='lat' dir='ltr'><strong>Friedberg</strong></span> <span class='ocrx_word' id='word_1_85' title='bbox 2867 1776 2928 1831; x_wconf 87' lang='lat' dir='ltr'><strong>et</strong></span> <span class='ocrx_word' id='word_1_86' title='bbox 2953 1770 3217 1831; x_wconf 82' lang='lat' dir='ltr'><strong>scultetis</strong></span> <span class='ocrx_word' id='word_1_87' title='bbox 3241 1771 3306 1830; x_wconf 90' lang='lat' dir='ltr'><strong>in</strong></span> <span class='ocrx_word' id='word_1_88' title='bbox 3332 1770 3725 1844; x_wconf 82' lang='lat' dir='ltr'><strong>Franckfurt,</strong></span> <span class='ocrx_word' id='word_1_89' title='bbox 3753 1771 3994 1832; x_wconf 87' lang='lat' dir='ltr'><strong>Wezlar</strong></span> 
     </span>
     <span class='ocr_line' id='line_1_12' title="bbox 1494 1867 3994 1947; baseline -0.001 -16"><span class='ocrx_word' id='word_1_90' title='bbox 1494 1870 1871 1947; x_wconf 81' lang='lat' dir='ltr'><strong>Wirzeburg.</strong></span> <span class='ocrx_word' id='word_1_91' title='bbox 2016 1873 2078 1927; x_wconf 90' lang='lat' dir='ltr'><strong>et</strong></span> <span class='ocrx_word' id='word_1_92' title='bbox 2112 1868 2489 1928; x_wconf 86' lang='lat' dir='ltr'><strong>Gelnhausen</strong></span> <span class='ocrx_word' id='word_1_93' title='bbox 2527 1877 2735 1928; x_wconf 89' lang='lat' dir='ltr'><strong>notum</strong></span> <span class='ocrx_word' id='word_1_94' title='bbox 2771 1868 2916 1929; x_wconf 79' lang='lat' dir='ltr'><strong>facit</strong></span> <span class='ocrx_word' id='word_1_95' title='bbox 2945 1885 3010 1928; x_wconf 88' lang='lat' dir='ltr'><strong>se</strong></span> <span class='ocrx_word' id='word_1_96' title='bbox 3038 1867 3187 1928; x_wconf 85' lang='lat' dir='ltr'><strong>velle</strong></span> <span class='ocrx_word' id='word_1_97' title='bbox 3212 1874 3281 1928; x_wconf 92' lang='lat' dir='ltr'><strong>ut</strong></span> <span class='ocrx_word' id='word_1_98' title='bbox 3312 1868 3390 1928; x_wconf 92' lang='lat' dir='ltr'><strong>ab</strong></span> <span class='ocrx_word' id='word_1_99' title='bbox 3414 1868 3659 1928; x_wconf 86' lang='lat' dir='ltr'><strong>ecclesia</strong></span> <span class='ocrx_word' id='word_1_100' title='bbox 3693 1868 3768 1928; x_wconf 87' lang='lat' dir='ltr'><strong>de</strong></span> <span class='ocrx_word' id='word_1_101' title='bbox 3800 1868 3994 1929; x_wconf 84' lang='lat' dir='ltr'><strong>Arns-</strong></span> 
     </span>
    </p>

    <p class='ocr_par' dir='ltr' id='par_1_10' title="bbox 2020 1963 3993 2041">
     <span class='ocr_line' id='line_1_13' title="bbox 2020 1963 3993 2041; baseline 0.002 -19"><span class='ocrx_word' id='word_1_102' title='bbox 2020 1963 2174 2041; x_wconf 82' lang='lat' dir='ltr'><strong>burg</strong></span> <span class='ocrx_word' id='word_1_103' title='bbox 2218 1964 2294 2023; x_wconf 91' lang='lat' dir='ltr'><strong>de</strong></span> <span class='ocrx_word' id='word_1_104' title='bbox 2339 1965 2513 2024; x_wconf 86' lang='lat' dir='ltr'><strong>bonis</strong></span> <span class='ocrx_word' id='word_1_105' title='bbox 2554 1967 2683 2040; x_wconf 75' lang='lat' dir='ltr'><strong>ejus</strong></span> <span class='ocrx_word' id='word_1_106' title='bbox 2719 1966 2783 2023; x_wconf 88' lang='lat' dir='ltr'><strong>in</strong></span> <span class='ocrx_word' id='word_1_107' title='bbox 2828 1981 3206 2041; x_wconf 85' lang='lat' dir='ltr'><strong>quocumque</strong></span> <span class='ocrx_word' id='word_1_108' title='bbox 3236 1980 3347 2025; x_wconf 86' lang='lat' dir='ltr'><strong>suo</strong></span> <span class='ocrx_word' id='word_1_109' title='bbox 3376 1964 3592 2041; x_wconf 88' lang='lat' dir='ltr'><strong>oppido</strong></span> <span class='ocrx_word' id='word_1_110' title='bbox 3630 1966 3993 2037; x_wconf 82' lang='lat' dir='ltr'><strong>constitutis,</strong></span> 
     </span>
    </p>

    <p class='ocr_par' dir='ltr' id='par_1_11' title="bbox 2019 2060 3995 2138">
     <span class='ocr_line' id='line_1_14' title="bbox 2019 2060 3995 2138; baseline 0.002 -19"><span class='ocrx_word' id='word_1_111' title='bbox 2019 2060 2184 2120; x_wconf 88' lang='lat' dir='ltr'><strong>nulla</strong></span> <span class='ocrx_word' id='word_1_112' title='bbox 2209 2063 2471 2137; x_wconf 85' lang='lat' dir='ltr'><strong>precaria</strong></span> <span class='ocrx_word' id='word_1_113' title='bbox 2495 2061 2590 2120; x_wconf 80' lang='lat' dir='ltr'><strong>vel</strong></span> <span class='ocrx_word' id='word_1_114' title='bbox 2615 2062 2846 2121; x_wconf 79' lang='lat' dir='ltr'><strong>exactio</strong></span> <span class='ocrx_word' id='word_1_115' title='bbox 2871 2063 3218 2138; x_wconf 87' lang='lat' dir='ltr'><strong>requiratur.</strong></span> <span class='ocrx_word' id='word_1_116' title='bbox 3878 2070 3995 2122; x_wconf 92' lang='grc'><strong>656</strong></span> 
     </span>
    </p>

    <p class='ocr_par' dir='ltr' id='par_1_12' title="bbox 1182 2156 3998 2336">
     <span class='ocr_line' id='line_1_15' title="bbox 1182 2156 3995 2238; baseline -0.001 -18"><span class='ocrx_word' id='word_1_117' title='bbox 1182 2170 1221 2222; x_wconf 86' lang='grc'><strong>4</strong></span> <span class='ocrx_word' id='word_1_118' title='bbox 1244 2160 1418 2238; x_wconf 72' lang='lat' dir='ltr'><strong>junii.</strong></span> <span class='ocrx_word' id='word_1_119' title='bbox 1597 2158 1782 2237; x_wconf 83' lang='lat' dir='ltr'><strong>Apud</strong></span> <span class='ocrx_word' id='word_1_120' title='bbox 1942 2188 2021 2202; x_wconf 91' lang='lat'><strong>--</strong></span> <span class='ocrx_word' id='word_1_121' title='bbox 2061 2156 2369 2217; x_wconf 80' lang='lat' dir='ltr'><strong>Advocato</strong></span> <span class='ocrx_word' id='word_1_122' title='bbox 2405 2163 2467 2217; x_wconf 90' lang='lat' dir='ltr'><strong>et</strong></span> <span class='ocrx_word' id='word_1_123' title='bbox 2503 2157 2894 2234; x_wconf 75' lang='lat' dir='ltr'><strong>burgensibus</strong></span> <span class='ocrx_word' id='word_1_124' title='bbox 2932 2157 3009 2217; x_wconf 91' lang='lat' dir='ltr'><strong>de</strong></span> <span class='ocrx_word' id='word_1_125' title='bbox 3043 2158 3274 2234; x_wconf 79' lang='lat' dir='ltr'><strong>Turego</strong></span> <span class='ocrx_word' id='word_1_126' title='bbox 3308 2156 3553 2217; x_wconf 89' lang='lat' dir='ltr'><strong>mandat</strong></span> <span class='ocrx_word' id='word_1_127' title='bbox 3585 2162 3654 2216; x_wconf 92' lang='lat' dir='ltr'><strong>ut</strong></span> <span class='ocrx_word' id='word_1_128' title='bbox 3697 2163 3995 2218; x_wconf 80' lang='lat' dir='ltr'><strong>monaste-</strong></span> 
     </span>
     <span class='ocr_line' id='line_1_16' title="bbox 1497 2252 3998 2336; baseline -0.004 -14"><span class='ocrx_word' id='word_1_129' title='bbox 1497 2258 1881 2336; x_wconf 80' lang='lat' dir='ltr'><strong>Nuremberg.</strong></span> <span class='ocrx_word' id='word_1_130' title='bbox 2018 2255 2174 2313; x_wconf 89' lang='lat' dir='ltr'><strong>rium</strong></span> <span class='ocrx_word' id='word_1_131' title='bbox 2202 2253 2277 2312; x_wconf 91' lang='lat' dir='ltr'><strong>de</strong></span> <span class='ocrx_word' id='word_1_132' title='bbox 2302 2253 2518 2330; x_wconf 88' lang='lat' dir='ltr'><strong>Cappel</strong></span> <span class='ocrx_word' id='word_1_133' title='bbox 2546 2269 2654 2329; x_wconf 86' lang='lat' dir='ltr'><strong>pro</strong></span> <span class='ocrx_word' id='word_1_134' title='bbox 2693 2252 2870 2312; x_wconf 96' lang='lat' dir='ltr'><strong>domo</strong></span> <span class='ocrx_word' id='word_1_135' title='bbox 2901 2252 3168 2330; x_wconf 81' lang='lat' dir='ltr'><strong>ejusdem</strong></span> <span class='ocrx_word' id='word_1_136' title='bbox 3207 2253 3368 2330; x_wconf 88' lang='lat' dir='ltr'><strong>apud</strong></span> <span class='ocrx_word' id='word_1_137' title='bbox 3402 2252 3704 2330; x_wconf 75' lang='lat' dir='ltr'><strong>Tui-egum</strong></span> <span class='ocrx_word' id='word_1_138' title='bbox 3729 2252 3998 2313; x_wconf 84' lang='lat' dir='ltr'><strong>libertate</strong></span> 
     </span>
    </p>

    <p class='ocr_par' dir='ltr' id='par_1_13' title="bbox 2018 2348 4001 2427">
     <span class='ocr_line' id='line_1_17' title="bbox 2018 2348 4001 2427; baseline 0.001 -19"><span class='ocrx_word' id='word_1_139' title='bbox 2018 2348 2138 2408; x_wconf 79' lang='lat' dir='ltr'><strong>frui</strong></span> <span class='ocrx_word' id='word_1_140' title='bbox 2164 2352 2509 2426; x_wconf 89' lang='lat' dir='ltr'><strong>permittant</strong></span> <span class='ocrx_word' id='word_1_141' title='bbox 2532 2365 2725 2427; x_wconf 82' lang='lat' dir='ltr'><strong>neque</strong></span> <span class='ocrx_word' id='word_1_142' title='bbox 2761 2351 2828 2408; x_wconf 88' lang='lat' dir='ltr'><strong>in</strong></span> <span class='ocrx_word' id='word_1_143' title='bbox 2865 2355 3061 2409; x_wconf 89' lang='lat' dir='ltr'><strong>steura</strong></span> <span class='ocrx_word' id='word_1_144' title='bbox 3087 2365 3270 2426; x_wconf 88' lang='lat' dir='ltr'><strong>quam</strong></span> <span class='ocrx_word' id='word_1_145' title='bbox 3307 2350 3515 2409; x_wconf 80' lang='lat' dir='ltr'><strong>civitas</strong></span> <span class='ocrx_word' id='word_1_146' title='bbox 3549 2351 3674 2426; x_wconf 82' lang='lat' dir='ltr'><strong>regi</strong></span> <span class='ocrx_word' id='word_1_147' title='bbox 3708 2355 4001 2426; x_wconf 84' lang='lat' dir='ltr'><strong>praestare</strong></span> 
     </span>
    </p>
   </div>
   <div class='ocr_carea' id='block_1_4' title="bbox 1176 2444 4009 3403">
    <p class='ocr_par' dir='ltr' id='par_1_14' title="bbox 2019 2444 3998 2523">
     <span class='ocr_line' id='line_1_18' title="bbox 2019 2444 3998 2523; baseline 0 -18"><span class='ocrx_word' id='word_1_148' title='bbox 2019 2444 2216 2517; x_wconf 88' lang='lat' dir='ltr'><strong>debet,</strong></span> <span class='ocrx_word' id='word_1_149' title='bbox 2246 2446 2403 2505; x_wconf 89' lang='lat' dir='ltr'><strong>idem</strong></span> <span class='ocrx_word' id='word_1_150' title='bbox 2433 2446 2695 2506; x_wconf 75' lang='lat' dir='ltr'><strong>conferre</strong></span> <span class='ocrx_word' id='word_1_151' title='bbox 2721 2451 2957 2523; x_wconf 83' lang='lat' dir='ltr'><strong>cogant.</strong></span> <span class='ocrx_word' id='word_1_152' title='bbox 3882 2454 3998 2505; x_wconf 85' lang='grc'><strong>658</strong></span> 
     </span>
    </p>

    <p class='ocr_par' dir='ltr' id='par_1_15' title="bbox 1191 2540 4003 2813">
     <span class='ocr_line' id='line_1_19' title="bbox 1191 2540 4002 2625; baseline -0.001 -19"><span class='ocrx_word' id='word_1_153' title='bbox 1191 2556 1231 2606; x_wconf 80' lang='grc'>4</span> <span class='ocrx_word' id='word_1_154' title='bbox 1252 2547 1422 2624; x_wconf 75' lang='lat' dir='ltr'><strong>junii.</strong></span> <span class='ocrx_word' id='word_1_155' title='bbox 1603 2547 1782 2625; x_wconf 83' lang='lat' dir='ltr'><strong>Apud</strong></span> <span class='ocrx_word' id='word_1_156' title='bbox 1940 2573 2021 2586; x_wconf 93' lang='lat'><strong>—</strong></span> <span class='ocrx_word' id='word_1_157' title='bbox 2060 2540 2158 2601; x_wconf 85' lang='lat' dir='ltr'><strong>Ad</strong></span> <span class='ocrx_word' id='word_1_158' title='bbox 2188 2545 2632 2618; x_wconf 82' lang='lat' dir='ltr'><strong>requisitionem</strong></span> <span class='ocrx_word' id='word_1_159' title='bbox 2668 2542 2901 2603; x_wconf 86' lang='lat' dir='ltr'><strong>abbatis</strong></span> <span class='ocrx_word' id='word_1_160' title='bbox 2927 2541 3002 2601; x_wconf 88' lang='lat' dir='ltr'><strong>de</strong></span> <span class='ocrx_word' id='word_1_161' title='bbox 3031 2541 3276 2619; x_wconf 87' lang='lat' dir='ltr'><strong>Cappel,</strong></span> <span class='ocrx_word' id='word_1_162' title='bbox 3313 2540 3642 2602; x_wconf 74' lang='lat' dir='ltr'><strong>abbatissae</strong></span> <span class='ocrx_word' id='word_1_163' title='bbox 3668 2540 3743 2602; x_wconf 88' lang='lat' dir='ltr'><strong>de</strong></span> <span class='ocrx_word' id='word_1_164' title='bbox 3767 2542 4002 2619; x_wconf 79' lang='lat' dir='ltr'><strong>Turego</strong></span> 
     </span>
     <span class='ocr_line' id='line_1_20' title="bbox 1497 2638 4002 2720; baseline -0.002 -15"><span class='ocrx_word' id='word_1_165' title='bbox 1497 2642 1884 2720; x_wconf 79' lang='lat' dir='ltr'><strong>Nuremberg.</strong></span> <span class='ocrx_word' id='word_1_166' title='bbox 2019 2639 2265 2699; x_wconf 89' lang='lat' dir='ltr'><strong>mandat</strong></span> <span class='ocrx_word' id='word_1_167' title='bbox 2290 2645 2361 2699; x_wconf 90' lang='lat' dir='ltr'><strong>ut</strong></span> <span class='ocrx_word' id='word_1_168' title='bbox 2395 2639 2590 2699; x_wconf 89' lang='lat' dir='ltr'><strong>eidem</strong></span> <span class='ocrx_word' id='word_1_169' title='bbox 2623 2639 2827 2699; x_wconf 87' lang='lat' dir='ltr'><strong>abbati</strong></span> <span class='ocrx_word' id='word_1_170' title='bbox 2857 2639 3257 2699; x_wconf 87' lang='lat' dir='ltr'><strong>molendinum</strong></span> <span class='ocrx_word' id='word_1_171' title='bbox 3294 2638 3454 2717; x_wconf 88' lang='lat' dir='ltr'><strong>apud</strong></span> <span class='ocrx_word' id='word_1_172' title='bbox 3491 2638 3830 2716; x_wconf 84' lang='lat' dir='ltr'><strong>Boutispuel</strong></span> <span class='ocrx_word' id='word_1_173' title='bbox 3865 2655 4002 2700; x_wconf 90' lang='lat' dir='ltr'><strong>cum</strong></span> 
     </span>
     <span class='ocr_line' id='line_1_21' title="bbox 2020 2734 4003 2813; baseline 0 -18"><span class='ocrx_word' id='word_1_174' title='bbox 2020 2735 2372 2813; x_wconf 86' lang='lat' dir='ltr'><strong>quibusdam</strong></span> <span class='ocrx_word' id='word_1_175' title='bbox 2400 2737 2573 2796; x_wconf 87' lang='lat' dir='ltr'><strong>terris</strong></span> <span class='ocrx_word' id='word_1_176' title='bbox 2609 2735 3013 2812; x_wconf 74' lang='lat' dir='ltr'><strong>adjacentibus</strong></span> <span class='ocrx_word' id='word_1_177' title='bbox 3040 2734 3152 2795; x_wconf 90' lang='lat' dir='ltr'><strong>sub</strong></span> <span class='ocrx_word' id='word_1_178' title='bbox 3193 2735 3453 2812; x_wconf 86' lang='lat' dir='ltr'><strong>quodam</strong></span> <span class='ocrx_word' id='word_1_179' title='bbox 3492 2740 3650 2796; x_wconf 89' lang='lat' dir='ltr'><strong>certo</strong></span> <span class='ocrx_word' id='word_1_180' title='bbox 3702 2740 3765 2796; x_wconf 87' lang='lat' dir='ltr'><strong>et</strong></span> <span class='ocrx_word' id='word_1_181' title='bbox 3803 2750 4003 2795; x_wconf 87' lang='lat' dir='ltr'><strong>annuo</strong></span> 
     </span>
    </p>

    <p class='ocr_par' dir='ltr' id='par_1_16' title="bbox 2021 2831 4001 2910">
     <span class='ocr_line' id='line_1_22' title="bbox 2021 2831 4001 2910; baseline -0.001 -17"><span class='ocrx_word' id='word_1_182' title='bbox 2021 2849 2203 2894; x_wconf 88' lang='lat' dir='ltr'><strong>censu</strong></span> <span class='ocrx_word' id='word_1_183' title='bbox 2228 2835 2289 2892; x_wconf 91' lang='lat' dir='ltr'><strong>in</strong></span> <span class='ocrx_word' id='word_1_184' title='bbox 2316 2839 2662 2910; x_wconf 87' lang='lat' dir='ltr'><strong>perpetuum</strong></span> <span class='ocrx_word' id='word_1_185' title='bbox 2691 2832 3020 2910; x_wconf 87' lang='lat' dir='ltr'><strong>relinquere</strong></span> <span class='ocrx_word' id='word_1_186' title='bbox 3043 2831 3275 2892; x_wconf 88' lang='lat' dir='ltr'><strong>debeat.</strong></span> <span class='ocrx_word' id='word_1_187' title='bbox 3885 2839 4001 2892; x_wconf 82' lang='grc'><strong>659</strong></span> 
     </span>
    </p>

    <p class='ocr_par' dir='ltr' id='par_1_17' title="bbox 1178 2927 4006 3200">
     <span class='ocr_line' id='line_1_23' title="bbox 1178 2927 4004 3014; baseline -0.004 -16"><span class='ocrx_word' id='word_1_188' title='bbox 1178 2946 1250 2998; x_wconf 79' lang='grc'><strong>15</strong></span> <span class='ocrx_word' id='word_1_189' title='bbox 1273 2935 1445 3014; x_wconf 75' lang='lat' dir='ltr'><strong>junii.</strong></span> <span class='ocrx_word' id='word_1_190' title='bbox 1614 2930 1792 3008; x_wconf 85' lang='lat' dir='ltr'><strong>Apud</strong></span> <span class='ocrx_word' id='word_1_191' title='bbox 1942 2961 2023 2971; x_wconf 96' lang='lat'><strong>—</strong></span> <span class='ocrx_word' id='word_1_192' title='bbox 2063 2928 2487 2989; x_wconf 85' lang='lat' dir='ltr'><strong>Monasterium</strong></span> <span class='ocrx_word' id='word_1_193' title='bbox 2533 2930 2608 2989; x_wconf 89' lang='lat' dir='ltr'><strong>de</strong></span> <span class='ocrx_word' id='word_1_194' title='bbox 2653 2929 2820 2991; x_wconf 91' lang='lat' dir='ltr'><strong>Valle</strong></span> <span class='ocrx_word' id='word_1_195' title='bbox 2869 2929 3119 2990; x_wconf 84' lang='lat' dir='ltr'><strong>Sanctae</strong></span> <span class='ocrx_word' id='word_1_196' title='bbox 3162 2928 3365 2990; x_wconf 78' lang='lat' dir='ltr'><strong>Crucis</strong></span> <span class='ocrx_word' id='word_1_197' title='bbox 3406 2930 3642 2991; x_wconf 83' lang='lat' dir='ltr'><strong>noviter</strong></span> <span class='ocrx_word' id='word_1_198' title='bbox 3687 2927 4004 2990; x_wconf 77' lang='lat' dir='ltr'><strong>fundatum</strong></span> 
     </span>
     <span class='ocr_line' id='line_1_24' title="bbox 1505 3024 4006 3105; baseline -0.001 -16"><span class='ocrx_word' id='word_1_199' title='bbox 1505 3027 1886 3105; x_wconf 81' lang='lat' dir='ltr'><strong>Nurimberg.</strong></span> <span class='ocrx_word' id='word_1_200' title='bbox 2024 3024 2136 3085; x_wconf 87' lang='lat' dir='ltr'><strong>sub</strong></span> <span class='ocrx_word' id='word_1_201' title='bbox 2182 3041 2291 3085; x_wconf 88' lang='lat' dir='ltr'><strong>sua</strong></span> <span class='ocrx_word' id='word_1_202' title='bbox 2325 3026 2563 3101; x_wconf 82' lang='lat' dir='ltr'><strong>speciali</strong></span> <span class='ocrx_word' id='word_1_203' title='bbox 2602 3027 2965 3102; x_wconf 88' lang='lat' dir='ltr'><strong>protectione</strong></span> <span class='ocrx_word' id='word_1_204' title='bbox 3002 3026 3210 3103; x_wconf 83' lang='lat' dir='ltr'><strong>recipit</strong></span> <span class='ocrx_word' id='word_1_205' title='bbox 3223 3067 3242 3100; x_wconf 90' lang='lat'><strong>,</strong></span> <span class='ocrx_word' id='word_1_206' title='bbox 3291 3042 3413 3086; x_wconf 88' lang='lat' dir='ltr'><strong>una</strong></span> <span class='ocrx_word' id='word_1_207' title='bbox 3452 3042 3590 3086; x_wconf 91' lang='lat' dir='ltr'><strong>cum</strong></span> <span class='ocrx_word' id='word_1_208' title='bbox 3629 3027 3854 3086; x_wconf 88' lang='lat' dir='ltr'><strong>nuntiis</strong></span> <span class='ocrx_word' id='word_1_209' title='bbox 3897 3041 4006 3102; x_wconf 92' lang='lat' dir='ltr'><strong>pro</strong></span> 
     </span>
     <span class='ocr_line' id='line_1_25' title="bbox 2024 3121 4003 3200; baseline 0.002 -21"><span class='ocrx_word' id='word_1_210' title='bbox 2024 3121 2472 3181; x_wconf 82' lang='lat' dir='ltr'><strong>necessitatibus</strong></span> <span class='ocrx_word' id='word_1_211' title='bbox 2515 3122 2788 3198; x_wconf 74' lang='lat' dir='ltr'><strong>ejusdem</strong></span> <span class='ocrx_word' id='word_1_212' title='bbox 2824 3121 2904 3182; x_wconf 87' lang='lat' dir='ltr'><strong>ad</strong></span> <span class='ocrx_word' id='word_1_213' title='bbox 2939 3121 3299 3199; x_wconf 82' lang='lat' dir='ltr'><strong>colligendas</strong></span> <span class='ocrx_word' id='word_1_214' title='bbox 3343 3122 3714 3200; x_wconf 76' lang='lat' dir='ltr'><strong>elemosynas</strong></span> <span class='ocrx_word' id='word_1_215' title='bbox 3764 3124 4003 3182; x_wconf 88' lang='lat' dir='ltr'><strong>mitten-</strong></span> 
     </span>
    </p>

    <p class='ocr_par' dir='ltr' id='par_1_18' title="bbox 2021 3216 4005 3278">
     <span class='ocr_line' id='line_1_26' title="bbox 2021 3216 4005 3278; baseline -0.001 0"><span class='ocrx_word' id='word_1_216' title='bbox 2021 3216 2136 3278; x_wconf 81' lang='lat' dir='ltr'><strong>dis.</strong></span> <span class='ocrx_word' id='word_1_217' title='bbox 3890 3225 4005 3277; x_wconf 81' lang='lat'><strong>659</strong></span> 
     </span>
    </p>

    <p class='ocr_par' dir='ltr' id='par_1_19' title="bbox 1176 3313 4009 3403">
     <span class='ocr_line' id='line_1_27' title="bbox 1176 3313 4009 3403; baseline -0.003 -21"><span class='ocrx_word' id='word_1_218' title='bbox 1176 3334 1255 3386; x_wconf 75' lang='lat'><strong>28</strong></span> <span class='ocrx_word' id='word_1_219' title='bbox 1273 3323 1445 3403; x_wconf 82' lang='lat' dir='ltr'><strong>junii.</strong></span> <span class='ocrx_word' id='word_1_220' title='bbox 1611 3316 1789 3395; x_wconf 88' lang='lat' dir='ltr'><strong>Apud</strong></span> <span class='ocrx_word' id='word_1_221' title='bbox 1945 3346 2026 3357; x_wconf 94' lang='lat'>—</span> <span class='ocrx_word' id='word_1_222' title='bbox 2066 3313 2384 3373; x_wconf 88' lang='lat' dir='ltr'><strong>Berthoido</strong></span> <span class='ocrx_word' id='word_1_223' title='bbox 2420 3313 2837 3390; x_wconf 81' lang='lat' dir='ltr'><strong>Argentinensi</strong></span> <span class='ocrx_word' id='word_1_224' title='bbox 2868 3314 3146 3391; x_wconf 83' lang='lat' dir='ltr'><strong>episcopo</strong></span> <span class='ocrx_word' id='word_1_225' title='bbox 3179 3320 3239 3375; x_wconf 90' lang='lat' dir='ltr'><strong>et</strong></span> <span class='ocrx_word' id='word_1_226' title='bbox 3261 3314 3539 3376; x_wconf 83' lang='lat' dir='ltr'><strong>ecclesiae</strong></span> <span class='ocrx_word' id='word_1_227' title='bbox 3563 3317 3693 3391; x_wconf 80' lang='lat' dir='ltr'><strong>ejus</strong></span> <span class='ocrx_word' id='word_1_228' title='bbox 3719 3313 4009 3392; x_wconf 86' lang='lat' dir='ltr'><strong>quidquid</strong></span> 
     </span>
    </p>
   </div>
   <div class='ocr_carea' id='block_1_5' title="bbox 1181 3410 4012 3976">
    <p class='ocr_par' dir='ltr' id='par_1_20' title="bbox 1515 3410 4005 3494">
     <span class='ocr_line' id='line_1_28' title="bbox 1515 3410 4005 3494; baseline -0.004 -15"><span class='ocrx_word' id='word_1_229' title='bbox 1515 3415 1890 3494; x_wconf 84' lang='lat' dir='ltr'><strong>Nurimberg.</strong></span> <span class='ocrx_word' id='word_1_230' title='bbox 2019 3413 2172 3490; x_wconf 76' lang='lat' dir='ltr'><strong>juris</strong></span> <span class='ocrx_word' id='word_1_231' title='bbox 2206 3412 2271 3470; x_wconf 89' lang='lat' dir='ltr'><strong>in</strong></span> <span class='ocrx_word' id='word_1_232' title='bbox 2310 3415 2503 3471; x_wconf 87' lang='lat' dir='ltr'><strong>castro</strong></span> <span class='ocrx_word' id='word_1_233' title='bbox 2531 3411 2608 3471; x_wconf 90' lang='lat' dir='ltr'><strong>de</strong></span> <span class='ocrx_word' id='word_1_234' title='bbox 2642 3411 2815 3471; x_wconf 87' lang='lat' dir='ltr'><strong>Thau</strong></span> <span class='ocrx_word' id='word_1_235' title='bbox 2849 3427 3008 3472; x_wconf 87' lang='lat' dir='ltr'><strong>novo</strong></span> <span class='ocrx_word' id='word_1_236' title='bbox 3044 3410 3138 3471; x_wconf 84' lang='lat' dir='ltr'><strong>vel</strong></span> <span class='ocrx_word' id='word_1_237' title='bbox 3171 3412 3419 3488; x_wconf 85' lang='lat' dir='ltr'><strong>antiquo</strong></span> <span class='ocrx_word' id='word_1_238' title='bbox 3451 3411 3577 3487; x_wconf 89' lang='lat' dir='ltr'><strong>ipse</strong></span> <span class='ocrx_word' id='word_1_239' title='bbox 3614 3426 3724 3471; x_wconf 84' lang='lat' dir='ltr'><strong>rex</strong></span> <span class='ocrx_word' id='word_1_240' title='bbox 3765 3410 4005 3482; x_wconf 89' lang='lat' dir='ltr'><strong>habuit,</strong></span> 
     </span>
    </p>

    <p class='ocr_par' dir='ltr' id='par_1_21' title="bbox 2027 3510 4010 3588">
     <span class='ocr_line' id='line_1_29' title="bbox 2027 3510 4010 3588; baseline -0.001 -17"><span class='ocrx_word' id='word_1_241' title='bbox 2027 3510 2282 3584; x_wconf 77' lang='lat' dir='ltr'><strong>confert,</strong></span> <span class='ocrx_word' id='word_1_242' title='bbox 2322 3512 2730 3587; x_wconf 84' lang='lat' dir='ltr'><strong>promittitque</strong></span> <span class='ocrx_word' id='word_1_243' title='bbox 2762 3513 2848 3571; x_wconf 88' lang='lat' dir='ltr'><strong>eis</strong></span> <span class='ocrx_word' id='word_1_244' title='bbox 2882 3528 2947 3571; x_wconf 88' lang='lat' dir='ltr'><strong>se</strong></span> <span class='ocrx_word' id='word_1_245' title='bbox 2985 3517 3193 3572; x_wconf 89' lang='lat' dir='ltr'><strong>contra</strong></span> <span class='ocrx_word' id='word_1_246' title='bbox 3226 3513 3654 3588; x_wconf 88' lang='lat' dir='ltr'><strong>impetitionem</strong></span> <span class='ocrx_word' id='word_1_247' title='bbox 3699 3510 4010 3571; x_wconf 86' lang='lat' dir='ltr'><strong>Ferreten-</strong></span> 
     </span>
    </p>

    <p class='ocr_par' dir='ltr' id='par_1_22' title="bbox 2028 3608 4006 3685">
     <span class='ocr_line' id='line_1_30' title="bbox 2028 3608 4006 3685; baseline -0.002 -16"><span class='ocrx_word' id='word_1_248' title='bbox 2028 3611 2181 3669; x_wconf 83' lang='lat' dir='ltr'><strong>sium</strong></span> <span class='ocrx_word' id='word_1_249' title='bbox 2208 3610 2387 3668; x_wconf 89' lang='lat' dir='ltr'><strong>etiam</strong></span> <span class='ocrx_word' id='word_1_250' title='bbox 2413 3611 2477 3668; x_wconf 92' lang='lat' dir='ltr'><strong>in</strong></span> <span class='ocrx_word' id='word_1_251' title='bbox 2497 3608 2723 3685; x_wconf 81' lang='lat' dir='ltr'><strong>judicio</strong></span> <span class='ocrx_word' id='word_1_252' title='bbox 2750 3608 2876 3668; x_wconf 74' lang='lat' dir='ltr'><strong>iore</strong></span> <span class='ocrx_word' id='word_1_253' title='bbox 2902 3608 3308 3670; x_wconf 78' lang='lat' dir='ltr'><strong>favorabilem.</strong></span> <span class='ocrx_word' id='word_1_254' title='bbox 3893 3614 4006 3666; x_wconf 86' lang='grc'><strong>660</strong></span> 
     </span>
    </p>

    <p class='ocr_par' dir='ltr' id='par_1_23' title="bbox 1181 3701 4012 3880">
     <span class='ocr_line' id='line_1_31' title="bbox 1181 3701 4012 3788; baseline -0.004 -17"><span class='ocrx_word' id='word_1_255' title='bbox 1181 3719 1260 3771; x_wconf 78' lang='grc'><strong>30</strong></span> <span class='ocrx_word' id='word_1_256' title='bbox 1281 3709 1453 3788; x_wconf 83' lang='lat' dir='ltr'><strong>junii.</strong></span> <span class='ocrx_word' id='word_1_257' title='bbox 1625 3706 1800 3784; x_wconf 87' lang='lat' dir='ltr'><strong>Apud</strong></span> <span class='ocrx_word' id='word_1_258' title='bbox 1952 3737 2032 3751; x_wconf 92' lang='grc'><strong>--</strong></span> <span class='ocrx_word' id='word_1_259' title='bbox 2073 3705 2333 3767; x_wconf 82' lang='lat' dir='ltr'><strong>sculteto</strong></span> <span class='ocrx_word' id='word_1_260' title='bbox 2363 3705 2440 3765; x_wconf 90' lang='lat' dir='ltr'><strong>de</strong></span> <span class='ocrx_word' id='word_1_261' title='bbox 2474 3705 2810 3765; x_wconf 85' lang='lat' dir='ltr'><strong>Nortbusen</strong></span> <span class='ocrx_word' id='word_1_262' title='bbox 2841 3705 3091 3765; x_wconf 89' lang='lat' dir='ltr'><strong>mandat</strong></span> <span class='ocrx_word' id='word_1_263' title='bbox 3115 3709 3185 3764; x_wconf 92' lang='lat' dir='ltr'><strong>ut</strong></span> <span class='ocrx_word' id='word_1_264' title='bbox 3209 3720 3359 3781; x_wconf 87' lang='lat' dir='ltr'><strong>quos</strong></span> <span class='ocrx_word' id='word_1_265' title='bbox 3384 3705 3663 3781; x_wconf 89' lang='lat' dir='ltr'><strong>repererit</strong></span> <span class='ocrx_word' id='word_1_266' title='bbox 3694 3702 3920 3780; x_wconf 86' lang='lat' dir='ltr'><strong>aliquid</strong></span> <span class='ocrx_word' id='word_1_267' title='bbox 3938 3701 4012 3761; x_wconf 88' lang='lat' dir='ltr'><strong>de</strong></span> 
     </span>
     <span class='ocr_line' id='line_1_32' title="bbox 1538 3799 4012 3880; baseline -0.002 -15"><span class='ocrx_word' id='word_1_268' title='bbox 1538 3803 1884 3880; x_wconf 83' lang='lat' dir='ltr'><strong>Altenburg.</strong></span> <span class='ocrx_word' id='word_1_269' title='bbox 2033 3802 2204 3862; x_wconf 87' lang='lat' dir='ltr'><strong>honis</strong></span> <span class='ocrx_word' id='word_1_270' title='bbox 2249 3801 2623 3863; x_wconf 84' lang='lat' dir='ltr'><strong>ecclesiarum</strong></span> <span class='ocrx_word' id='word_1_271' title='bbox 2662 3802 2910 3862; x_wconf 87' lang='lat' dir='ltr'><strong>Sanctae</strong></span> <span class='ocrx_word' id='word_1_272' title='bbox 2956 3803 3160 3863; x_wconf 87' lang='lat' dir='ltr'><strong>Crucis</strong></span> <span class='ocrx_word' id='word_1_273' title='bbox 3195 3806 3258 3860; x_wconf 86' lang='lat' dir='ltr'><strong>et</strong></span> <span class='ocrx_word' id='word_1_274' title='bbox 3291 3799 3497 3861; x_wconf 85' lang='lat' dir='ltr'><strong>beatae</strong></span> <span class='ocrx_word' id='word_1_275' title='bbox 3536 3800 3799 3878; x_wconf 82' lang='lat' dir='ltr'><strong>Virginis</strong></span> <span class='ocrx_word' id='word_1_276' title='bbox 3843 3804 4012 3859; x_wconf 84' lang='lat' dir='ltr'><strong>extra</strong></span> 
     </span>
    </p>

    <p class='ocr_par' dir='ltr' id='par_1_24' title="bbox 2033 3898 4009 3976">
     <span class='ocr_line' id='line_1_33' title="bbox 2033 3898 4009 3976; baseline -0.001 -18"><span class='ocrx_word' id='word_1_277' title='bbox 2033 3914 2237 3959; x_wconf 90' lang='lat' dir='ltr'><strong>muros</strong></span> <span class='ocrx_word' id='word_1_278' title='bbox 2260 3899 2518 3959; x_wconf 79' lang='lat' dir='ltr'><strong>civitatis</strong></span> <span class='ocrx_word' id='word_1_279' title='bbox 2553 3900 2777 3976; x_wconf 81' lang='lat' dir='ltr'><strong>injuste</strong></span> <span class='ocrx_word' id='word_1_280' title='bbox 2804 3898 3153 3973; x_wconf 87' lang='lat' dir='ltr'><strong>detinentes,</strong></span> <span class='ocrx_word' id='word_1_281' title='bbox 3181 3913 3252 3958; x_wconf 85' lang='lat' dir='ltr'><strong>ea</strong></span> <span class='ocrx_word' id='word_1_282' title='bbox 3276 3899 3552 3958; x_wconf 79' lang='lat' dir='ltr'><strong>universa</strong></span> <span class='ocrx_word' id='word_1_283' title='bbox 3576 3898 3885 3957; x_wconf 84' lang='lat' dir='ltr'><strong>restituere</strong></span> <span class='ocrx_word' id='word_1_284' title='bbox 3911 3911 4009 3955; x_wconf 90' lang='lat' dir='ltr'><strong>co-</strong></span> 
     </span>
    </p>
   </div>
   <div class='ocr_carea' id='block_1_6' title="bbox 1208 4002 4017 4281">
    <p class='ocr_par' dir='ltr' id='par_1_25' title="bbox 1208 4002 4017 4281">
     <span class='ocr_line' id='line_1_34' title="bbox 1231 4002 4017 4171; baseline -0.001 -16"><span class='ocrx_word' id='word_1_285' title='bbox 1231 4097 1430 4171; x_wconf 83' lang='lat' dir='ltr'><strong>[junio</strong></span> <span class='ocrx_word' id='word_1_286' title='bbox 1513 4135 1926 4155; x_wconf 92' lang='grc'><strong>.......</strong></span> <span class='ocrx_word' id='word_1_287' title='bbox 1959 4002 2299 4153; x_wconf 47' lang='grc' dir='ltr'><strong>-εὲὂῑῗιιιῖ</strong></span> <span class='ocrx_word' id='word_1_288' title='bbox 2325 4093 2470 4154; x_wconf 79' lang='lat' dir='ltr'><strong>facit</strong></span> <span class='ocrx_word' id='word_1_289' title='bbox 2492 4093 2655 4170; x_wconf 84' lang='lat' dir='ltr'><strong>quod</strong></span> <span class='ocrx_word' id='word_1_290' title='bbox 2679 4110 2816 4154; x_wconf 90' lang='lat' dir='ltr'><strong>cum</strong></span> <span class='ocrx_word' id='word_1_291' title='bbox 2843 4100 3010 4171; x_wconf 87' lang='lat' dir='ltr'><strong>pater</strong></span> <span class='ocrx_word' id='word_1_292' title='bbox 3036 4111 3181 4155; x_wconf 85' lang='lat' dir='ltr'><strong>suus</strong></span> <span class='ocrx_word' id='word_1_293' title='bbox 3206 4095 3526 4171; x_wconf 84' lang='lat' dir='ltr'><strong>imperator</strong></span> <span class='ocrx_word' id='word_1_294' title='bbox 3542 4095 3845 4154; x_wconf 89' lang='lat' dir='ltr'><strong>civitatem</strong></span> <span class='ocrx_word' id='word_1_295' title='bbox 3867 4004 4017 4154; x_wconf 51' lang='lat'><strong>133:-</strong></span> 
     </span>
     <span class='ocr_line' id='line_1_35' title="bbox 1208 4189 4014 4281; baseline -0.001 -30"><span class='ocrx_word' id='word_1_296' title='bbox 1208 4192 1304 4252; x_wconf 78' lang='lat' dir='ltr'><strong>vel</strong></span> <span class='ocrx_word' id='word_1_297' title='bbox 1326 4190 1470 4268; x_wconf 64' lang='lat' dir='ltr'><strong>jub]</strong></span> <span class='ocrx_word' id='word_1_298' title='bbox 1720 4277 1724 4281; x_wconf 66' lang='lat'>‚</span> <span class='ocrx_word' id='word_1_299' title='bbox 2036 4190 2250 4249; x_wconf 88' lang='lat' dir='ltr'><strong>thusen</strong></span> <span class='ocrx_word' id='word_1_300' title='bbox 2276 4192 2526 4265; x_wconf 89' lang='lat' dir='ltr'><strong>imperio</strong></span> <span class='ocrx_word' id='word_1_301' title='bbox 2552 4189 2794 4250; x_wconf 85' lang='lat' dir='ltr'><strong>duxerit</strong></span> <span class='ocrx_word' id='word_1_302' title='bbox 2818 4191 3208 4264; x_wconf 88' lang='lat' dir='ltr'><strong>retinendam,</strong></span> <span class='ocrx_word' id='word_1_303' title='bbox 3238 4192 3524 4267; x_wconf 87' lang='lat' dir='ltr'><strong>promisso</strong></span> <span class='ocrx_word' id='word_1_304' title='bbox 3549 4190 3827 4251; x_wconf 82' lang='lat' dir='ltr'><strong>ecclesiae</strong></span> <span class='ocrx_word' id='word_1_305' title='bbox 3852 4191 4014 4252; x_wconf 88' lang='lat' dir='ltr'><strong>Nor-</strong></span> 
     </span>
    </p>
   </div>
   <div class='ocr_carea' id='block_1_7' title="bbox 1225 4286 4021 4849">
    <p class='ocr_par' dir='ltr' id='par_1_26' title="bbox 2038 4286 4019 4364">
     <span class='ocr_line' id='line_1_36' title="bbox 2038 4286 4019 4364; baseline -0.002 -17"><span class='ocrx_word' id='word_1_306' title='bbox 2038 4287 2303 4348; x_wconf 86' lang='lat' dir='ltr'><strong>tbusensi</strong></span> <span class='ocrx_word' id='word_1_307' title='bbox 2329 4289 2685 4362; x_wconf 89' lang='lat' dir='ltr'><strong>competenti</strong></span> <span class='ocrx_word' id='word_1_308' title='bbox 2711 4294 2996 4361; x_wconf 84' lang='lat' dir='ltr'><strong>restauro,</strong></span> <span class='ocrx_word' id='word_1_309' title='bbox 3016 4289 3142 4364; x_wconf 89' lang='lat' dir='ltr'><strong>ipse</strong></span> <span class='ocrx_word' id='word_1_310' title='bbox 3164 4290 3226 4346; x_wconf 91' lang='lat' dir='ltr'><strong>in</strong></span> <span class='ocrx_word' id='word_1_311' title='bbox 3249 4293 3477 4364; x_wconf 81' lang='lat' dir='ltr'><strong>partem</strong></span> <span class='ocrx_word' id='word_1_312' title='bbox 3505 4289 3756 4348; x_wconf 79' lang='lat' dir='ltr'><strong>restam-i</strong></span> <span class='ocrx_word' id='word_1_313' title='bbox 3773 4286 4019 4346; x_wconf 82' lang='lat' dir='ltr'><strong>donavit</strong></span> 
     </span>
    </p>

    <p class='ocr_par' dir='ltr' id='par_1_27' title="bbox 2041 4382 4014 4461">
     <span class='ocr_line' id='line_1_37' title="bbox 2041 4382 4014 4461; baseline 0.001 -19"><span class='ocrx_word' id='word_1_314' title='bbox 2041 4382 2180 4443; x_wconf 90' lang='lat' dir='ltr'><strong>huic</strong></span> <span class='ocrx_word' id='word_1_315' title='bbox 2201 4383 2478 4443; x_wconf 85' lang='lat' dir='ltr'><strong>ecclesiae</strong></span> <span class='ocrx_word' id='word_1_316' title='bbox 2499 4387 2600 4460; x_wconf 82' lang='lat' dir='ltr'><strong>jus</strong></span> <span class='ocrx_word' id='word_1_317' title='bbox 2629 4390 2971 4460; x_wconf 84' lang='lat' dir='ltr'><strong>patronatus</strong></span> <span class='ocrx_word' id='word_1_318' title='bbox 2995 4385 3338 4461; x_wconf 86' lang='lat' dir='ltr'><strong>parrochiae</strong></span> <span class='ocrx_word' id='word_1_319' title='bbox 3361 4384 3562 4444; x_wconf 89' lang='lat' dir='ltr'><strong>Sancti</strong></span> <span class='ocrx_word' id='word_1_320' title='bbox 3588 4385 3787 4445; x_wconf 84' lang='lat' dir='ltr'><strong>Blasii.</strong></span> <span class='ocrx_word' id='word_1_321' title='bbox 3900 4392 4014 4443; x_wconf 79' lang='lat'><strong>662</strong></span> 
     </span>
    </p>

    <p class='ocr_par' dir='ltr' id='par_1_28' title="bbox 1225 4478 4017 4655">
     <span class='ocr_line' id='line_1_38' title="bbox 1225 4478 4017 4560; baseline -0.001 -19"><span class='ocrx_word' id='word_1_322' title='bbox 1225 4491 1259 4541; x_wconf 81' lang='lat'><em>2</em></span> <span class='ocrx_word' id='word_1_323' title='bbox 1287 4482 1443 4560; x_wconf 87' lang='lat' dir='ltr'><strong>julii.</strong></span> <span class='ocrx_word' id='word_1_324' title='bbox 1628 4479 1807 4558; x_wconf 87' lang='lat' dir='ltr'><strong>Apud</strong></span> <span class='ocrx_word' id='word_1_325' title='bbox 1965 4511 2043 4524; x_wconf 89' lang='lat'>—</span> <span class='ocrx_word' id='word_1_326' title='bbox 2083 4478 2510 4556; x_wconf 81' lang='lat' dir='ltr'><strong>Tbegenhardo</strong></span> <span class='ocrx_word' id='word_1_327' title='bbox 2546 4481 2866 4556; x_wconf 87' lang='lat' dir='ltr'><strong>imperialis</strong></span> <span class='ocrx_word' id='word_1_328' title='bbox 2903 4480 3073 4541; x_wconf 87' lang='lat' dir='ltr'><strong>aulae</strong></span> <span class='ocrx_word' id='word_1_329' title='bbox 3119 4482 3516 4558; x_wconf 87' lang='lat' dir='ltr'><strong>protonotario</strong></span> <span class='ocrx_word' id='word_1_330' title='bbox 3549 4486 3611 4541; x_wconf 90' lang='lat' dir='ltr'><strong>et</strong></span> <span class='ocrx_word' id='word_1_331' title='bbox 3649 4481 4017 4541; x_wconf 83' lang='lat' dir='ltr'><strong>vicedomino</strong></span> 
     </span>
     <span class='ocr_line' id='line_1_39' title="bbox 1549 4575 4017 4655; baseline -0.002 -17"><span class='ocrx_word' id='word_1_332' title='bbox 1549 4576 1892 4655; x_wconf 83' lang='lat' dir='ltr'><strong>Altenburg.</strong></span> <span class='ocrx_word' id='word_1_333' title='bbox 2044 4575 2536 4653; x_wconf 79' lang='lat' dir='ltr'><strong>Magdebungensi</strong></span> <span class='ocrx_word' id='word_1_334' title='bbox 2604 4576 2873 4654; x_wconf 82' lang='lat' dir='ltr'><strong>indulget</strong></span> <span class='ocrx_word' id='word_1_335' title='bbox 2936 4576 3277 4637; x_wconf 82' lang='lat' dir='ltr'><strong>facultatem</strong></span> <span class='ocrx_word' id='word_1_336' title='bbox 3340 4576 3591 4654; x_wconf 82' lang='lat' dir='ltr'><strong>eligendi</strong></span> <span class='ocrx_word' id='word_1_337' title='bbox 3661 4577 4017 4637; x_wconf 87' lang='lat' dir='ltr'><strong>advocatum</strong></span> 
     </span>
    </p>

    <p class='ocr_par' dir='ltr' id='par_1_29' title="bbox 2042 4672 4021 4750">
     <span class='ocr_line' id='line_1_40' title="bbox 2042 4672 4021 4750; baseline -0.001 -18"><span class='ocrx_word' id='word_1_338' title='bbox 2042 4688 2221 4749; x_wconf 89' lang='lat' dir='ltr'><strong>quem</strong></span> <span class='ocrx_word' id='word_1_339' title='bbox 2266 4672 2521 4732; x_wconf 88' lang='lat' dir='ltr'><strong>voluerit</strong></span> <span class='ocrx_word' id='word_1_340' title='bbox 2550 4672 2842 4733; x_wconf 89' lang='lat' dir='ltr'><strong>bonorum</strong></span> <span class='ocrx_word' id='word_1_341' title='bbox 2881 4675 2945 4734; x_wconf 90' lang='lat' dir='ltr'><strong>in</strong></span> <span class='ocrx_word' id='word_1_342' title='bbox 2990 4674 3271 4735; x_wconf 79' lang='lat' dir='ltr'><strong>Guzstein</strong></span> <span class='ocrx_word' id='word_1_343' title='bbox 3307 4689 3560 4750; x_wconf 89' lang='lat' dir='ltr'><strong>quorum</strong></span> <span class='ocrx_word' id='word_1_344' title='bbox 3587 4675 3712 4750; x_wconf 84' lang='lat' dir='ltr'><strong>ipse</strong></span> <span class='ocrx_word' id='word_1_345' title='bbox 3755 4674 4021 4750; x_wconf 84' lang='lat' dir='ltr'><strong>provisor</strong></span> 
     </span>
    </p>

    <p class='ocr_par' dir='ltr' id='par_1_30' title="bbox 2043 4769 4017 4849">
     <span class='ocr_line' id='line_1_41' title="bbox 2043 4769 4017 4849; baseline -0.001 -20"><span class='ocrx_word' id='word_1_346' title='bbox 2043 4770 2265 4847; x_wconf 83' lang='lat' dir='ltr'><strong>existit,</strong></span> <span class='ocrx_word' id='word_1_347' title='bbox 2294 4776 2353 4829; x_wconf 86' lang='lat' dir='ltr'><strong>et</strong></span> <span class='ocrx_word' id='word_1_348' title='bbox 2378 4769 2643 4830; x_wconf 90' lang='lat' dir='ltr'><strong>bannum</strong></span> <span class='ocrx_word' id='word_1_349' title='bbox 2670 4772 2894 4849; x_wconf 84' lang='lat' dir='ltr'><strong>regium</strong></span> <span class='ocrx_word' id='word_1_350' title='bbox 2922 4770 3139 4831; x_wconf 86' lang='lat' dir='ltr'><strong>ibidem</strong></span> <span class='ocrx_word' id='word_1_351' title='bbox 3165 4769 3496 4832; x_wconf 85' lang='lat' dir='ltr'><strong>exercendi.</strong></span> <span class='ocrx_word' id='word_1_352' title='bbox 3904 4776 4017 4828; x_wconf 76' lang='grc'><strong>663</strong></span> 
     </span>
    </p>
   </div>
  </div>
 </body>
</html>
