4842 5802
1142 614 1299 676 1044
1963 618 2355 678 ADDENDA
2409 619 2513 679 ΕΤ
2565 615 3123 680 CORRIGENDA.

1137 749 1208 810 P.
1241 757 1382 825 499,
1413 747 1496 809 ad
1517 746 1725 809 calcem
1756 756 1926 812 nolae
1971 761 1997 812 1
2041 750 2369 813 addendum
2398 775 2418 811 :
2446 754 2623 816 Anno
2656 760 2859 815 tamen
2903 761 3056 813 1233
3102 750 3244 811 huic
3281 748 3543 810 societati
3580 747 3790 807 civitas
3829 763 3950 807 non

1451 857 1625 934 plane
1650 856 2034 929 adhaerebat,
2067 876 2251 936 quum
2278 877 2592 921 noscamus
2618 877 2695 920 cx
2721 861 3113 920 instrumento
3139 872 3238 933 ap.
3267 857 3437 916 Pcrtz
3474 855 3652 913 citato
3684 851 3945 930 (Archiv,

1454 968 1503 1022 t.
1516 963 1568 1034 1,
1598 980 1658 1038 p.
1680 971 1828 1035 279;
1858 969 1996 1023 -t.
2019 965 2129 1035 IV,
2156 983 2217 1041 p.
2244 964 2411 1044 301),
2440 966 2536 1027 die
2562 968 2842 1027 vicesimo
2868 965 3104 1041 augusti
3130 960 3395 1039 ejusdem
3423 961 3563 1020 anni
3590 961 3866 1020 ancianos
3891 965 3950 1019 et

1455 1074 1711 1129 rectores
1745 1072 2040 1130 societatis
2065 1071 2453 1132 Lombardiae
2483 1090 2520 1133 a
2553 1074 2780 1133 nuntiis
2812 1067 3281 1133 Vercellensibus
3306 1067 3679 1143 requisivisse
3701 1082 3780 1125 an
3805 1082 3952 1126 sen-

1453 1176 1702 1235 tentiam
1727 1176 1793 1234 in
1826 1180 2224 1238 controversia
2250 1194 2387 1238 cum
2416 1179 2712 1240 Friderico
2738 1194 2775 1238 a
2800 1193 2951 1255 papa
2990 1176 3170 1236 latam
3183 1216 3202 1247 ,
3241 1172 3444 1234 eadem
3478 1173 3687 1233 civitas
3727 1187 3952 1247 appro-

1452 1279 1704 1344 baverit.

1134 1407 1206 1469 P.
1237 1417 1377 1484 524,
1408 1410 1515 1471 lin.
1547 1417 1649 1488 25,
1677 1409 1963 1481 membra,
1990 1406 2288 1489 lcqcndum
2313 1413 2615 1471 memoria.

1134 1534 1207 1597 P.
1240 1545 1381 1610 525,
1412 1537 1522 1597 lin.
1554 1544 1654 1615 17,
1682 1535 1854 1598 nobis
1879 1552 1915 1597 a
1940 1538 2369 1618 remotioribus,
2398 1536 2700 1620 lcqcndum
2721 1538 2892 1600 nobis
2918 1535 3352 1597 remotioribus.

1204 1663 1385 1747 Ibid„
1412 1663 1582 1741 ibid„
1613 1665 1853 1741 firmati,
1886 1664 2185 1747 lcqcndum
2209 1669 2394 1730 fama.

1136 1792 1208 1854 P.
1241 1802 1381 1869 526,
1412 1793 1519 1854 lin.
1556 1802 1652 1869 11,
1682 1796 1746 1854 in
1771 1794 2147 1869 oblivionem,
2180 1792 2481 1876 lcqendum
2503 1800 2569 1857 in
2596 1795 3048 1873 abjurationem.

1201 1923 1379 2001 thid„
1410 1926 1517 1986 lin.
1555 1933 1651 1998 12,
1681 1933 1815 2002 post
1842 1926 2164 1986 adventum
2195 1924 2398 1986 talium
2436 1944 2585 2005 quos
2616 1928 2692 1988 ad
2725 1933 2990 1987 nostram
3025 1925 3382 2005 presentiam
3421 1923 3771 1999 destinavit,
3813 1939 3949 1982 cor·—

1452 2029 1758 2111 riqendum
1784 2049 1859 2090 ccc
1876 2028 1995 2091 alio
2020 2029 2236 2090 codice.-
2251 2039 2384 2108 post
2408 2032 2733 2093 adventum
2759 2032 3107 2092 dilectorum
3130 2033 3461 2112 principum
3483 2035 3817 2089 nostrorum
3844 2043 3949 2086 ve-

1451 2136 1730 2199 nerabilis
1758 2139 2093 2215 Maguntini
2124 2139 2542 2216 archiepiscopi
2580 2144 2640 2198 et
2672 2137 3163 2232 Babinbergensis
3190 2131 3494 2215 [episcopi]
3521 2151 3672 2211 quos
3696 2134 3771 2195 ad
3799 2129 3950 2214 [nos]

1453 2246 1694 2304 nuntios
1721 2243 2059 2304 destinavit.

1204 2373 1384 2449 md„
1414 2375 1525 2436 lin.
1560 2384 1657 2449 18,
1686 2382 1891 2436 contra
1916 2376 2132 2453 plures,
2165 2373 2466 2458 lcqcndum
2489 2384 2692 2437 contra
2716 2382 2934 2455 patres.

1126 2507 1197 2568 P.
1232 2517 1373 2582 536,
1402 2505 1485 2567 ad
1498 2503 1706 2566 calcem
1720 2513 1892 2567 notae
1919 2516 1943 2567 1
1973 2506 2302 2568 addendum
2322 2511 2539 2571 :Varia
2565 2512 2964 2571 instrumenta
2990 2508 3096 2568 ubi
3117 2508 3306 2568 fusim
3323 2508 3398 2567 de
3424 2506 3536 2567 hac
3562 2522 3707 2583 pace
3730 2507 3945 2582 agitur,

1445 2617 1653 2673 extant
1686 2614 1841 2672 inter
1870 2613 2094 2674 litteras
2121 2615 2387 2693 Gregorii
2414 2615 2533 2695 IX,
2560 2631 2718 2675 anno
2747 2615 2856 2689 lx,
2884 2616 2946 2673 in
2974 2610 3184 2675 collect.
3234 2612 3477 2693 Laporte
3507 2609 3587 2670 du
3622 2609 3817 2685 Theil,
3846 2628 3943 2688 ap.

1446 2719 1860 2781 bibliothecam
1886 2722 2093 2797 imper.
2124 2723 2531 2782 Parisiensem.

1128 2849 1196 2913 P.
1234 2859 1376 2926 553,
1406 2851 1513 2912 lin.
1549 2860 1646 2927 12,
1681 2851 1756 2912 A.
1788 2851 1861 2912 de
1885 2852 2289 2927 Herrenstein,
2323 2850 2593 2914 addenda
2617 2859 2759 2915 nota
2790 2851 2875 2934 (a)
2907 2873 2923 2915 z
2953 2853 3198 2916 forsitan
3225 2852 3303 2914 A.
3333 2851 3408 2912 de
3433 2852 3806 2912 Harnestein.

1130 2984 1203 3046 P.
1236 2993 1376 3058 567,
1407 2985 1517 3044 lin.
1548 2992 1648 3059 24,
1674 2990 1808 3063 post
1825 2984 2320 3062 indignationem,
2350 2983 2682 3045 addendum
2707 2993 2989 3048 nostram.

1132 3117 1205 3177 P.
1239 3124 1379 3189 568,
1410 3116 1518 3175 lin.
1552 3124 1611 3187 2,
1641 3115 1716 3175 de
1745 3114 2071 3188 Waldeck‚
2104 3111 2402 3195 lcqcndum
2429 3118 2505 3178 de
2531 3118 2959 3196 Waldenberg.

1205 3245 1383 3329 lbid„
1411 3247 1511 3308 lin.
1545 3255 1607 3321 4,
1635 3247 1710 3308 de
1735 3245 2121 3325 Amxenburg
2151 3246 2268 3326 (⁴1),
2300 3245 2599 3329 lcqendum
2625 3250 2700 3310 de
2727 3249 3144 3329 Clingcnburg.

1202 3380 1383 3458 Μ,
1409 3379 1494 3441 ad
1514 3376 1725 3441 calcem
1757 3385 1928 3439 notae
1968 3378 2044 3454 (b)
2079 3378 2407 3441 addendum
2425 3383 2468 3462 2.-
2501 3384 2575 3442 In
2611 3382 2887 3459 quodam.
2914 3383 3118 3444 codice
3152 3379 3532 3443 Mouacbensi
3568 3377 3728 3438 unde
3766 3376 3950 3438 Boeb-

1450 3504 1648 3548 merus
1674 3490 1904 3564 copiam
1930 3492 2241 3562 recensuit,
2272 3490 2549 3551 scribitur
2583 3488 2963 3552 Clavidatum.

1132 3623 1205 3683 P.
1241 3630 1380 3695 599,
1409 3622 1516 3683 lin.
1555 3630 1612 3694 6,
1640 3610 1765 3695 1111,
1789 3616 2088 3701 lcqcndum
2113 3624 2249 3683 illis.

1135 3755 1208 3818 P.
1241 3763 1384 3835 622,
1413 3759 1536 3816 not.
1576 3762 1635 3829 2,
1661 3768 1851 3839 pauco
1875 3758 2034 3827 ante,
2066 3750 2365 3834 lcqcndum
2390 3756 2567 3831 paulo
2593 3761 2746 3816 ante.

1136 3890 1210 3950 P.
1246 3897 1385 3966 650,
1415 3889 1521 3949 lin.
1556 3896 1616 3964 1,
1645 3889 1824 3949 missa
1849 3893 1940 3948 est
1966 3904 2003 3947 a
2023 3890 2325 3965 magistro,
2357 3885 2658 3969 lcqcndum
2681 3891 2862 3950 missa
2886 3895 2978 3950 est
3003 3892 3300 3968 magistro.

1217 4019 1398 4095 md„
1418 4022 1529 4082 lin.
1558 4029 1620 4095 7,
1648 4022 1940 4100 congerit,
1972 4017 2270 4102 lcqcndum
2296 4025 2568 4100 coegerit.

1216 4153 1394 4229 md„
1417 4154 1524 4215 lin.
1561 4163 1655 4231 12,
1687 4152 1993 4214 buffonem
2017 4161 2241 4215 tactum
2268 4155 2382 4234 (7,),
2412 4151 2713 4235 lcqcndum
2738 4153 3077 4228 buffonem,
3106 4162 3352 4215 cattum.

1217 4284 1401 4379 Ibid„
1422 4287 1529 4348 lin.
1559 4295 1663 4366 23,
1692 4286 1966 4346 dominus
1991 4302 2260 4360 servum,
2292 4282 2592 4367 lcqcndum
2628 4303 2830 4348 servus
2853 4288 3182 4347 dominum.

1137 4425 1211 4487 P.
1248 4432 1388 4497 705,
1417 4420 1526 4481 lin.
1560 4428 1595 4480 6
1625 4424 1686 4479 et
1715 4427 1774 4492 7,
1812 4425 2141 4496 sequuntur
2180 4425 2297 4478 tres
2335 4419 2594 4492 litterae,
2636 4435 2885 4497 quarum
2927 4421 3144 4495 primas
3181 4416 3259 4478 ad
3300 4418 3628 4493 integrum,
3669 4410 3953 4472 secundas

1454 4541 1599 4590 vero
1638 4531 1698 4585 et
1738 4527 1940 4586 tertias
1984 4525 2416 4602 compendiario
2452 4525 2835 4586 exhibuimus
2876 4542 2939 4603 p.
2974 4534 3088 4586 695
3126 4530 3188 4584 et
3214 4530 3366 4600 696,
3395 4516 3696 4580 delendum
3723 4522 3779 4575 cc
3801 4531 3951 4591 sup-

1449 4629 1730 4713 plendum
1753 4638 1824 4692 ut
1846 4632 2107 4710 sequitur
2130 4649 2152 4688 .·
2174 4664 2254 4673 —
2271 4630 2584 4705 Hem-icus,
2611 4632 2722 4691 Dei
2749 4634 2935 4711 gratia
2958 4632 3358 4692 Romanorum
3381 4642 3489 4686 rex
3512 4630 3573 4685 et
3599 4637 3825 4698 semper
3850 4635 3953 4678 au·

1463 4747 1695 4818 gustus,
1725 4739 1953 4800 dilectis
1978 4740 2101 4798 suls
2128 4739 2544 4814 potestatibus,
2581 4739 2936 4812 rectoribus,
2965 4737 3302 4799 consulibus
3336 4739 3398 4795 et
3435 4725 3953 4794 communitatibus
