4842 5802
853 3304 991 3358 Apud*

762 3357 1044 3410 ugentinum
1055 3386 1067 3408 ‚

1144 629 1267 693 814
2139 626 2569 690 Fnlnssmcl
2618 624 2962 690 sacuam
3591 625 3762 708 [An.
3797 623 3969 692 1236.

1149 766 1323 840 dens
1366 785 1496 837 nos
1539 761 1629 834 de
1674 760 1978 857 preteriti
2025 762 2280 836 silentii
2330 765 2539 860 culpa
2591 763 2945 858 redarguit
3002 773 3075 836 et
3119 758 3212 835 ad
3255 772 3446 835 tuam
3495 760 3973 837 excellentiam

1147 889 1445 963 clamare
1491 886 1876 981 compellit,
1926 897 2004 959 nt
2049 896 2281 961 nostro
2331 889 2556 961 forsan
2617 888 2919 960 excitata
2968 886 3268 961 clamore
3318 885 3654 984 lacrymas
3705 882 3975 962 miseri-

1148 1012 1381 1086 cordie
1425 1030 1636 1083 mann
1670 1030 1711 1082 a
1748 1009 2052 1083 maxillis
2083 1010 2508 1107 abstergere,
2543 1010 2900 1085 doloribus
2951 1011 3189 1107 populi
3243 1010 3440 1104 regni
3490 1011 3780 1106 predicti
3829 1032 3978 1086 me—

1150 1139 1382 1213 delam
1419 1153 1766 1232 apponere
1806 1156 1889 1206 ac
1927 1136 2165 1230 plagas
2202 1135 2420 1231 ipsius
2456 1135 2734 1210 studeat
2770 1134 2949 1207 sicut
2987 1134 3309 1208 convenit
3340 1134 3655 1228 alligare3
3697 1136 3975 1208 celsitu-

1150 1261 1380 1335 dinem
1414 1269 1603 1331 tuam
1631 1258 2009 1353 rogandam
2040 1259 2377 1334 duximus
2402 1268 2661 1334 attente
2695 1269 2765 1331 et
2793 1257 3210 1332 monendam
3239 1267 3583 1354 quatenns
3605 1258 3974 1354 diligenter

1148 1382 1510 1458 attendens
1557 1392 1893 1476 qnantum
1941 1383 2121 1456 same
2168 1384 2511 1479 imperiali
2546 1382 2878 1480 expediat
2921 1392 2995 1456 et
3023 1382 3116 1457 ad
3158 1383 3261 1454 tui
3308 1383 3607 1457 nominis
3641 1384 3969 1457 honorem

1151 1506 1479 1599 accedat,
1514 1507 1655 1599 sic,
1698 1508 1903 1600 juxta
1945 1507 2140 1603 qnod
2184 1508 2384 1581 nobis
2418 1530 2543 1603 per
2574 1517 2731 1581 tuas
2767 1508 3027 1581 litteras
3062 1508 3324 1604 pluries
3365 1506 3775 1603 promisisti,
3813 1528 3979 1604 pre-

1152 1632 1361 1705 missa
1384 1631 1634 1725 corrigi
1666 1639 1736 1704 et
1765 1653 1857 1706 ne
1886 1630 1955 1702 in
1991 1640 2336 1726 posterum
2363 1632 2615 1706 similia
2651 1642 3136 1729 presumantnr
3167 1631 3379 1705 facias
3405 1632 3745 1725 interdici,
3775 1633 3969 1727 qnod

1151 1756 1441 1829 ecclesie
1469 1778 1553 1830 ac
1585 1754 1899 1829 homines
1918 1757 2112 1852 regni
2137 1757 2458 1852 predicti,
2490 1757 2761 1832 medela
2789 1770 2944 1853 post
2972 1757 3229 1830 vulnus
3255 1756 3515 1849 habita,
3543 1765 3700 1854 post
3730 1757 3965 1833 fletum

1151 1881 1619 1953 consolatione
1656 1890 2009 1976 suscepta,
2054 1902 2130 1954 se
2172 1881 2264 1953 ab
2296 1881 2699 1975 hujusmodi
2746 1881 3041 1956 miseriis
3084 1880 3435 1976 gaudeant
3483 1883 3844 1977 respirare.
3893 1883 3969 1956 Si

1150 2005 1338 2076 enim
1377 2003 1680 2076 volueris
1722 2005 2007 2077 rationis
2049 2004 2413 2099 diligenter
2455 2007 2854 2080 examinare
2886 2004 3232 2098 judicium
3268 2004 3460 2101 apud
3508 2004 3812 2077 tribunal
3849 2017 3970 2078 tue

1155 2129 1433 2221 mentis,
1476 2139 1709 2223 aperte
1742 2130 2054 2202 invenies
2083 2129 2454 2202 diffinitum
2483 2129 2670 2225 qnod
2714 2150 2843 2203 nos
2886 2129 3008 2223 qni
3049 2129 3177 2201 tihi
3218 2128 3551 2202 hactenns
3584 2129 3746 2224 plns
3780 2132 3971 2223 justo

1151 2254 1431 2325 forsitan
1486 2252 1869 2326 deferentes
1914 2255 2220 2326 ecclesiis
2257 2263 2328 2328 et
2379 2254 2688 2350 personis
2734 2252 3213 2327 ecclesiasticis
3250 2254 3588 2346 justitiam
3639 2252 3973 2326 exhihere

1150 2377 1577 2466 distulimus,
1625 2376 1698 2448 id
1731 2378 1882 2452 sine
1916 2378 2151 2451 divine
2188 2380 2560 2471 majestatis
2593 2379 2888 2465 offensa,
2929 2378 3190 2452 lesione
3227 2378 3409 2450 fame
3442 2387 3513 2450 et
3554 2377 3971 2452 conscientie

1151 2512 1386 2587 nostre
1418 2499 1853 2573 dissimulare
1900 2502 2182 2573 ulterius
2217 2521 2357 2574 non
2399 2502 2740 2574 valemus.

1244 2627 1492 2698 Datum
1527 2626 1841 2717 viterbii,
1873 2623 1931 2697 11
1969 2625 2299 2700 kalendas
2332 2626 2587 2714 martii,
2628 2621 3062 2722 pontificatus
3102 2624 3314 2698 nostri
3350 2643 3536 2697 anno
3567 2621 3686 2695 IX.

1262 3273 1725 3382 FridericuS,
1782 3270 2299 3356 Romanorum
2360 3273 2807 3383 imperator,
2868 3274 3458 3358 controversiam
3513 3272 3709 3357 inter
3763 3298 3844 3358 se
3897 3286 3972 3358 et

1155 3408 1651 3493 Bertholdum
1688 3406 2318 3516 Argentinensem
2363 3407 2800 3517 episcopum
2836 3407 2970 3490 diu
3007 3408 3370 3518 agitatam
3405 3433 3539 3518 per
3572 3410 3970 3518 composi-

1158 3543 1442 3627 tionem
1497 3539 1898 3647 terminat,
1956 3566 2111 3649 qua
2162 3540 2324 3650 ipse
2377 3542 2477 3624 ab
2539 3542 2889 3651 episcopo
2951 3540 3031 3621 in
3085 3537 3400 3624 feudum
3455 3540 3719 3650 recipit
3769 3541 3970 3625 civi-

1159 3687 1392 3761 tatem
1441 3673 1891 3761 Mulhausen
1945 3700 2123 3756 cum
2176 3672 2345 3756 aliis
2406 3672 3014 3784 possessionibus
3036 3737 3059 3783 ‚
3115 3674 3382 3758 castris
3445 3685 3520 3757 et
3564 3674 3975 3758 advocatiis

1158 3812 1439 3894 ibidem
1495 3809 1904 3918 expressiS‚
1953 3818 2028 3891 et
2077 3807 2406 3891 vicissim
2462 3807 2707 3891 eidem
2751 3807 3104 3918 episcopo
3147 3806 3532 3892 renuntiat
3571 3805 3650 3888 in
3706 3807 3974 3891 castris

1158 3955 1232 4026 et
1267 3940 1910 4053 possessionibuS,
1952 3940 2231 4024 scilicet
2276 3941 2726 4047 Altentann,
2765 3938 3264 4050 Egensheim‚
3306 3939 3740 4045 Bernstein,
3792 3941 3976 4023 Gir·-

1159 4076 1408 4158 baden
1426 4135 1450 4182 ,
1494 4073 1839 4182 aliisque.

1318 4302 1531 4382 (Edid.
1559 4301 1958 4374 senonum,
1988 4298 2178 4362 Alsat.
2210 4296 2527 4378 duptamat„
2548 4308 2596 4361 t.
2619 4301 2670 4374 Ι,
2699 4318 2756 4377 p.
2782 4309 2925 4377 314,
2943 4317 3021 4360 ex
3045 4298 3384 4377 apographo
3406 4297 3679 4359 tabularii
3709 4299 3969 4376 episcop.

1396 4406 1726 4485 Tabernis.)

1255 4610 1330 4680 In
1369 4608 1645 4681 nomine
1676 4614 1909 4679 sancte
1957 4618 2025 4678 et
2076 4600 2439 4677 individue
2485 4599 2855 4674 Trinitatis.
2890 4597 3273 4674 Fridericus
3302 4596 3679 4695 secundus,
3730 4599 3974 4673 divina

1157 4735 1429 4804 favente
1466 4731 1828 4802 clementia
1857 4731 2317 4803 Romanorum
2355 4731 2722 4823 imperator
2749 4734 2815 4798 et
2849 4747 3116 4820 semper
3146 4735 3509 4816 augustus,
3550 4724 3976 4799 Jherusalem
