4842 5802
1251 640 1371 700 916
2346 640 2960 702 ADDtTAMENTA.

1255 794 1374 844 rex
1397 827 1416 863 ,
1460 782 1530 844 et
1565 782 1813 845 cetera.
1856 772 2029 844 Cum
2069 772 2160 846 de
2195 773 2374 845 felici
2424 796 2748 869 processu
2800 761 3031 846 nostro
3073 774 3326 846 devota
3370 774 3518 846 sitis
3550 776 3907 849 affectione
3949 800 4075 851 so-

1254 897 1416 967 liciti
1452 904 1521 968 et
1567 896 1658 969 ad
1700 918 1940 969 eorum
1977 918 2114 990 que
2159 896 2341 968 circa
2388 918 2513 969 nos
2551 909 2850 991 aguntur
2886 897 3206 969 noticiam
3253 897 3602 992 aspiretis,
3645 901 4075 976 universitati

1255 1030 1482 1094 vestre
1535 1022 1967 1115 presentibus
2004 1021 2402 1093 intimamus
2438 1022 2560 1118 (a),
2600 1023 3123 1095 occurrentibus
3155 1022 3355 1094 nobis
3388 1022 3700 1117 undique
3731 1026 4076 1121 principi-

1252 1146 1385 1217 bus
1419 1146 1668 1218 nostris
1696 1148 1816 1239 qui
1851 1154 2046 1218 erant
2088 1145 2157 1216 in
2200 1146 2486 1238 regione
2522 1146 2703 1217 Utini
2743 1144 2864 1241 (b),
2902 1155 3042 1218 tam
3079 1145 3246 1239 ipsis
3289 1169 3498 1241 quam
3533 1149 3979 1240 magnatibus
4005 1159 4075 1222 et

1251 1270 1524 1364 populis
1562 1270 1857 1341 civitatis
1900 1270 2325 1363 presenciam
2375 1279 2677 1341 nostram
2711 1269 3205 1364 recipientibus
3240 1291 3512 1342 summo
3559 1280 3763 1362 voto,
3802 1282 3874 1343 et
3909 1294 4070 1346 cum

1251 1392 1648 1465 mandatum
1688 1402 1995 1464 nostrum
2031 1414 2154 1487 per
2190 1393 2447 1464 litteras
2491 1402 2755 1465 nostras
2792 1402 2863 1465 et
2914 1394 3205 1465 nuncios
3250 1403 3635 1466 emanasset
3672 1393 3763 1467 ad
3814 1397 4071 1469 multos

1253 1526 1326 1587 ut
1375 1516 1769 1608 abjurantes
1805 1516 1990 1587 omni
2030 1518 2420 1609 juramento
2454 1515 2512 1588 si
2550 1515 2724 1610 quid
2779 1517 2988 1587 alicui
3039 1518 3370 1609 fecerant,
3419 1516 3619 1589 nobis
3659 1528 3727 1590 et
3780 1519 4069 1615 imperio

1247 1639 1634 1734 specialiter
1702 1639 2045 1712 fidelitatis
2099 1643 2491 1733 Juramenta
2549 1650 2975 1734 prestarent,
3033 1650 3170 1712 tam
3243 1641 3340 1712 illi
3400 1642 3523 1735 qui
3566 1643 3741 1733 jussi
3796 1643 4066 1715 fuerant

1248 1784 1458 1855 quam
1507 1764 1712 1834 ceteri
1764 1762 1854 1835 ad
1902 1785 2078 1857 quos
2123 1773 2412 1835 eventus
2460 1764 2674 1835 nostri
2718 1765 2899 1835 fama
2944 1763 3297 1859 pervenit,
3345 1764 3492 1837 zelo
3550 1763 3900 1838 fidelitatis
3942 1787 4067 1836 ac-

1249 1886 1474 1975 censi,
1519 1886 1848 1978 abjuratis
1894 1887 2314 1980 quibuslibet
2337 1886 2778 1980 juramentis,
2811 1896 3061 1958 statuta
3094 1908 3387 1982 persona
3429 1909 3552 1982 pro
3600 1898 3794 1983 parte
3837 1898 4066 1961 nostra

1247 2011 1319 2081 in
1372 2010 1757 2106 receptione
1811 2008 1902 2105 (c)
1948 2012 2492 2103 juramentorum
2514 2064 2537 2103 ,
2580 2011 2780 2083 nobis
2824 2020 2893 2084 et
2939 2009 3227 2106 imperio
3277 2013 3718 2107 sollenpniter
3770 2014 4066 2104 jurave-

1248 2145 1430 2206 runt.
1474 2134 1612 2208 Sed
1659 2135 1781 2205 ubi
1833 2136 2276 2229 pervenimus
2313 2135 2778 2231 Ratisponiam
2804 2189 2825 2228 ,
2873 2136 3330 2209 conveniente
3387 2136 3648 2209 ibidem
3702 2136 4061 2208 nobiscum

1247 2259 1526 2350 egregia
1576 2258 1965 2352 principum
2016 2258 2373 2346 comitiva,
2426 2258 2769 2330 nobilibus
2823 2268 2892 2330 et
2933 2258 3492 2330 ministerialibus
3527 2255 3631 2353 (d)
3680 2258 3919 2329 multis
3968 2280 4064 2330 ex

1247 2380 1537 2453 diversis
1583 2381 1942 2453 Alemanie
1995 2382 2308 2477 partibus
2362 2391 2431 2454 et
2481 2381 2571 2454 de
2619 2380 2879 2453 ducatu
2927 2389 3158 2454 nostro
3192 2382 3453 2453 Suevie
3495 2382 4064 2454 concurrentibus

1242 2504 1334 2577 ad
1397 2516 1693 2577 nostram
1754 2506 2225 2600 presenciam,
2289 2503 2379 2577 de
2442 2504 2930 2599 tranquillitate
2982 2505 3530 2598 circumjacentis
3573 2504 3660 2599 (e)
3710 2506 4065 2600 provincie

1238 2630 1443 2724 plene
1482 2630 1958 2718 tractavimus,
1999 2629 2406 2723 recipientes
2443 2628 2540 2699 ibi
2578 2629 2868 2700 nuncios
2901 2627 2992 2701 de
3034 2648 3361 2724 prospero
3397 2637 3580 2700 statu
3622 2629 3853 2700 future
3886 2650 4066 2701 con-

1238 2753 1440 2824 sortis
1486 2762 1747 2844 nostre,
1796 2753 2048 2825 sororis
2082 2752 2364 2823 illustris
2400 2751 2587 2846 regis
2620 2750 3037 2845 Anglorum,
3074 2772 3216 2845 que
3245 2760 3401 2845 post
3452 2772 3809 2824 accessum
3857 2773 4062 2823 suum

1237 2877 1310 2947 in
1346 2876 1773 2949 Alemaniam
1825 2897 2269 2970 quocumque
2309 2875 2627 2948 transivit
2663 2874 2851 2949 omni
2896 2872 3415 2947 honorificentia
3455 2874 3881 2969 principum,
3924 2896 4061 2947 no-

1237 2999 1478 3070 bilium
1514 2996 1634 3095 [et]
1671 3000 2087 3093 populorum
2131 3000 2512 3072 devocione
2542 2998 2910 3090 magnifice
2945 2999 3281 3071 duximus
3317 2996 3834 3093 procedendum
3877 2997 4054 3089 (sic),

1236 3131 1441 3216 prout
1485 3123 1654 3192 tanti
1691 3121 1942 3193 sederis
1984 3122 2203 3215 exigit
2244 3122 2675 3216 magnitudo.
2729 3124 3041 3195 Preterea
3084 3122 3251 3216 quia
3286 3142 3411 3194 rex
3449 3119 3631 3193 filius
3667 3130 3922 3211 noster,
3956 3141 4064 3192 re-

1236 3244 1645 3318 cedentibus
1685 3246 2008 3319 omnibus
2057 3247 2147 3317 ab
2202 3266 2287 3318 eo
2335 3257 2494 3341 post
2543 3246 2922 3320 adventum
2969 3254 3277 3318 nostrum
3323 3264 3502 3337 quos
3556 3245 3809 3317 invitos
3851 3243 3941 3317 ad
3985 3265 4062 3316 se

1234 3380 1561 3459 traxerat,
1608 3369 1699 3443 de
1734 3369 2027 3461 singulis
2061 3368 2491 3460 dubitandO,
2549 3371 2848 3443 incertus
2886 3379 3122 3440 utrum
3159 3367 3252 3441 ad
3288 3366 3504 3463 pedes
3550 3377 3816 3440 nostros
3850 3388 4062 3440 acce-

1233 3496 1426 3570 deret
1459 3505 1689 3567 utrum
1719 3493 1912 3588 quod
1933 3502 2271 3589 oporteret
2293 3513 2454 3566 eum
2486 3494 2558 3565 in
2587 3494 2820 3587 aliquo
2852 3503 3075 3566 castro
3099 3491 3344 3588 recipi,
3372 3514 3534 3564 cum
3567 3492 3657 3565 de
3683 3492 3831 3587 (sic)
3859 3490 4059 3584 quasi

1236 3621 1324 3694 de
1369 3621 1589 3715 gratia
1640 3629 1871 3691 nostra
1928 3618 2241 3692 defidens
2289 3639 2366 3690 se
2401 3639 2562 3690 cum
2597 3618 2745 3690 suis
2795 3618 2865 3689 in
2912 3625 3132 3689 castro
3170 3616 3465 3689 Trevelli
3509 3624 3858 3709 receptare
3898 3634 4061 3710 pro-

1235 3754 1559 3839 poneret,
1602 3741 1880 3815 tandem
1919 3743 2012 3814 ad
2049 3764 2169 3815 cor
2209 3763 2528 3815 reversus
2573 3741 2865 3813 nuncios
2916 3761 3081 3813 suos
3135 3740 3577 3814 venientibus
3629 3739 3828 3811 nobis
3868 3737 4060 3832 apud

1237 3868 1697 3940 Nuoremberc
1731 3866 1827 3960 (s)
1860 3867 2265 3955 destinavit,
2305 3887 2432 3961 per
2467 3886 2648 3960 quos
2687 3865 3135 3938 devocionem
3189 3886 3385 3936 suam
3434 3865 3636 3959 plene
3680 3862 3881 3934 nobis
3927 3882 4057 3933 ex-

1241 4011 1503 4085 ponens
1531 3999 1599 4062 et
1634 3989 2134 4082 indulgentiam
2166 3989 2526 4084 postulans
2558 3988 2804 4061 obtulit
2844 4010 2920 4062 se
2963 3997 3279 4084 paratum
3328 3985 3416 4060 ad
3454 4007 3580 4058 nos
3609 3985 3813 4077 juxta
3848 4004 4065 4055 man-

1324 4245 1407 4325 (α)
1450 4242 1576 4305 Sub
1602 4243 1716 4304 hoc
1743 4243 1872 4305 loco
1900 4245 2191 4321 quaedam
2217 4244 2414 4305 deesse
2440 4243 2739 4305 videntur.

1324 4349 1409 4430 (b)
1453 4351 1523 4411 In
1557 4350 1759 4411 codice
1781 4349 1985 4424 vicini,
2014 4350 2189 4410 male.

1329 4458 1405 4537 (c)
1450 4458 1525 4517 In
1548 4457 1749 4518 codice
1773 4457 2077 4534 recipiant,
2107 4458 2376 4532 pessime.

1326 4563 1415 4646 (d)
1457 4565 1527 4625 In
1554 4564 1755 4624 codice
1779 4560 2257 4624 ministrantibus.

1332 4670 1407 4749 (e)
1457 4672 1532 4732 In
1557 4670 1759 4730 codice
1783 4667 2251 4729 circunducentis.

1330 4777 1427 4856 (s)
1453 4779 1522 4838 In
1549 4778 1748 4838 codice
1774 4775 2164 4837 Rom-ambert.
