<?xml version="1.0" encoding="UTF-8"?>
<!DOCTYPE html PUBLIC "-//W3C//DTD XHTML 1.0 Transitional//EN"
    "http://www.w3.org/TR/xhtml1/DTD/xhtml1-transitional.dtd">
<html xmlns="http://www.w3.org/1999/xhtml" xml:lang="en" lang="en">
 <head>
  <title>
</title>
<meta http-equiv="Content-Type" content="text/html;charset=utf-8" />
  <meta name='ocr-system' content='tesseract 3.04.00' />
  <meta name='ocr-capabilities' content='ocr_page ocr_carea ocr_par ocr_line ocrx_word'/>
</head>
<body>
  <div class='ocr_page' id='page_1' title='image "./historiadiploma01degoog_0386.png"; bbox 0 0 4842 5802; ppageno 0'>
   <div class='ocr_carea' id='block_1_1' title="bbox 1181 617 3988 703">
    <p class='ocr_par' dir='ltr' id='par_1_1' title="bbox 1181 617 3988 703">
     <span class='ocr_line' id='line_1_1' title="bbox 1181 617 3988 703; baseline 0.002 -22"><span class='ocrx_word' id='word_1_1' title='bbox 1181 617 1303 681; x_wconf 81' lang='lat'><strong>866</strong></span> <span class='ocrx_word' id='word_1_2' title='bbox 2190 622 2623 687; x_wconf 73' lang='lat' dir='ltr'><strong>rmnssmcl</strong></span> <span class='ocrx_word' id='word_1_3' title='bbox 2674 624 3018 688; x_wconf 67' lang='lat' dir='ltr'><strong>suenum</strong></span> <span class='ocrx_word' id='word_1_4' title='bbox 3612 624 3776 703; x_wconf 76' lang='lat' dir='ltr'><strong>[Arm.</strong></span> <span class='ocrx_word' id='word_1_5' title='bbox 3813 622 3988 686; x_wconf 80' lang='lat'><strong>1236.</strong></span> 
     </span>
    </p>
   </div>
   <div class='ocr_carea' id='block_1_2' title="bbox 1185 751 4000 2087">
    <p class='ocr_par' dir='ltr' id='par_1_2' title="bbox 1185 751 4000 1839">
     <span class='ocr_line' id='line_1_2' title="bbox 1188 751 3990 853; baseline 0.001 -27"><span class='ocrx_word' id='word_1_6' title='bbox 1188 751 1527 842; x_wconf 85' lang='lat' dir='ltr'><strong>tersbach,</strong></span> <span class='ocrx_word' id='word_1_7' title='bbox 1570 752 1872 826; x_wconf 89' lang='lat' dir='ltr'><strong>decimas</strong></span> <span class='ocrx_word' id='word_1_8' title='bbox 1902 753 1975 825; x_wconf 92' lang='lat' dir='ltr'><strong>in</strong></span> <span class='ocrx_word' id='word_1_9' title='bbox 2012 753 2275 828; x_wconf 89' lang='lat' dir='ltr'><strong>eisdem</strong></span> <span class='ocrx_word' id='word_1_10' title='bbox 2308 758 2591 853; x_wconf 82' lang='lat' dir='ltr'><strong>prefatis</strong></span> <span class='ocrx_word' id='word_1_11' title='bbox 2625 759 2885 832; x_wconf 81' lang='lat' dir='ltr'><strong>villulis</strong></span> <span class='ocrx_word' id='word_1_12' title='bbox 2913 778 2995 831; x_wconf 89' lang='lat' dir='ltr'><strong>ac</strong></span> <span class='ocrx_word' id='word_1_13' title='bbox 3022 757 3158 830; x_wconf 91' lang='lat' dir='ltr'><strong>alia</strong></span> <span class='ocrx_word' id='word_1_14' title='bbox 3189 756 3372 830; x_wconf 92' lang='lat' dir='ltr'><strong>bona</strong></span> <span class='ocrx_word' id='word_1_15' title='bbox 3408 777 3534 830; x_wconf 89' lang='lat' dir='ltr'><strong>sua</strong></span> <span class='ocrx_word' id='word_1_16' title='bbox 3564 779 3704 851; x_wconf 90' lang='lat' dir='ltr'><strong>que</strong></span> <span class='ocrx_word' id='word_1_17' title='bbox 3741 759 3810 829; x_wconf 93' lang='lat' dir='ltr'><strong>in</strong></span> <span class='ocrx_word' id='word_1_18' title='bbox 3838 778 3990 853; x_wconf 90' lang='lat' dir='ltr'><strong>pre-</strong></span> 
     </span>
     <span class='ocr_line' id='line_1_3' title="bbox 1188 876 3994 976; baseline 0.002 -27"><span class='ocrx_word' id='word_1_19' title='bbox 1188 876 1362 949; x_wconf 89' lang='lat' dir='ltr'><strong>senti</strong></span> <span class='ocrx_word' id='word_1_20' title='bbox 1388 880 1575 968; x_wconf 88' lang='lat' dir='ltr'><strong>juste</strong></span> <span class='ocrx_word' id='word_1_21' title='bbox 1609 885 1844 950; x_wconf 87' lang='lat' dir='ltr'><strong>tenent</strong></span> <span class='ocrx_word' id='word_1_22' title='bbox 1893 886 1962 950; x_wconf 90' lang='lat' dir='ltr'><strong>et</strong></span> <span class='ocrx_word' id='word_1_23' title='bbox 1994 878 2350 975; x_wconf 86' lang='lat' dir='ltr'><strong>possident</strong></span> <span class='ocrx_word' id='word_1_24' title='bbox 2394 890 2466 954; x_wconf 88' lang='lat' dir='ltr'><strong>et</strong></span> <span class='ocrx_word' id='word_1_25' title='bbox 2511 882 2583 955; x_wconf 93' lang='lat' dir='ltr'><strong>in</strong></span> <span class='ocrx_word' id='word_1_26' title='bbox 2620 893 2820 956; x_wconf 89' lang='lat' dir='ltr'><strong>antea</strong></span> <span class='ocrx_word' id='word_1_27' title='bbox 2845 882 3033 974; x_wconf 87' lang='lat' dir='ltr'><strong>justo</strong></span> <span class='ocrx_word' id='word_1_28' title='bbox 3068 879 3538 974; x_wconf 73' lang='lat' dir='ltr'><strong>acquisitionis</strong></span> <span class='ocrx_word' id='word_1_29' title='bbox 3575 881 3772 954; x_wconf 87' lang='lat' dir='ltr'><strong>titulo</strong></span> <span class='ocrx_word' id='word_1_30' title='bbox 3799 890 3994 976; x_wconf 88' lang='lat' dir='ltr'><strong>pote-</strong></span> 
     </span>
     <span class='ocr_line' id='line_1_4' title="bbox 1185 999 3985 1102; baseline 0.001 -31"><span class='ocrx_word' id='word_1_31' title='bbox 1185 1009 1351 1072; x_wconf 88' lang='lat' dir='ltr'><strong>runt</strong></span> <span class='ocrx_word' id='word_1_32' title='bbox 1412 999 1748 1094; x_wconf 89' lang='lat' dir='ltr'><strong>adipisci,</strong></span> <span class='ocrx_word' id='word_1_33' title='bbox 1815 1002 1951 1074; x_wconf 92' lang='lat' dir='ltr'><strong>sub</strong></span> <span class='ocrx_word' id='word_1_34' title='bbox 2007 1011 2239 1076; x_wconf 90' lang='lat' dir='ltr'><strong>nostra</strong></span> <span class='ocrx_word' id='word_1_35' title='bbox 2302 1014 2372 1078; x_wconf 88' lang='lat' dir='ltr'><strong>et</strong></span> <span class='ocrx_word' id='word_1_36' title='bbox 2425 1004 2696 1101; x_wconf 89' lang='lat' dir='ltr'><strong>imperii</strong></span> <span class='ocrx_word' id='word_1_37' title='bbox 2751 1004 3171 1102; x_wconf 88' lang='lat' dir='ltr'><strong>protectione</strong></span> <span class='ocrx_word' id='word_1_38' title='bbox 3232 1004 3618 1100; x_wconf 76' lang='lat' dir='ltr'><strong>recepimus</strong></span> <span class='ocrx_word' id='word_1_39' title='bbox 3667 1002 3985 1100; x_wconf 81' lang='lat' dir='ltr'><strong>speciali3</strong></span> 
     </span>
     <span class='ocr_line' id='line_1_5' title="bbox 1188 1122 3994 1220; baseline 0.001 -25"><span class='ocrx_word' id='word_1_40' title='bbox 1188 1122 1593 1198; x_wconf 80' lang='lat' dir='ltr'><strong>mandantes</strong></span> <span class='ocrx_word' id='word_1_41' title='bbox 1637 1134 1703 1196; x_wconf 92' lang='lat' dir='ltr'><strong>et</strong></span> <span class='ocrx_word' id='word_1_42' title='bbox 1749 1125 2200 1220; x_wconf 73' lang='lat' dir='ltr'><strong>precipientes</strong></span> <span class='ocrx_word' id='word_1_43' title='bbox 2235 1127 2662 1203; x_wconf 81' lang='lat' dir='ltr'><strong>universitati</strong></span> <span class='ocrx_word' id='word_1_44' title='bbox 2700 1137 2929 1203; x_wconf 81' lang='lat' dir='ltr'><strong>vestre</strong></span> <span class='ocrx_word' id='word_1_45' title='bbox 2962 1126 3246 1200; x_wconf 87' lang='lat' dir='ltr'><strong>firmiter</strong></span> <span class='ocrx_word' id='word_1_46' title='bbox 3282 1138 3356 1199; x_wconf 91' lang='lat' dir='ltr'><strong>et</strong></span> <span class='ocrx_word' id='word_1_47' title='bbox 3391 1125 3695 1200; x_wconf 88' lang='lat' dir='ltr'><strong>districte</strong></span> <span class='ocrx_word' id='word_1_48' title='bbox 3730 1135 3808 1199; x_wconf 88' lang='lat' dir='ltr'><strong>ut</strong></span> <span class='ocrx_word' id='word_1_49' title='bbox 3840 1126 3994 1198; x_wconf 91' lang='lat' dir='ltr'><strong>nul·</strong></span> 
     </span>
     <span class='ocr_line' id='line_1_6' title="bbox 1189 1247 3995 1346; baseline 0.001 -27"><span class='ocrx_word' id='word_1_50' title='bbox 1189 1249 1301 1319; x_wconf 91' lang='lat' dir='ltr'><strong>lus</strong></span> <span class='ocrx_word' id='word_1_51' title='bbox 1328 1248 1417 1319; x_wconf 90' lang='lat' dir='ltr'><strong>sit</strong></span> <span class='ocrx_word' id='word_1_52' title='bbox 1451 1247 1554 1340; x_wconf 87' lang='lat' dir='ltr'><strong>(a)</strong></span> <span class='ocrx_word' id='word_1_53' title='bbox 1584 1248 1707 1342; x_wconf 92' lang='lat' dir='ltr'><strong>qui</strong></span> <span class='ocrx_word' id='word_1_54' title='bbox 1746 1247 2127 1344; x_wconf 75' lang='lat' dir='ltr'><strong>pmdictum</strong></span> <span class='ocrx_word' id='word_1_55' title='bbox 2161 1252 2630 1346; x_wconf 84' lang='lat' dir='ltr'><strong>prepositum,</strong></span> <span class='ocrx_word' id='word_1_56' title='bbox 2664 1261 3120 1344; x_wconf 88' lang='lat' dir='ltr'><strong>conventum,</strong></span> <span class='ocrx_word' id='word_1_57' title='bbox 3160 1251 3654 1327; x_wconf 88' lang='lat' dir='ltr'><strong>monasterium</strong></span> <span class='ocrx_word' id='word_1_58' title='bbox 3694 1259 3764 1323; x_wconf 91' lang='lat' dir='ltr'><strong>et</strong></span> <span class='ocrx_word' id='word_1_59' title='bbox 3806 1250 3995 1324; x_wconf 83' lang='lat' dir='ltr'><strong>bona</strong></span> 
     </span>
     <span class='ocr_line' id='line_1_7' title="bbox 1188 1372 3997 1471; baseline 0.002 -29"><span class='ocrx_word' id='word_1_60' title='bbox 1188 1372 1496 1466; x_wconf 90' lang='lat' dir='ltr'><strong>ipsorum</strong></span> <span class='ocrx_word' id='word_1_61' title='bbox 1553 1381 1786 1443; x_wconf 86' lang='lat' dir='ltr'><strong>contra</strong></span> <span class='ocrx_word' id='word_1_62' title='bbox 1844 1374 2178 1468; x_wconf 88' lang='lat' dir='ltr'><strong>presentis</strong></span> <span class='ocrx_word' id='word_1_63' title='bbox 2248 1377 2688 1471; x_wconf 89' lang='lat' dir='ltr'><strong>protectionis</strong></span> <span class='ocrx_word' id='word_1_64' title='bbox 2741 1385 3044 1452; x_wconf 85' lang='lat' dir='ltr'><strong>tenorem</strong></span> <span class='ocrx_word' id='word_1_65' title='bbox 3097 1385 3351 1451; x_wconf 90' lang='lat' dir='ltr'><strong>temere</strong></span> <span class='ocrx_word' id='word_1_66' title='bbox 3399 1375 3795 1470; x_wconf 86' lang='lat' dir='ltr'><strong>perturbare</strong></span> <span class='ocrx_word' id='word_1_67' title='bbox 3840 1396 3997 1470; x_wconf 93' lang='lat' dir='ltr'><strong>pre-</strong></span> 
     </span>
     <span class='ocr_line' id='line_1_8' title="bbox 1188 1495 4000 1593; baseline 0.001 -27"><span class='ocrx_word' id='word_1_68' title='bbox 1188 1506 1439 1567; x_wconf 88' lang='lat' dir='ltr'><strong>sumat.</strong></span> <span class='ocrx_word' id='word_1_69' title='bbox 1480 1495 1681 1580; x_wconf 90' lang='lat' dir='ltr'><strong>Quod</strong></span> <span class='ocrx_word' id='word_1_70' title='bbox 1723 1496 1847 1589; x_wconf 86' lang='lat' dir='ltr'><strong>qui</strong></span> <span class='ocrx_word' id='word_1_71' title='bbox 1895 1498 2383 1593; x_wconf 84' lang='lat' dir='ltr'><strong>presumpserit</strong></span> <span class='ocrx_word' id='word_1_72' title='bbox 2430 1499 2977 1593; x_wconf 81' lang='lat' dir='ltr'><strong>indignationem</strong></span> <span class='ocrx_word' id='word_1_73' title='bbox 3010 1499 3223 1573; x_wconf 87' lang='lat' dir='ltr'><strong>nostri</strong></span> <span class='ocrx_word' id='word_1_74' title='bbox 3256 1499 3577 1573; x_wconf 85' lang='lat' dir='ltr'><strong>culminis</strong></span> <span class='ocrx_word' id='word_1_75' title='bbox 3623 1519 3699 1572; x_wconf 89' lang='lat' dir='ltr'><strong>se</strong></span> <span class='ocrx_word' id='word_1_76' title='bbox 3729 1498 4000 1573; x_wconf 83' lang='lat' dir='ltr'><strong>noverit</strong></span> 
     </span>
     <span class='ocr_line' id='line_1_9' title="bbox 1190 1616 3993 1718; baseline 0.001 -29"><span class='ocrx_word' id='word_1_77' title='bbox 1190 1619 1580 1691; x_wconf 88' lang='lat' dir='ltr'><strong>incurrisse.</strong></span> <span class='ocrx_word' id='word_1_78' title='bbox 1636 1616 1747 1693; x_wconf 89' lang='lat' dir='ltr'><strong>Ad</strong></span> <span class='ocrx_word' id='word_1_79' title='bbox 1796 1620 2004 1714; x_wconf 87' lang='lat' dir='ltr'><strong>hujus</strong></span> <span class='ocrx_word' id='word_1_80' title='bbox 2061 1621 2158 1694; x_wconf 89' lang='lat' dir='ltr'><strong>rei</strong></span> <span class='ocrx_word' id='word_1_81' title='bbox 2211 1623 2610 1695; x_wconf 89' lang='lat' dir='ltr'><strong>memoriam</strong></span> <span class='ocrx_word' id='word_1_82' title='bbox 2664 1633 2734 1695; x_wconf 92' lang='lat' dir='ltr'><strong>et</strong></span> <span class='ocrx_word' id='word_1_83' title='bbox 2788 1623 3000 1697; x_wconf 89' lang='lat' dir='ltr'><strong>robur</strong></span> <span class='ocrx_word' id='word_1_84' title='bbox 3058 1623 3132 1694; x_wconf 92' lang='lat' dir='ltr'><strong>in</strong></span> <span class='ocrx_word' id='word_1_85' title='bbox 3188 1634 3537 1718; x_wconf 89' lang='lat' dir='ltr'><strong>posterum</strong></span> <span class='ocrx_word' id='word_1_86' title='bbox 3582 1621 3993 1711; x_wconf 84' lang='lat' dir='ltr'><strong>valiturum,</strong></span> 
     </span>
     <span class='ocr_line' id='line_1_10' title="bbox 1191 1743 3313 1839; baseline 0.002 -25"><span class='ocrx_word' id='word_1_87' title='bbox 1191 1764 1472 1839; x_wconf 87' lang='lat' dir='ltr'><strong>presens</strong></span> <span class='ocrx_word' id='word_1_88' title='bbox 1503 1743 1832 1838; x_wconf 89' lang='lat' dir='ltr'><strong>scriptum</strong></span> <span class='ocrx_word' id='word_1_89' title='bbox 1868 1743 2014 1817; x_wconf 86' lang='lat' dir='ltr'><strong>fieri</strong></span> <span class='ocrx_word' id='word_1_90' title='bbox 2039 1745 2374 1837; x_wconf 88' lang='lat' dir='ltr'><strong>jussimus</strong></span> <span class='ocrx_word' id='word_1_91' title='bbox 2402 1747 2630 1839; x_wconf 82' lang='lat' dir='ltr'><strong>sigillo</strong></span> <span class='ocrx_word' id='word_1_92' title='bbox 2666 1758 2897 1821; x_wconf 89' lang='lat' dir='ltr'><strong>nostro</strong></span> <span class='ocrx_word' id='word_1_93' title='bbox 2944 1747 3313 1820; x_wconf 88' lang='lat' dir='ltr'><strong>munitum.</strong></span> 
     </span>
    </p>

    <p class='ocr_par' dir='ltr' id='par_1_3' title="bbox 1190 1865 4000 2087">
     <span class='ocr_line' id='line_1_11' title="bbox 1288 1865 4000 1962; baseline 0 -24"><span class='ocrx_word' id='word_1_94' title='bbox 1288 1869 1536 1939; x_wconf 88' lang='lat' dir='ltr'><strong>Datum</strong></span> <span class='ocrx_word' id='word_1_95' title='bbox 1581 1866 1771 1962; x_wconf 93' lang='lat' dir='ltr'><strong>apud</strong></span> <span class='ocrx_word' id='word_1_96' title='bbox 1818 1866 2234 1962; x_wconf 89' lang='lat' dir='ltr'><strong>Herbipolim</strong></span> <span class='ocrx_word' id='word_1_97' title='bbox 2253 1922 2275 1961; x_wconf 88' lang='lat'><strong>,</strong></span> <span class='ocrx_word' id='word_1_98' title='bbox 2317 1889 2501 1942; x_wconf 92' lang='lat' dir='ltr'><strong>anno</strong></span> <span class='ocrx_word' id='word_1_99' title='bbox 2541 1870 2885 1943; x_wconf 90' lang='lat' dir='ltr'><strong>dominice</strong></span> <span class='ocrx_word' id='word_1_100' title='bbox 2926 1868 3412 1944; x_wconf 90' lang='lat' dir='ltr'><strong>incarnationis</strong></span> <span class='ocrx_word' id='word_1_101' title='bbox 3454 1868 3812 1942; x_wconf 88' lang='lat' dir='ltr'><strong>millesimo</strong></span> <span class='ocrx_word' id='word_1_102' title='bbox 3866 1865 4000 1941; x_wconf 85' lang='lat' dir='ltr'><strong>du·</strong></span> 
     </span>
     <span class='ocr_line' id='line_1_12' title="bbox 1190 1991 3409 2087; baseline 0 -23"><span class='ocrx_word' id='word_1_103' title='bbox 1190 1992 1563 2065; x_wconf 88' lang='lat' dir='ltr'><strong>centesimo</strong></span> <span class='ocrx_word' id='word_1_104' title='bbox 1601 1992 1938 2065; x_wconf 86' lang='lat' dir='ltr'><strong>tricesimo</strong></span> <span class='ocrx_word' id='word_1_105' title='bbox 1974 2002 2209 2085; x_wconf 85' lang='lat' dir='ltr'><strong>sexto,</strong></span> <span class='ocrx_word' id='word_1_106' title='bbox 2254 2014 2494 2067; x_wconf 90' lang='lat' dir='ltr'><strong>mense</strong></span> <span class='ocrx_word' id='word_1_107' title='bbox 2523 1994 2731 2087; x_wconf 89' lang='lat' dir='ltr'><strong>maii,</strong></span> <span class='ocrx_word' id='word_1_108' title='bbox 2777 2014 2959 2069; x_wconf 91' lang='lat' dir='ltr'><strong>none</strong></span> <span class='ocrx_word' id='word_1_109' title='bbox 2993 1991 3409 2068; x_wconf 88' lang='lat' dir='ltr'><strong>indictionis.</strong></span> 
     </span>
    </p>
   </div>
   <div class='ocr_carea' id='block_1_3' title="bbox 808 2570 4006 2947">
    <p class='ocr_par' dir='ltr' id='par_1_4' title="bbox 808 2570 4006 2947">
     <span class='ocr_line' id='line_1_13' title="bbox 808 2570 4004 2683; baseline -0.006 -12"><span class='ocrx_word' id='word_1_110' title='bbox 808 2571 1111 2678; x_wconf 57' lang='grc' dir='ltr'><strong>ηηῒῖἒοῗω,</strong></span> <span class='ocrx_word' id='word_1_111' title='bbox 1295 2571 1718 2655; x_wconf 86' lang='lat' dir='ltr'><strong>Fridericus</strong></span> <span class='ocrx_word' id='word_1_112' title='bbox 1734 2631 1758 2677; x_wconf 90' lang='lat'><strong>,</strong></span> <span class='ocrx_word' id='word_1_113' title='bbox 1815 2570 2335 2656; x_wconf 86' lang='lat' dir='ltr'><strong>Romanorum</strong></span> <span class='ocrx_word' id='word_1_114' title='bbox 2400 2573 2843 2683; x_wconf 87' lang='lat' dir='ltr'><strong>imperator,</strong></span> <span class='ocrx_word' id='word_1_115' title='bbox 2899 2571 3370 2657; x_wconf 87' lang='lat' dir='ltr'><strong>abbatissam</strong></span> <span class='ocrx_word' id='word_1_116' title='bbox 3423 2584 3498 2657; x_wconf 84' lang='lat' dir='ltr'><strong>et</strong></span> <span class='ocrx_word' id='word_1_117' title='bbox 3549 2583 4004 2657; x_wconf 86' lang='lat' dir='ltr'><strong>conventum</strong></span> 
     </span>
     <span class='ocr_line' id='line_1_14' title="bbox 897 2681 4006 2816; baseline -0.002 -28"><span class='ocrx_word' id='word_1_118' title='bbox 897 2681 1032 2723; x_wconf 70' lang='lat'>&#39;³⁸¹⁰&#39;</span> <span class='ocrx_word' id='word_1_119' title='bbox 1187 2703 1709 2786; x_wconf 87' lang='lat' dir='ltr'><strong>Porcetensem</strong></span> <span class='ocrx_word' id='word_1_120' title='bbox 1757 2703 1979 2813; x_wconf 84' lang='lat' dir='ltr'><strong>juxta</strong></span> <span class='ocrx_word' id='word_1_121' title='bbox 2034 2704 2606 2816; x_wconf 85' lang='lat' dir='ltr'><strong>Aquisgranum</strong></span> <span class='ocrx_word' id='word_1_122' title='bbox 2660 2731 2838 2789; x_wconf 88' lang='lat' dir='ltr'><strong>cum</strong></span> <span class='ocrx_word' id='word_1_123' title='bbox 2881 2706 3242 2790; x_wconf 88' lang='lat' dir='ltr'><strong>omnibus</strong></span> <span class='ocrx_word' id='word_1_124' title='bbox 3296 2704 3732 2790; x_wconf 87' lang='lat' dir='ltr'><strong>monasterii</strong></span> <span class='ocrx_word' id='word_1_125' title='bbox 3785 2702 4006 2788; x_wconf 91' lang='lat' dir='ltr'><strong>bonis</strong></span> 
     </span>
     <span class='ocr_line' id='line_1_15' title="bbox 1195 2835 2783 2947; baseline 0.001 -27"><span class='ocrx_word' id='word_1_126' title='bbox 1195 2835 1340 2920; x_wconf 89' lang='lat' dir='ltr'><strong>sub</strong></span> <span class='ocrx_word' id='word_1_127' title='bbox 1378 2861 1518 2920; x_wconf 88' lang='lat' dir='ltr'><strong>sua</strong></span> <span class='ocrx_word' id='word_1_128' title='bbox 1552 2846 1627 2920; x_wconf 88' lang='lat' dir='ltr'><strong>et</strong></span> <span class='ocrx_word' id='word_1_129' title='bbox 1660 2835 1956 2946; x_wconf 87' lang='lat' dir='ltr'><strong>imperii</strong></span> <span class='ocrx_word' id='word_1_130' title='bbox 1992 2837 2453 2945; x_wconf 87' lang='lat' dir='ltr'><strong>protectione</strong></span> <span class='ocrx_word' id='word_1_131' title='bbox 2496 2837 2783 2947; x_wconf 89' lang='lat' dir='ltr'><strong>recipit.</strong></span> 
     </span>
    </p>
   </div>
   <div class='ocr_carea' id='block_1_4' title="bbox 1365 3047 4004 3238">
    <p class='ocr_par' dir='ltr' id='par_1_5' title="bbox 1365 3047 4004 3238">
     <span class='ocr_line' id='line_1_16' title="bbox 1365 3047 4004 3133; baseline -0.002 -19"><span class='ocrx_word' id='word_1_132' title='bbox 1365 3050 1556 3131; x_wconf 82' lang='lat' dir='ltr'><strong>(Edit.</strong></span> <span class='ocrx_word' id='word_1_133' title='bbox 1588 3070 1687 3131; x_wconf 88' lang='lat' dir='ltr'><strong>ap.</strong></span> <span class='ocrx_word' id='word_1_134' title='bbox 1716 3053 1942 3128; x_wconf 77' lang='lat' dir='ltr'><strong>Lumo,</strong></span> <span class='ocrx_word' id='word_1_135' title='bbox 1960 3050 2369 3126; x_wconf 58' lang='lat' dir='ltr'><strong>Reicloearcln‘m</strong></span> <span class='ocrx_word' id='word_1_136' title='bbox 2399 3060 2447 3118; x_wconf 90' lang='lat' dir='ltr'><strong>t.</strong></span> <span class='ocrx_word' id='word_1_137' title='bbox 2475 3055 2702 3130; x_wconf 84' lang='lat' dir='ltr'><strong>xvnl,</strong></span> <span class='ocrx_word' id='word_1_138' title='bbox 2728 3072 2791 3133; x_wconf 86' lang='lat' dir='ltr'><strong>p.</strong></span> <span class='ocrx_word' id='word_1_139' title='bbox 2814 3063 3047 3117; x_wconf 74' lang='lat'><strong>808.—</strong></span> <span class='ocrx_word' id='word_1_140' title='bbox 3070 3054 3261 3131; x_wconf 84' lang='lat' dir='ltr'><strong>Qurx,</strong></span> <span class='ocrx_word' id='word_1_141' title='bbox 3284 3051 3481 3117; x_wconf 72' lang='lat' dir='ltr'><em>Goxh.</em></span> <span class='ocrx_word' id='word_1_142' title='bbox 3508 3047 4004 3122; x_wconf 69' lang='lat' dir='ltr'><strong>von-Burucheid,</strong></span> 
     </span>
     <span class='ocr_line' id='line_1_17' title="bbox 1443 3159 1702 3238; baseline -0.015 -16"><span class='ocrx_word' id='word_1_143' title='bbox 1443 3178 1505 3236; x_wconf 87' lang='lat' dir='ltr'><strong>p.</strong></span> <span class='ocrx_word' id='word_1_144' title='bbox 1536 3159 1702 3238; x_wconf 76' lang='lat'>231.)</span> 
     </span>
    </p>
   </div>
   <div class='ocr_carea' id='block_1_5' title="bbox 1210 3341 4027 4558">
    <p class='ocr_par' dir='ltr' id='par_1_6' title="bbox 1210 3341 4027 4558">
     <span class='ocr_line' id='line_1_18' title="bbox 1305 3341 4016 3442; baseline -0.003 -21"><span class='ocrx_word' id='word_1_145' title='bbox 1305 3345 1715 3440; x_wconf 87' lang='lat' dir='ltr'><strong>Fridericus,</strong></span> <span class='ocrx_word' id='word_1_146' title='bbox 1752 3347 1874 3421; x_wconf 92' lang='lat' dir='ltr'><strong>Dei</strong></span> <span class='ocrx_word' id='word_1_147' title='bbox 1908 3348 2126 3442; x_wconf 81' lang='lat' dir='ltr'><strong>gratia</strong></span> <span class='ocrx_word' id='word_1_148' title='bbox 2168 3347 2627 3422; x_wconf 85' lang='lat' dir='ltr'><strong>Romanorum</strong></span> <span class='ocrx_word' id='word_1_149' title='bbox 2655 3347 3017 3442; x_wconf 88' lang='lat' dir='ltr'><strong>imperator</strong></span> <span class='ocrx_word' id='word_1_150' title='bbox 3049 3364 3320 3442; x_wconf 88' lang='lat' dir='ltr'><strong>semper</strong></span> <span class='ocrx_word' id='word_1_151' title='bbox 3351 3350 3720 3438; x_wconf 76' lang='lat' dir='ltr'><strong>augustuS‚</strong></span> <span class='ocrx_word' id='word_1_152' title='bbox 3757 3341 4016 3414; x_wconf 89' lang='lat' dir='ltr'><strong>Hieru-</strong></span> 
     </span>
     <span class='ocr_line' id='line_1_19' title="bbox 1210 3464 4017 3566; baseline -0.005 -18"><span class='ocrx_word' id='word_1_153' title='bbox 1210 3476 1421 3548; x_wconf 87' lang='lat' dir='ltr'><strong>salem</strong></span> <span class='ocrx_word' id='word_1_154' title='bbox 1450 3480 1518 3544; x_wconf 90' lang='lat' dir='ltr'><strong>et</strong></span> <span class='ocrx_word' id='word_1_155' title='bbox 1547 3471 1775 3544; x_wconf 86' lang='lat' dir='ltr'><strong>Sicilie</strong></span> <span class='ocrx_word' id='word_1_156' title='bbox 1809 3492 1959 3544; x_wconf 86' lang='lat' dir='ltr'><strong>rex.</strong></span> <span class='ocrx_word' id='word_1_157' title='bbox 2003 3472 2129 3542; x_wconf 90' lang='lat' dir='ltr'><strong>Per</strong></span> <span class='ocrx_word' id='word_1_158' title='bbox 2156 3491 2438 3566; x_wconf 89' lang='lat' dir='ltr'><strong>presens</strong></span> <span class='ocrx_word' id='word_1_159' title='bbox 2469 3470 2801 3565; x_wconf 90' lang='lat' dir='ltr'><strong>scriptum</strong></span> <span class='ocrx_word' id='word_1_160' title='bbox 2832 3479 3072 3543; x_wconf 87' lang='lat' dir='ltr'><strong>notum</strong></span> <span class='ocrx_word' id='word_1_161' title='bbox 3109 3469 3256 3543; x_wconf 86' lang='lat' dir='ltr'><strong>fieri</strong></span> <span class='ocrx_word' id='word_1_162' title='bbox 3302 3469 3624 3541; x_wconf 88' lang='lat' dir='ltr'><strong>volumus</strong></span> <span class='ocrx_word' id='word_1_163' title='bbox 3674 3464 4017 3538; x_wconf 84' lang='lat' dir='ltr'><strong>universis</strong></span> 
     </span>
     <span class='ocr_line' id='line_1_20' title="bbox 1211 3591 4016 3691; baseline -0.004 -18"><span class='ocrx_word' id='word_1_164' title='bbox 1211 3598 1533 3672; x_wconf 87' lang='lat' dir='ltr'><strong>fidelibus</strong></span> <span class='ocrx_word' id='word_1_165' title='bbox 1569 3596 1819 3669; x_wconf 88' lang='lat' dir='ltr'><strong>nostris</strong></span> <span class='ocrx_word' id='word_1_166' title='bbox 1851 3596 2119 3691; x_wconf 90' lang='lat' dir='ltr'><strong>imperii</strong></span> <span class='ocrx_word' id='word_1_167' title='bbox 2150 3605 2289 3668; x_wconf 90' lang='lat' dir='ltr'><strong>tam</strong></span> <span class='ocrx_word' id='word_1_168' title='bbox 2328 3595 2760 3690; x_wconf 86' lang='lat' dir='ltr'><strong>presentibus</strong></span> <span class='ocrx_word' id='word_1_169' title='bbox 2793 3616 3003 3689; x_wconf 90' lang='lat' dir='ltr'><strong>quam</strong></span> <span class='ocrx_word' id='word_1_170' title='bbox 3029 3593 3279 3666; x_wconf 81' lang='lat' dir='ltr'><strong>futuris</strong></span> <span class='ocrx_word' id='word_1_171' title='bbox 3310 3591 3502 3687; x_wconf 89' lang='lat' dir='ltr'><strong>quod</strong></span> <span class='ocrx_word' id='word_1_172' title='bbox 3526 3613 3616 3664; x_wconf 88' lang='lat' dir='ltr'><strong>ex</strong></span> <span class='ocrx_word' id='word_1_173' title='bbox 3652 3598 3846 3686; x_wconf 86' lang='lat' dir='ltr'><strong>parte</strong></span> <span class='ocrx_word' id='word_1_174' title='bbox 3881 3609 4016 3662; x_wconf 83' lang='lat' dir='ltr'><strong>ve-</strong></span> 
     </span>
     <span class='ocr_line' id='line_1_21' title="bbox 1212 3712 4018 3811; baseline -0.005 -14"><span class='ocrx_word' id='word_1_175' title='bbox 1212 3720 1536 3797; x_wconf 88' lang='lat' dir='ltr'><strong>nerabilis</strong></span> <span class='ocrx_word' id='word_1_176' title='bbox 1560 3719 1904 3793; x_wconf 86' lang='lat' dir='ltr'><strong>abbatisse</strong></span> <span class='ocrx_word' id='word_1_177' title='bbox 1928 3729 1998 3792; x_wconf 91' lang='lat' dir='ltr'><strong>et</strong></span> <span class='ocrx_word' id='word_1_178' title='bbox 2032 3727 2414 3793; x_wconf 88' lang='lat' dir='ltr'><strong>conventus</strong></span> <span class='ocrx_word' id='word_1_179' title='bbox 2443 3719 2868 3793; x_wconf 88' lang='lat' dir='ltr'><strong>Porcetensis</strong></span> <span class='ocrx_word' id='word_1_180' title='bbox 2891 3717 3092 3810; x_wconf 85' lang='lat' dir='ltr'><strong>juxta</strong></span> <span class='ocrx_word' id='word_1_181' title='bbox 3116 3715 3371 3811; x_wconf 85' lang='lat' dir='ltr'><strong>Aquis,</strong></span> <span class='ocrx_word' id='word_1_182' title='bbox 3411 3712 3874 3787; x_wconf 87' lang='lat' dir='ltr'><strong>Cisterciensis</strong></span> <span class='ocrx_word' id='word_1_183' title='bbox 3898 3733 4018 3784; x_wconf 91' lang='lat' dir='ltr'><strong>or-</strong></span> 
     </span>
     <span class='ocr_line' id='line_1_22' title="bbox 1214 3837 4018 3936; baseline -0.006 -13"><span class='ocrx_word' id='word_1_184' title='bbox 1214 3848 1435 3936; x_wconf 90' lang='lat' dir='ltr'><strong>dinis,</strong></span> <span class='ocrx_word' id='word_1_185' title='bbox 1475 3845 1783 3919; x_wconf 86' lang='lat' dir='ltr'><strong>fidelium</strong></span> <span class='ocrx_word' id='word_1_186' title='bbox 1824 3852 2241 3934; x_wconf 88' lang='lat' dir='ltr'><strong>nostrorum,</strong></span> <span class='ocrx_word' id='word_1_187' title='bbox 2292 3850 2525 3916; x_wconf 89' lang='lat' dir='ltr'><strong>nostre</strong></span> <span class='ocrx_word' id='word_1_188' title='bbox 2571 3842 2703 3916; x_wconf 84' lang='lat' dir='ltr'><strong>fuit</strong></span> <span class='ocrx_word' id='word_1_189' title='bbox 2731 3840 3125 3916; x_wconf 91' lang='lat' dir='ltr'><strong>celsitudini</strong></span> <span class='ocrx_word' id='word_1_190' title='bbox 3172 3839 3523 3912; x_wconf 88' lang='lat' dir='ltr'><strong>humiliter</strong></span> <span class='ocrx_word' id='word_1_191' title='bbox 3562 3837 4018 3932; x_wconf 89' lang='lat' dir='ltr'><strong>supplicatum</strong></span> 
     </span>
     <span class='ocr_line' id='line_1_23' title="bbox 1215 3961 4023 4065; baseline -0.007 -19"><span class='ocrx_word' id='word_1_192' title='bbox 1215 3981 1293 4046; x_wconf 90' lang='lat' dir='ltr'><strong>ut</strong></span> <span class='ocrx_word' id='word_1_193' title='bbox 1323 3980 1461 4044; x_wconf 92' lang='lat' dir='ltr'><strong>tam</strong></span> <span class='ocrx_word' id='word_1_194' title='bbox 1493 3971 1681 4065; x_wconf 91' lang='lat' dir='ltr'><strong>ipsas</strong></span> <span class='ocrx_word' id='word_1_195' title='bbox 1707 3989 1918 4063; x_wconf 90' lang='lat' dir='ltr'><strong>quam</strong></span> <span class='ocrx_word' id='word_1_196' title='bbox 1943 3966 2433 4040; x_wconf 88' lang='lat' dir='ltr'><strong>monasterium</strong></span> <span class='ocrx_word' id='word_1_197' title='bbox 2454 3974 2524 4038; x_wconf 89' lang='lat' dir='ltr'><strong>et</strong></span> <span class='ocrx_word' id='word_1_198' title='bbox 2556 3965 2739 4038; x_wconf 92' lang='lat' dir='ltr'><strong>bona</strong></span> <span class='ocrx_word' id='word_1_199' title='bbox 2767 3964 3158 4038; x_wconf 89' lang='lat' dir='ltr'><strong>monasterii</strong></span> <span class='ocrx_word' id='word_1_200' title='bbox 3194 3965 3257 4054; x_wconf 89' lang='lat' dir='ltr'><strong>ej</strong></span> <span class='ocrx_word' id='word_1_201' title='bbox 3266 3962 3506 4036; x_wconf 90' lang='lat' dir='ltr'><strong>usdem</strong></span> <span class='ocrx_word' id='word_1_202' title='bbox 3531 3961 3665 4033; x_wconf 89' lang='lat' dir='ltr'><strong>sub</strong></span> <span class='ocrx_word' id='word_1_203' title='bbox 3691 3968 3924 4034; x_wconf 88' lang='lat' dir='ltr'><strong>nostra</strong></span> <span class='ocrx_word' id='word_1_204' title='bbox 3954 3966 4023 4031; x_wconf 88' lang='lat' dir='ltr'><strong>et</strong></span> 
     </span>
     <span class='ocr_line' id='line_1_24' title="bbox 1217 4083 4021 4193; baseline -0.006 -22"><span class='ocrx_word' id='word_1_205' title='bbox 1217 4095 1486 4193; x_wconf 90' lang='lat' dir='ltr'><strong>imperii</strong></span> <span class='ocrx_word' id='word_1_206' title='bbox 1518 4092 1941 4190; x_wconf 89' lang='lat' dir='ltr'><strong>protectione</strong></span> <span class='ocrx_word' id='word_1_207' title='bbox 1964 4091 2054 4164; x_wconf 91' lang='lat' dir='ltr'><strong>de</strong></span> <span class='ocrx_word' id='word_1_208' title='bbox 2090 4098 2319 4164; x_wconf 88' lang='lat' dir='ltr'><strong>nostra</strong></span> <span class='ocrx_word' id='word_1_209' title='bbox 2348 4085 2566 4183; x_wconf 82' lang='lat' dir='ltr'><strong>gratia</strong></span> <span class='ocrx_word' id='word_1_210' title='bbox 2597 4089 2900 4184; x_wconf 90' lang='lat' dir='ltr'><strong>recipere</strong></span> <span class='ocrx_word' id='word_1_211' title='bbox 2928 4087 3399 4182; x_wconf 79' lang='lat' dir='ltr'><strong>dignaremur.</strong></span> <span class='ocrx_word' id='word_1_212' title='bbox 3434 4086 3572 4158; x_wconf 90' lang='lat' dir='ltr'><strong>Nos</strong></span> <span class='ocrx_word' id='word_1_213' title='bbox 3603 4083 3814 4177; x_wconf 84' lang='lat' dir='ltr'><strong>igitur</strong></span> <span class='ocrx_word' id='word_1_214' title='bbox 3840 4083 4021 4176; x_wconf 89' lang='lat' dir='ltr'><strong>ipsa·</strong></span> 
     </span>
     <span class='ocr_line' id='line_1_25' title="bbox 1218 4204 4025 4312; baseline -0.007 -16"><span class='ocrx_word' id='word_1_215' title='bbox 1218 4243 1373 4295; x_wconf 90' lang='lat' dir='ltr'><strong>rum</strong></span> <span class='ocrx_word' id='word_1_216' title='bbox 1399 4220 1670 4293; x_wconf 87' lang='lat' dir='ltr'><strong>devotis</strong></span> <span class='ocrx_word' id='word_1_217' title='bbox 1701 4215 2316 4312; x_wconf 89' lang='lat' dir='ltr'><strong>supplicationibus</strong></span> <span class='ocrx_word' id='word_1_218' title='bbox 2344 4213 2874 4287; x_wconf 85' lang='lat' dir='ltr'><strong>misericorditer</strong></span> <span class='ocrx_word' id='word_1_219' title='bbox 2904 4222 2974 4286; x_wconf 92' lang='lat' dir='ltr'><strong>et</strong></span> <span class='ocrx_word' id='word_1_220' title='bbox 3007 4210 3376 4305; x_wconf 81' lang='lat' dir='ltr'><strong>benignius</strong></span> <span class='ocrx_word' id='word_1_221' title='bbox 3411 4207 3752 4296; x_wconf 88' lang='lat' dir='ltr'><strong>inclinati,</strong></span> <span class='ocrx_word' id='word_1_222' title='bbox 3805 4204 4025 4277; x_wconf 90' lang='lat' dir='ltr'><strong>dictas</strong></span> 
     </span>
     <span class='ocr_line' id='line_1_26' title="bbox 1221 4329 4025 4424; baseline -0.008 -5"><span class='ocrx_word' id='word_1_223' title='bbox 1221 4344 1637 4419; x_wconf 85' lang='lat' dir='ltr'><strong>abbatissam</strong></span> <span class='ocrx_word' id='word_1_224' title='bbox 1698 4349 1769 4413; x_wconf 91' lang='lat' dir='ltr'><strong>et</strong></span> <span class='ocrx_word' id='word_1_225' title='bbox 1822 4349 2240 4412; x_wconf 87' lang='lat' dir='ltr'><strong>conventum</strong></span> <span class='ocrx_word' id='word_1_226' title='bbox 2299 4337 2539 4412; x_wconf 86' lang='lat' dir='ltr'><strong>fideles</strong></span> <span class='ocrx_word' id='word_1_227' title='bbox 2593 4347 2857 4410; x_wconf 86' lang='lat' dir='ltr'><strong>nostras</strong></span> <span class='ocrx_word' id='word_1_228' title='bbox 2904 4345 2974 4410; x_wconf 89' lang='lat' dir='ltr'><strong>et</strong></span> <span class='ocrx_word' id='word_1_229' title='bbox 3034 4333 3523 4408; x_wconf 86' lang='lat' dir='ltr'><strong>monasterium</strong></span> <span class='ocrx_word' id='word_1_230' title='bbox 3582 4329 3808 4424; x_wconf 91' lang='lat' dir='ltr'><strong>ipsum</strong></span> <span class='ocrx_word' id='word_1_231' title='bbox 3869 4347 4025 4398; x_wconf 89' lang='lat' dir='ltr'><strong>cum</strong></span> 
     </span>
     <span class='ocr_line' id='line_1_27' title="bbox 1223 4451 4027 4558; baseline -0.007 -17"><span class='ocrx_word' id='word_1_232' title='bbox 1223 4468 1547 4543; x_wconf 90' lang='lat' dir='ltr'><strong>omnibus</strong></span> <span class='ocrx_word' id='word_1_233' title='bbox 1575 4466 1722 4539; x_wconf 89' lang='lat' dir='ltr'><strong>suis</strong></span> <span class='ocrx_word' id='word_1_234' title='bbox 1755 4484 1898 4558; x_wconf 89' lang='lat' dir='ltr'><strong>que</strong></span> <span class='ocrx_word' id='word_1_235' title='bbox 1937 4463 2007 4533; x_wconf 91' lang='lat' dir='ltr'><strong>in</strong></span> <span class='ocrx_word' id='word_1_236' title='bbox 2045 4462 2539 4557; x_wconf 86' lang='lat' dir='ltr'><strong>presentiarum</strong></span> <span class='ocrx_word' id='word_1_237' title='bbox 2569 4464 2756 4555; x_wconf 88' lang='lat' dir='ltr'><strong>juste</strong></span> <span class='ocrx_word' id='word_1_238' title='bbox 2791 4468 2976 4533; x_wconf 87' lang='lat' dir='ltr'><strong>tenet</strong></span> <span class='ocrx_word' id='word_1_239' title='bbox 3004 4468 3072 4533; x_wconf 90' lang='lat' dir='ltr'><strong>et</strong></span> <span class='ocrx_word' id='word_1_240' title='bbox 3105 4456 3412 4556; x_wconf 88' lang='lat' dir='ltr'><strong>possidet</strong></span> <span class='ocrx_word' id='word_1_241' title='bbox 3445 4462 3682 4549; x_wconf 88' lang='lat' dir='ltr'><strong>etque</strong></span> <span class='ocrx_word' id='word_1_242' title='bbox 3716 4451 3790 4524; x_wconf 92' lang='lat' dir='ltr'><strong>in</strong></span> <span class='ocrx_word' id='word_1_243' title='bbox 3827 4457 4027 4523; x_wconf 89' lang='lat' dir='ltr'><strong>antea</strong></span> 
     </span>
    </p>
   </div>
   <div class='ocr_carea' id='block_1_6' title="bbox 1224 4623 4029 4812">
    <p class='ocr_par' dir='ltr' id='par_1_7' title="bbox 1224 4623 4029 4812">
     <span class='ocr_line' id='line_1_28' title="bbox 1309 4623 4029 4724; baseline -0.008 -18"><span class='ocrx_word' id='word_1_244' title='bbox 1309 4641 1391 4724; x_wconf 84' lang='lat' dir='ltr'><strong>(a)</strong></span> <span class='ocrx_word' id='word_1_245' title='bbox 1432 4645 1751 4705; x_wconf 86' lang='lat' dir='ltr'><strong>Erroneam</strong></span> <span class='ocrx_word' id='word_1_246' title='bbox 1791 4643 2110 4704; x_wconf 80' lang='lat' dir='ltr'><strong>certissime</strong></span> <span class='ocrx_word' id='word_1_247' title='bbox 2149 4641 2456 4703; x_wconf 79' lang='lat' dir='ltr'><strong>lectionem</strong></span> <span class='ocrx_word' id='word_1_248' title='bbox 2485 4646 2668 4703; x_wconf 72' lang='lat' dir='ltr'><strong>vestre</strong></span> <span class='ocrx_word' id='word_1_249' title='bbox 2690 4636 2955 4720; x_wconf 76' lang='lat' dir='ltr'><strong>firmiter</strong></span> <span class='ocrx_word' id='word_1_250' title='bbox 2985 4636 3344 4701; x_wconf 67' lang='lat' dir='ltr'><strong>semidea-are</strong></span> <span class='ocrx_word' id='word_1_251' title='bbox 3376 4629 3573 4696; x_wconf 69' lang='lat' dir='ltr'><strong>nullm</strong></span> <span class='ocrx_word' id='word_1_252' title='bbox 3605 4629 3714 4705; x_wconf 65' lang='lat' dir='ltr'><strong>rit,</strong></span> <span class='ocrx_word' id='word_1_253' title='bbox 3753 4642 3914 4690; x_wconf 88' lang='lat' dir='ltr'><strong>nunc</strong></span> <span class='ocrx_word' id='word_1_254' title='bbox 3951 4623 4029 4686; x_wconf 84' lang='lat' dir='ltr'><strong>ad</strong></span> 
     </span>
     <span class='ocr_line' id='line_1_29' title="bbox 1224 4749 2112 4812; baseline -0.005 0"><span class='ocrx_word' id='word_1_255' title='bbox 1224 4751 1456 4812; x_wconf 77' lang='lat' dir='ltr'><strong>solitam</strong></span> <span class='ocrx_word' id='word_1_256' title='bbox 1483 4749 1733 4812; x_wconf 80' lang='lat' dir='ltr'><strong>formam</strong></span> <span class='ocrx_word' id='word_1_257' title='bbox 1757 4749 2112 4811; x_wconf 80' lang='lat' dir='ltr'><strong>reducimus.</strong></span> 
     </span>
    </p>
   </div>
  </div>
 </body>
</html>
