4842 5802
1214 585 1338 647 984
2127 589 2383 649 INDEX
2432 588 3126 651 DOCUMENTORUM.

1238 789 1456 865 1235

2060 921 2258 980 veniat
2292 926 2500 981 contra
2537 926 2839 997 protervos
2875 921 2976 994 qui
3010 916 3307 979 Ecclesiae
3348 917 3526 978 simul
3563 921 3625 977 et
3666 916 3897 993 imperii
3942 915 4037 975 di·

2057 1017 2342 1091 gnitatem
2365 1015 2703 1091 proculcare
2726 1016 3008 1092 cogitant.
3920 1017 4033 1068 422

1230 1125 1301 1175 ιο
1318 1116 1469 1177 febr.
1568 1116 1892 1197 Anagniae.
1979 1148 2059 1162 —
2098 1119 2394 1179 Friderico
2430 1120 2827 1179 Romanorum
2873 1119 3209 1194 imperatori
3245 1117 3624 1192 conqueritur
3659 1115 3856 1191 quod,
3899 1114 4037 1173 iicet

2057 1217 2249 1273 nuntii
2277 1219 2404 1292 ejus
2430 1217 2626 1290 ipsum
2660 1214 2737 1274 ad
2762 1213 3163 1274 defensionem
3198 1213 3532 1288 patrimonii
3557 1210 3711 1271 beati
3739 1211 3899 1271 Petri
3926 1227 4033 1286 pa-

2054 1317 2249 1371 ratum
2276 1311 2638 1371 ostenderint
2655 1354 2673 1383 ,
2714 1326 2875 1371 nunc
2915 1316 3113 1370 tamen
3150 1309 3227 1369 ad
3270 1314 3464 1385 partes
3506 1307 3739 1370 Siciliae
3782 1323 3846 1367 se
3890 1323 4033 1366 cou-

2055 1415 2272 1469 vertat.
3915 1414 4028 1466 423

1223 1519 1257 1568 5
1276 1512 1452 1586 Junii.
1590 1509 1884 1576 Laterani.
1977 1544 2054 1558 —
2095 1514 2397 1574 Friderico
2428 1515 2831 1574 Romanorum
2869 1514 3207 1589 imperatori
3247 1517 3454 1572 notum
3483 1510 3624 1570 facit
3657 1510 3911 1587 qualiter
3935 1527 4034 1570 se-

2052 1612 2317 1671 cundum
2353 1612 2606 1671 formam
2633 1611 2856 1671 arbitrii
2891 1614 2953 1670 iu
2981 1629 3117 1672 suas
3150 1627 3365 1671 manus
3398 1612 3605 1687 positi,
3634 1626 3841 1685 pacem
3876 1610 4031 1668 inter

2050 1710 2246 1784 ipsum
2283 1716 2344 1769 et
2369 1711 2707 1769 societatem
2736 1707 3123 1769 Lombardiae
3148 1707 3581 1783 restauraverit,
3612 1721 3866 1782 eumque
3890 1704 4030 1764 hor-

2050 1810 2210 1864 tatur
2235 1811 2304 1864 ut
2330 1804 2485 1864 hanc
2511 1804 2884 1864 concordiam
2922 1811 3110 1865 ratam
3141 1804 3359 1864 habeat
3385 1808 3446 1862 et
3470 1818 3508 1862 a
3532 1800 3658 1861 filio
3693 1817 3802 1861 suo
3837 1806 4026 1860 ratam

2049 1897 2249 1957 baberi
2276 1898 2474 1958 faciat.
3908 1904 4016 1955 481

1218 2006 1250 2057 7
1275 1999 1451 2073 iunii.
1581 1998 1879 2066 Laterani.
1968 2033 2049 2045 —-
2088 2001 2438 2063 Rectoribus
2464 2004 2761 2063 societatis
2780 2001 3194 2075 Lombardiae,
3223 2000 3525 2061 Marchiae
3561 2006 3622 2060 et
3645 1999 4025 2060 Romanioiae

2047 2098 2296 2159 formam
2326 2099 2551 2159 arbitrii
2579 2099 2898 2175 supradicti
2925 2104 3124 2158 notam
3151 2098 3313 2160 facit.
3905 2106 4019 2157 433

1197 2200 1465 2274 231unii.
1579 2200 1875 2266 Laterani.
1972 2234 2046 2249 -·
2086 2202 2439 2264 Consulibus
2485 2210 2545 2263 et
2590 2204 2806 2280 populo
2854 2203 3139 2264 Gaietano
3183 2203 3435 2263 formam
3473 2202 3636 2278 pacis
3680 2204 4025 2262 transmittit

2042 2316 2223 2376 quam
2252 2317 2359 2377 pro
2394 2303 2659 2375 ipsorum
2693 2300 2998 2360 commodo
3030 2301 3347 2373 conclusit,
3378 2314 3620 2359 monens
3645 2303 3716 2358 ut
3748 2300 4021 2359 intiment

2042 2399 2094 2456 si
2122 2413 2255 2456 eam
2282 2396 2565 2457 duxerint
2600 2397 3051 2472 acceptandam,
3083 2402 3142 2456 et
3169 2397 3542 2474 privilegium
3578 2397 3723 2472 ipsis
3747 2395 3824 2456 ab
3850 2398 4021 2472 Apo-

2041 2493 2245 2551 stolica
2271 2493 2421 2553 Sede
2443 2492 2741 2552 indultum
2767 2495 3090 2553 remittant.
3899 2501 4016 2552 439

1193 2603 1263 2654 15
1302 2595 1457 2670 julii.
1574 2594 1865 2660 Laterani.
1961 2627 2041 2641 —
2080 2595 2444 2658 Fridericum
2483 2597 2880 2657 Romanorum
2923 2600 3333 2674 imperatorem
3370 2603 3574 2657 monet
3608 2614 3686 2658 ne
3727 2597 3840 2657 sub
3883 2614 4017 2674 pre-

2038 2700 2208 2753 textu
2242 2694 2672 2754 haereticorum
2699 2710 2951 2772 quorum
2979 2695 3162 2772 aliqui
3188 2695 3462 2755 incendio
3502 2701 3643 2755 sunt
3680 2696 4011 2770 commissi,

2037 2789 2243 2850 fideles
2270 2791 2373 2867 qui
2401 2789 2552 2851 forte
2577 2793 2773 2866 ipsum
2814 2791 3189 2851 offenderunt
3226 2796 3500 2867 pereant3
3530 2790 3694 2867 quod
3725 2793 3855 2866 jam
3896 2806 4015 2850 nou

2036 2887 2163 2946 sine
2206 2888 2529 2948 multorum
2577 2887 2854 2949 scandalo
2899 2893 2960 2949 et
3001 2888 3316 2966 imperialis
3358 2889 3612 2949 nominis
3664 2888 4014 2949 detrimento

2037 2982 2271 3042 accidit.
3896 2993 4008 3044 444

1226 3094 1260 3144 5
1280 3100 1419 3163 aug.
1545 3084 1872 3165 Anagniae.
1959 3119 2035 3130 —
2074 3088 2265 3147 Fratri
2292 3086 2545 3146 Johauni
2566 3089 2896 3161 vicentino,
2918 3089 3135 3149 ordinis
3159 3089 3660 3163 Praedicatorum‚
3690 3088 3794 3150 dat
3821 3089 4011 3149 facui-

2033 3186 2217 3241 tatem
2240 3182 2581 3241 absolvendi
2610 3185 2947 3244 Ecceiinum
2966 3181 3060 3265 [de
3077 3185 3365 3261 Romano]
3387 3191 3447 3245 et
3466 3186 3626 3246 cives
3645 3185 4011 3246 veronenses

2033 3293 2351 3354 eorumque
2394 3277 2656 3339 fautores
2682 3283 2787 3356 qui
2827 3281 2891 3340 in
2930 3283 3590 3342 excommunicationem
3631 3281 3825 3359 illapsi
3869 3280 4009 3342 fue-

2030 3379 2187 3433 rant.
3890 3385 4007 3436 446

1203 3490 1274 3540 12
1297 3497 1437 3559 aug.
1540 3476 1867 3558 Anagniae.
1949 3511 2031 3523 —-
2069 3479 2380 3551 Quereiam
2407 3478 2688 3540 Friderici
2713 3482 3081 3556 imperatoris
3107 3481 3321 3541 refellit
3344 3482 3450 3559 qui
3490 3496 3595 3559 per
3620 3481 3846 3542 litteras
3870 3497 4007 3541 car-

2027 3575 2323 3636 dinalibus
2368 3578 2619 3652 scriptas
2674 3576 2760 3635 ull
2810 3576 2924 3636 sibi
2974 3576 3050 3637 de
3090 3579 3324 3653 injuriis
3363 3594 3401 3637 a
3438 3577 3790 3637 Lombardis
3827 3577 4006 3637 illatis

2027 3673 2442 3733 satisfactionis
2482 3675 2827 3748 praestitum
2859 3671 3042 3733 fuisse
3079 3680 3436 3750 conquestus
3468 3680 3626 3748 erat;
3656 3673 3907 3751 qualiter
3943 3675 4004 3734 in

2024 3767 2136 3827 hac
2164 3770 2499 3844 provisione
2527 3768 2850 3828 secundum
2882 3771 3175 3845 justitiam
3209 3776 3269 3829 et
3294 3772 3580 3830 rationem
3608 3771 3791 3847 egerit
3817 3786 4003 3846 expo-

2022 3866 2134 3937 nit,
2167 3869 2282 3922 etc.
3885 3874 3995 3925 447

1195 3981 1267 4032 27
1289 3989 1429 4052 aug.
1534 3969 1860 4047 Anagniae.
1944 3999 2025 4012 -
2063 3968 2426 4028 Fridericum
2455 3968 2859 4028 Romanorum
2890 3969 3297 4045 imperatorem
3322 3979 3525 4033 monet
3557 3979 3626 4033 ut
3652 3971 4001 4033 Sarracenos

2021 4066 2299 4126 Luceriae
2343 4065 2450 4140 qui
2496 4081 2616 4124 non
2660 4065 3032 4127 mediocriter
3072 4068 3333 4128 italicum
3373 4068 3594 4130 idioma
3628 4068 3962 4148 intelligunt
3976 4112 3995 4142 ,

2021 4162 2282 4221 hortetur
2319 4161 2397 4220 ad
2434 4161 2799 4237 recipiendos
2837 4164 2902 4221 in
2933 4178 3076 4240 pace
3115 4163 3325 4226 iratres
3359 4165 3584 4226 ordinis
3619 4166 3998 4227 Praedicato-

1196 4241 1418 4318 1254
2019 4273 2151 4317 rum
2176 4273 2325 4335 quos
2351 4257 2428 4316 ad
2454 4273 2554 4317 eos
2581 4257 2802 4337 dirigit.
3879 4273 3994 4324 452

1172 4376 1246 4427 22
1267 4378 1444 4430 mart.
1553 4364 1846 4425 Laterani.
1940 4393 2022 4409 —
2058 4364 2272 4423 Pacem
2305 4365 2458 4422 inter
2497 4364 2862 4426 Fridericum
2903 4367 3302 4428 Romanorum
3343 4370 3754 4446 imperatorem
3791 4375 3851 4430 et
3890 4369 3999 4428 ba-

2018 4476 2191 4520 rones
2221 4460 2389 4536 regni
2414 4460 2930 4540 Hierosolymitani
2955 4464 3166 4525 initam
3192 4463 3524 4528 confirmat.
3880 4473 3993 4525 943

1167 4575 1243 4627 2ο
1282 4571 1435 4629 maii.
1551 4566 1847 4629 Laterani.
1938 4600 2019 4611 —
2057 4566 2420 4628 Lombardos
2454 4568 2726 4630 hortatur
2769 4576 2838 4630 ut
2871 4577 3106 4648 propter
3138 4575 3370 4651 negotia
3404 4588 3558 4649 qnae
3599 4574 3665 4632 iu
3706 4589 3995 4650 praesen-

2017 4666 2234 4724 tiarum
2260 4674 2601 4742 occurrunt,
2632 4668 2916 4729 militibus
2942 4672 3047 4746 qui
3075 4687 3148 4731 ex
3175 4671 3539 4732 Allemannia
3566 4672 3643 4732 ad
3674 4673 3989 4750 imperato-
