4842 5802
885 1181 1020 1234 'Apud

829 1240 1060 1290 Augustam
1081 1265 1095 1282 .

786 1291 834 1332 10
846 1294 998 1347 aprilis
1014 1291 1134 1335 1232.

1173 589 1293 651 952
2276 593 2893 655 ADDITAMENTA.

1287 1082 1699 1185 Henricus,
1756 1080 2272 1161 Romanorum
2324 1104 2457 1159 rex
2484 1142 2506 1186 ⁷
2569 1079 2933 1189 Gregorio
2995 1105 3234 1186 papae
3287 1077 3548 1161 scribit
3599 1104 3681 1159 se
3744 1104 3994 1186 spon—

1178 1227 1396 1299 tanee
1460 1213 1833 1323 juravisse
1905 1212 2113 1321 quod
2167 1211 2542 1320 quidquid
2599 1221 2672 1293 et
2736 1212 3027 1320 quoties
3079 1212 3491 1319 imperator
3542 1220 3757 1318 pater
3810 1235 3996 1291 suus

1182 1375 1313 1432 ore
1356 1346 1475 1430 vel
1530 1342 1796 1427 litteris
1849 1343 2323 1425 mandaverit
2376 1343 2846 1450 faciendum,
2898 1344 2977 1424 id
3022 1342 3447 1424 voluntarie
3490 1353 3564 1424 et
3609 1341 3814 1423 bona
3847 1342 3995 1422 fide

1183 1478 1620 1588 complebit,
1661 1481 1767 1559 ita
1803 1486 1888 1559 ut
1923 1477 1986 1556 si
2023 1486 2284 1558 contra
2320 1476 2634 1582 venerit,
2675 1486 2970 1584 praeter
2998 1500 3323 1583 poenam
3357 1474 3699 1583 perjurii,
3742 1474 3995 1582 ipsum

1183 1611 1917 1694 excommunicatum
1955 1609 2121 1716 ipso
2159 1607 2356 1688 facto
2393 1607 2841 1689 denuntiare
2876 1634 3116 1716 papae
3151 1607 3394 1688 liceat.

1343 1798 1463 1876 (Cf.
1494 1814 1704 1876 supra,
1732 1814 1794 1874 p.
1828 1805 1964 1868 565,
1995 1794 2099 1855 ubi
2139 1794 2564 1854 documentum
2592 1794 2749 1873 quod
2778 1794 3146 1870 deperditum
3174 1795 3551 1872 putabamus,
3582 1792 3763 1854 fuisse
3788 1795 3996 1855 datum

1421 1905 1598 1981 paulo
1626 1909 1780 1979 post,
1812 1902 2033 1962 scilicet
2058 1901 2219 1977 apud
2246 1900 2578 1961 Sibldatum
2604 1902 2668 1960 ln
2692 1901 2845 1961 Foro
2873 1901 2909 1960 J
2913 1901 3037 1972 ulii,
3067 1905 3161 1961 sat
3187 1900 3475 1978 probabili
3501 1904 3838 1978 conjectura
3863 1916 3995 1961 mo·

1418 2014 1675 2071 unimus.
1727 2010 1899 2068 Nunc
1945 2023 2084 2068 vero
2128 2006 2277 2067 illud
2328 2009 2481 2067 tanti
2518 2008 2691 2083 pretii
2734 2008 3189 2067 Instrumentum
3237 2008 3677 2084 integerrimum
3722 2006 3996 2067 exhibere

1422 2132 1764 2194 possumus,
1803 2117 1973 2191 cujus
2006 2113 2178 2173 nobis
2219 2128 2451 2173 summa
2486 2112 2851 2173 humanitate
2892 2128 3002 2172 sua
3040 2115 3269 2189 copiam
3305 2110 3444 2172 fecit
3467 2111 3848 2173 Boehmerus.
3879 2112 3995 2187 Qui

1425 2226 1666 2304 quidem
1698 2221 1852 2281 hanc
1877 2220 2180 2296 epistolam
2207 2220 2435 2278 invenit
2477 2235 2575 2294 ap.
2618 2217 2922 2294 Punm,
2963 2215 3136 2276 Liber
3160 2215 3426 2297 privileq.
3454 2215 3671 2279 Eccles.
3721 2217 3993 2291 Roman„

1418 2341 1466 2395 t.
1501 2334 1549 2403 1,
1580 2331 1676 2392 fol.
1716 2339 1812 2403 16,
1841 2328 2013 2389 MSS.
2043 2329 2108 2386 iu
2135 2326 2238 2386 fol.
2269 2324 2519 2385 membr.
2550 2341 2668 2385 sec.
2699 2324 2840 2386 XVI
2863 2327 3115 2402 ineunt„
3144 2329 3207 2386 in
3237 2326 3478 2386 archivo
3503 2325 3816 2385 Vaticano.
3849 2327 3996 2386 Bre-

1421 2443 1571 2499 viter
1599 2451 1836 2515 quoque
1865 2440 2112 2494 extract.
2143 2435 2206 2492 in
2234 2432 2440 2493 litteris
2476 2430 2737 2508 Gregorii
2763 2447 2984 2508 papae,
3013 2447 3114 2507 ap.
3143 2430 3581 2506 Wuamwum,
3612 2432 3753 2494 Nov.
3779 2430 3989 2492 substa.

1416 2541 1743 2625 diplomat„
1772 2548 1820 2600 t.
1851 2542 1909 2611 Ι,
1939 2556 1995 2616 p.
2030 2542 2157 2613 57.)

1281 2706 1719 2782 Sanctissimo
1766 2703 1836 2772 in
1897 2700 2162 2772 Christo
2208 2699 2384 2792 patri
2439 2707 2509 2771 et
2570 2696 2847 2770 domiuo
2906 2697 3274 2791 Gregorio,
3325 2698 3449 2769 Dei
3500 2699 3720 2792 gratia
3765 2722 3995 2774 sacro-

1183 2841 1419 2909 sancte
1446 2832 1751 2901 Romane
1792 2824 2093 2895 Ecclesie
2132 2844 2405 2895 summo
2443 2820 2777 2919 pontifici,
2813 2821 3175 2914 HenricuS,
3218 2820 3462 2894 eadem
3496 2824 3715 2917 gratia
3748 2825 3996 2898 Roma·

1184 2980 1428 3031 norum
1480 2975 1607 3025 rex
1658 2960 1727 3023 et
1763 2968 2033 3042 semper
2070 2956 2432 3039 augustus,
2477 2947 2766 3018 salutem
2805 2955 2872 3017 et
2912 2947 3362 3019 reverentiam
3402 2946 3700 3019 filialem.
3745 2951 3993 3021 Notum

1186 3083 1276 3155 sit
1331 3074 1713 3174 paternitati
1769 3081 1992 3143 vestre
2045 3070 2237 3164 quod
2304 3090 2432 3140 nos
2491 3069 2887 3162 diligentius
2945 3069 3374 3142 attendentes
3430 3080 3780 3166 paternam
3831 3095 3998 3166 erga

1184 3225 1311 3276 nos
1357 3200 1505 3273 divi
1539 3195 1813 3289 augusti
1860 3192 2072 3289 patris
2103 3192 2312 3263 nostri
2365 3190 2628 3262 domini
2673 3190 2998 3263 Friderici
3036 3193 3495 3264 Romanorum
3533 3195 3990 3288 imperatoris,

1182 3325 1606 3399 Hierusalem
1639 3330 1707 3392 et
1737 3318 1963 3390 Sicilie
1997 3315 2180 3410 regis
2207 3314 2514 3402 illustris,
2547 3313 3078 3387 benivolentiam
3114 3324 3182 3387 et
3219 3316 3549 3407 favorem,
3586 3318 3760 3388 utin
3796 3320 3998 3392 nobis

1184 3451 1247 3525 ei
1289 3452 1467 3522 bene
1522 3445 1973 3538 complaceat,
2025 3450 2092 3512 et
2141 3440 2485 3534 principes
2533 3447 2602 3509 et
2659 3436 2900 3510 fideles
2952 3437 3219 3532 imperii
3270 3449 3500 3512 nostra
3549 3441 3999 3517 unanimitate

1183 3577 1499 3663 letentur,
1552 3580 1618 3642 et
1670 3566 1894 3639 omnis
1940 3565 2259 3636 materies
2309 3561 2897 3655 tergiversationis
2950 3561 3256 3654 nequitie
3300 3561 3388 3634 de
3439 3562 3672 3635 medio
3726 3567 3999 3659 penitus

1183 3700 1562 3783 auferatur,
1613 3702 1803 3764 motu
1850 3687 2128 3784 proprio
2173 3698 2240 3758 et
2294 3694 2670 3781 spontanea
2729 3685 3079 3757 voluntate
3118 3685 3513 3775 juravimus
3563 3685 3754 3780 quod
3802 3690 4001 3782 quic—

1188 3822 1363 3918 quid
1408 3831 1474 3891 et
1504 3816 1820 3911 quotiens
1855 3811 2038 3884 idem
2077 3810 2243 3882 felix
2280 3819 2347 3880 et
2390 3809 2690 3903 inclytus
2739 3816 2929 3901 pater
2974 3817 3207 3879 noster
3251 3807 3612 3880 nobiscum
3650 3809 3992 3904 disponet,

1186 3957 1312 4018 aut
1359 3964 1477 4016 ore
1508 3962 1633 4012 suo
1678 3938 1791 4010 vel
1831 3936 2068 4007 litteris
2109 3934 2254 4005 suis
2314 3932 2749 4004 mandaverit
2786 3931 3211 4022 faciendum,
3263 3933 3649 4005 voluntarie
3698 3945 3767 4007 et
3817 3935 4000 4008 bona

1187 4068 1327 4142 fide
1365 4062 1871 4159 conplebimus,
1923 4080 2049 4130 nec
2078 4057 2334 4128 erimus
2369 4056 2443 4125 in
2481 4052 2691 4145 dicto,
2733 4055 2947 4137 sacto,
2987 4050 3269 4124 consilio
3301 4075 3425 4126 seu
3470 4076 3843 4148 consensu,
3883 4059 3997 4131 vel

1188 4191 1431 4265 litteris
1459 4185 1756 4284 publicis
1792 4183 1900 4253 vel
1933 4179 2214 4251 occultis
2242 4177 2507 4271 aliquid
2542 4177 3063 4273 procurabimus
3092 4184 3212 4249 aut
3237 4177 3608 4271 quicquam
3639 4180 3992 4273 faciemuS,

1186 4314 1378 4411 quod
1423 4311 1515 4384 ad
1550 4304 2065 4381 incommodum
2106 4310 2174 4374 et
2210 4302 2542 4373 damnum
2581 4319 2871 4395 persone
2914 4321 3040 4372 seu
3083 4308 3297 4389 terre,
3343 4299 3620 4373 honoris
3664 4312 3733 4374 et
3772 4304 4000 4397 digni-

1187 4438 1345 4510 tatis
1399 4456 1524 4506 seu
1582 4429 2066 4503 detrimentum
2116 4422 2343 4495 eidem
2395 4422 2569 4518 patri
2622 4430 2852 4494 nostro
2901 4420 3126 4495 cedat.
3180 4422 3251 4494 Si
3301 4423 3460 4517 quis
3507 4433 3737 4497 autem
3784 4428 3899 4499 vel
3938 4429 3999 4499 si

1184 4582 1327 4656 que
1368 4557 1600 4631 verbis
1633 4555 1745 4626 vel
1798 4550 1993 4622 sactis
2037 4546 2319 4642 privatis
2351 4548 2466 4619 vel
2513 4545 2887 4618 manifestis
2935 4546 3198 4640 aliquid
3237 4529 3656 4641 suggesserit
3692 4553 3801 4623 vel
3841 4573 4001 4648 per-

1191 4680 1503 4770 suaserit,
1543 4674 1733 4771 quod
1769 4675 1855 4745 sit
1891 4681 2124 4745 contra
2157 4671 2453 4744 eundem
2485 4679 2746 4765 patrem
2781 4679 3090 4743 nostrum
3126 4697 3145 4742 z
3179 4672 3407 4745 statim
3441 4695 3566 4769 per
3595 4674 3851 4748 litteras
3886 4676 4001 4750 vel
