<?xml version="1.0" encoding="UTF-8"?>
<!DOCTYPE html PUBLIC "-//W3C//DTD XHTML 1.0 Transitional//EN"
    "http://www.w3.org/TR/xhtml1/DTD/xhtml1-transitional.dtd">
<html xmlns="http://www.w3.org/1999/xhtml" xml:lang="en" lang="en">
 <head>
  <title>
</title>
<meta http-equiv="Content-Type" content="text/html;charset=utf-8" />
  <meta name='ocr-system' content='tesseract 3.04.00' />
  <meta name='ocr-capabilities' content='ocr_page ocr_carea ocr_par ocr_line ocrx_word'/>
</head>
<body>
  <div class='ocr_page' id='page_1' title='image "./historiadiploma01degoog_0069.png"; bbox 0 0 4842 5802; ppageno 0'>
   <div class='ocr_carea' id='block_1_1' title="bbox 861 612 3692 699">
    <p class='ocr_par' dir='ltr' id='par_1_1' title="bbox 861 612 3692 699">
     <span class='ocr_line' id='line_1_1' title="bbox 861 612 3692 699; baseline -0.005 -15"><span class='ocrx_word' id='word_1_1' title='bbox 861 624 1064 685; x_wconf 65' lang='lat' dir='ltr'>Inmer.</span> <span class='ocrx_word' id='word_1_2' title='bbox 1093 622 1182 699; x_wconf 87' lang='grc'>6.]</span> <span class='ocrx_word' id='word_1_3' title='bbox 1766 616 2159 678; x_wconf 79' lang='lat' dir='ltr'>HISTORIA</span> <span class='ocrx_word' id='word_1_4' title='bbox 2209 613 2790 676; x_wconf 75' lang='lat' dir='ltr'>DIPLOMATtCA.</span> <span class='ocrx_word' id='word_1_5' title='bbox 3573 612 3692 672; x_wconf 82' lang='lat'>597</span> 
     </span>
    </p>
   </div>
   <div class='ocr_carea' id='block_1_2' title="bbox 1679 937 2914 1000">
    <p class='ocr_par' dir='ltr' id='par_1_2' title="bbox 1679 937 2914 1000">
     <span class='ocr_line' id='line_1_2' title="bbox 1679 937 2914 1000; baseline -0.001 -1"><span class='ocrx_word' id='word_1_6' title='bbox 1679 938 1904 1000; x_wconf 79' lang='grc' dir='ltr'><strong>ΑΝΝΟ</strong></span> <span class='ocrx_word' id='word_1_7' title='bbox 1958 938 2157 1000; x_wconf 78' lang='grc'><strong>1233.</strong></span> <span class='ocrx_word' id='word_1_8' title='bbox 2204 973 2284 987; x_wconf 93' lang='lat'><em>-</em></span> <span class='ocrx_word' id='word_1_9' title='bbox 2322 937 2809 999; x_wconf 82' lang='lat' dir='ltr'>INDICTIONE</span> <span class='ocrx_word' id='word_1_10' title='bbox 2854 937 2914 999; x_wconf 83' lang='lat'>6.</span> 
     </span>
    </p>
   </div>
   <div class='ocr_carea' id='block_1_3' title="bbox 2017 1189 2558 1213">
    <p class='ocr_par' dir='ltr' id='par_1_3' title="bbox 2017 1189 2558 1213">
     <span class='ocr_line' id='line_1_3' title="bbox 2017 1189 2558 1213; baseline 0 4589"><span class='ocrx_word' id='word_1_11' title='bbox 2017 1189 2558 1213; x_wconf 95' lang='lat' dir='ltr'> </span> 
     </span>
    </p>
   </div>
   <div class='ocr_carea' id='block_1_4' title="bbox 872 1450 3689 1697">
    <p class='ocr_par' dir='ltr' id='par_1_4' title="bbox 872 1450 3689 1697">
     <span class='ocr_line' id='line_1_4' title="bbox 972 1450 3684 1559; baseline 0.001 -24"><span class='ocrx_word' id='word_1_12' title='bbox 972 1453 1340 1536; x_wconf 88' lang='lat' dir='ltr'>Henricus</span> <span class='ocrx_word' id='word_1_13' title='bbox 1357 1514 1381 1559; x_wconf 82' lang='lat'>‚</span> <span class='ocrx_word' id='word_1_14' title='bbox 1421 1453 1942 1536; x_wconf 87' lang='lat' dir='ltr'>Romanorum</span> <span class='ocrx_word' id='word_1_15' title='bbox 1995 1477 2169 1558; x_wconf 80' lang='lat' dir='ltr'>rex,</span> <span class='ocrx_word' id='word_1_16' title='bbox 2209 1450 2576 1534; x_wconf 87' lang='lat' dir='ltr'>fratribus</span> <span class='ocrx_word' id='word_1_17' title='bbox 2625 1451 3062 1533; x_wconf 85' lang='lat' dir='ltr'>monasterii</span> <span class='ocrx_word' id='word_1_18' title='bbox 3116 1453 3211 1536; x_wconf 92' lang='lat' dir='ltr'>de</span> <span class='ocrx_word' id='word_1_19' title='bbox 3254 1452 3684 1538; x_wconf 88' lang='lat' dir='ltr'>Brumbach</span> 
     </span>
     <span class='ocr_line' id='line_1_5' title="bbox 872 1585 3689 1697; baseline 0.002 -32"><span class='ocrx_word' id='word_1_20' title='bbox 872 1585 1224 1697; x_wconf 85' lang='lat' dir='ltr'><strong>indulget</strong></span> <span class='ocrx_word' id='word_1_21' title='bbox 1261 1597 1352 1669; x_wconf 92' lang='lat' dir='ltr'>ut</span> <span class='ocrx_word' id='word_1_22' title='bbox 1385 1613 1508 1669; x_wconf 86' lang='lat' dir='ltr'>res</span> <span class='ocrx_word' id='word_1_23' title='bbox 1543 1588 1890 1695; x_wconf 86' lang='lat' dir='ltr'>proprias</span> <span class='ocrx_word' id='word_1_24' title='bbox 1925 1612 2063 1695; x_wconf 88' lang='lat' dir='ltr'>per</span> <span class='ocrx_word' id='word_1_25' title='bbox 2096 1585 2447 1668; x_wconf 89' lang='lat' dir='ltr'>Rbenum</span> <span class='ocrx_word' id='word_1_26' title='bbox 2503 1595 2578 1667; x_wconf 90' lang='lat' dir='ltr'>et</span> <span class='ocrx_word' id='word_1_27' title='bbox 2622 1587 3031 1696; x_wconf 87' lang='lat' dir='ltr'>Moganum</span> <span class='ocrx_word' id='word_1_28' title='bbox 3070 1612 3203 1668; x_wconf 91' lang='lat' dir='ltr'>seu</span> <span class='ocrx_word' id='word_1_29' title='bbox 3239 1613 3373 1696; x_wconf 90' lang='lat' dir='ltr'>per</span> <span class='ocrx_word' id='word_1_30' title='bbox 3409 1599 3689 1671; x_wconf 88' lang='lat' dir='ltr'>terram</span> 
     </span>
    </p>
   </div>
   <div class='ocr_carea' id='block_1_5' title="bbox 875 1718 3712 1829">
    <p class='ocr_par' dir='ltr' id='par_1_5' title="bbox 875 1718 3712 1829">
     <span class='ocr_line' id='line_1_6' title="bbox 875 1718 3712 1829; baseline 0 -27"><span class='ocrx_word' id='word_1_31' title='bbox 875 1720 1035 1803; x_wconf 90' lang='lat' dir='ltr'>sine</span> <span class='ocrx_word' id='word_1_32' title='bbox 1077 1721 1241 1804; x_wconf 92' lang='lat' dir='ltr'>ullo</span> <span class='ocrx_word' id='word_1_33' title='bbox 1296 1745 1641 1829; x_wconf 91' lang='lat' dir='ltr'>unquam</span> <span class='ocrx_word' id='word_1_34' title='bbox 1698 1718 1993 1802; x_wconf 90' lang='lat' dir='ltr'>teloneo</span> <span class='ocrx_word' id='word_1_35' title='bbox 2046 1718 2418 1801; x_wconf 79' lang='lat' dir='ltr'>deducere</span> <span class='ocrx_word' id='word_1_36' title='bbox 2477 1718 2821 1826; x_wconf 81' lang='lat' dir='ltr'>possint,</span> <span class='ocrx_word' id='word_1_37' title='bbox 2871 1719 3181 1828; x_wconf 90' lang='lat' dir='ltr'>suisque</span> <span class='ocrx_word' id='word_1_38' title='bbox 3225 1720 3712 1803; x_wconf 58' lang='lat' dir='ltr'>ministeria-⁴</span> 
     </span>
    </p>
   </div>
   <div class='ocr_carea' id='block_1_6' title="bbox 874 1850 3693 2095">
    <p class='ocr_par' dir='ltr' id='par_1_6' title="bbox 874 1850 3693 2095">
     <span class='ocr_line' id='line_1_7' title="bbox 874 1850 3693 1960; baseline 0.001 -26"><span class='ocrx_word' id='word_1_39' title='bbox 874 1852 1074 1936; x_wconf 88' lang='lat' dir='ltr'>libus</span> <span class='ocrx_word' id='word_1_40' title='bbox 1116 1855 1197 1934; x_wconf 92' lang='lat' dir='ltr'>in</span> <span class='ocrx_word' id='word_1_41' title='bbox 1241 1852 1656 1936; x_wconf 85' lang='lat' dir='ltr'>Frankfurt</span> <span class='ocrx_word' id='word_1_42' title='bbox 1674 1912 1698 1959; x_wconf 83' lang='lat'>,</span> <span class='ocrx_word' id='word_1_43' title='bbox 1743 1851 2218 1960; x_wconf 89' lang='lat' dir='ltr'>Oppenheim</span> <span class='ocrx_word' id='word_1_44' title='bbox 2237 1911 2259 1956; x_wconf 86' lang='lat'>‚</span> <span class='ocrx_word' id='word_1_45' title='bbox 2298 1850 2729 1959; x_wconf 88' lang='lat' dir='ltr'>Boppardia</span> <span class='ocrx_word' id='word_1_46' title='bbox 2780 1860 2854 1932; x_wconf 87' lang='lat' dir='ltr'>et</span> <span class='ocrx_word' id='word_1_47' title='bbox 2905 1851 3323 1936; x_wconf 88' lang='lat' dir='ltr'>Wertheim</span> <span class='ocrx_word' id='word_1_48' title='bbox 3378 1856 3693 1937; x_wconf 90' lang='lat' dir='ltr'>mandat</span> 
     </span>
     <span class='ocr_line' id='line_1_8' title="bbox 877 1983 3012 2095; baseline -0.002 -28"><span class='ocrx_word' id='word_1_49' title='bbox 877 1996 962 2068; x_wconf 88' lang='lat' dir='ltr'>ut</span> <span class='ocrx_word' id='word_1_50' title='bbox 995 1986 1193 2068; x_wconf 91' lang='lat' dir='ltr'>hanc</span> <span class='ocrx_word' id='word_1_51' title='bbox 1229 1985 1784 2095; x_wconf 82' lang='lat' dir='ltr'>indulgentiam</span> <span class='ocrx_word' id='word_1_52' title='bbox 1820 1984 2108 2067; x_wconf 91' lang='lat' dir='ltr'>eisdem</span> <span class='ocrx_word' id='word_1_53' title='bbox 2142 1983 2508 2066; x_wconf 89' lang='lat' dir='ltr'>fratribus</span> <span class='ocrx_word' id='word_1_54' title='bbox 2544 1994 3012 2066; x_wconf 87' lang='lat' dir='ltr'>conservent.</span> 
     </span>
    </p>
   </div>
   <div class='ocr_carea' id='block_1_7' title="bbox 1034 2194 3690 2384">
    <p class='ocr_par' dir='ltr' id='par_1_7' title="bbox 1034 2194 3690 2384">
     <span class='ocr_line' id='line_1_9' title="bbox 1034 2194 3690 2280; baseline 0.002 -22"><span class='ocrx_word' id='word_1_55' title='bbox 1034 2197 1216 2277; x_wconf 74' lang='lat' dir='ltr'>(Edit.</span> <span class='ocrx_word' id='word_1_56' title='bbox 1246 2216 1345 2276; x_wconf 84' lang='lat' dir='ltr'>ap.</span> <span class='ocrx_word' id='word_1_57' title='bbox 1375 2200 1501 2260; x_wconf 82' lang='lat' dir='ltr'>Jos.</span> <span class='ocrx_word' id='word_1_58' title='bbox 1534 2199 1889 2277; x_wconf 59' lang='lat' dir='ltr'>Asmxeu,</span> <span class='ocrx_word' id='word_1_59' title='bbox 1908 2195 2102 2259; x_wconf 69' lang='lat' dir='ltr'>Gesclc.</span> <span class='ocrx_word' id='word_1_60' title='bbox 2134 2195 2471 2275; x_wconf 74' lang='lat' dir='ltr'>der-Grasen</span> <span class='ocrx_word' id='word_1_61' title='bbox 2496 2213 2606 2257; x_wconf 79' lang='lat' dir='ltr'>von</span> <span class='ocrx_word' id='word_1_62' title='bbox 2644 2194 2969 2269; x_wconf 73' lang='lat' dir='ltr'>wertheim,</span> <span class='ocrx_word' id='word_1_63' title='bbox 3001 2199 3234 2272; x_wconf 79' lang='lat' dir='ltr'>parsu,</span> <span class='ocrx_word' id='word_1_64' title='bbox 3267 2199 3690 2280; x_wconf 86' lang='lat' dir='ltr'>Urkundenb.‚</span> 
     </span>
     <span class='ocr_line' id='line_1_10' title="bbox 1109 2304 1609 2384; baseline 0 -19"><span class='ocrx_word' id='word_1_65' title='bbox 1109 2323 1171 2383; x_wconf 83' lang='lat' dir='ltr'>p.</span> <span class='ocrx_word' id='word_1_66' title='bbox 1197 2315 1297 2379; x_wconf 82' lang='lat'>27,</span> <span class='ocrx_word' id='word_1_67' title='bbox 1327 2314 1394 2365; x_wconf 87' lang='lat' dir='ltr'>u·</span> <span class='ocrx_word' id='word_1_68' title='bbox 1419 2304 1609 2384; x_wconf 84' lang='lat' dir='ltr'>XXI.)</span> 
     </span>
    </p>
   </div>
   <div class='ocr_carea' id='block_1_8' title="bbox 870 2492 3692 4810">
    <p class='ocr_par' dir='ltr' id='par_1_8' title="bbox 870 2492 3692 4810">
     <span class='ocr_line' id='line_1_11' title="bbox 969 2492 3690 2586; baseline 0.001 -23"><span class='ocrx_word' id='word_1_69' title='bbox 969 2493 1300 2565; x_wconf 89' lang='lat' dir='ltr'>Henricus</span> <span class='ocrx_word' id='word_1_70' title='bbox 1325 2546 1346 2583; x_wconf 94' lang='lat'><strong>,</strong></span> <span class='ocrx_word' id='word_1_71' title='bbox 1402 2492 1527 2564; x_wconf 89' lang='lat' dir='ltr'>Dei</span> <span class='ocrx_word' id='word_1_72' title='bbox 1572 2493 1791 2586; x_wconf 88' lang='lat' dir='ltr'>gratia</span> <span class='ocrx_word' id='word_1_73' title='bbox 1823 2492 2287 2564; x_wconf 81' lang='lat' dir='ltr'>Romanorum</span> <span class='ocrx_word' id='word_1_74' title='bbox 2339 2511 2466 2562; x_wconf 90' lang='lat' dir='ltr'>rex</span> <span class='ocrx_word' id='word_1_75' title='bbox 2504 2498 2573 2562; x_wconf 92' lang='lat' dir='ltr'>et</span> <span class='ocrx_word' id='word_1_76' title='bbox 2622 2510 2894 2583; x_wconf 82' lang='lat' dir='ltr'>semper</span> <span class='ocrx_word' id='word_1_77' title='bbox 2928 2500 3303 2581; x_wconf 87' lang='lat' dir='ltr'>augustus,</span> <span class='ocrx_word' id='word_1_78' title='bbox 3345 2494 3690 2567; x_wconf 90' lang='lat' dir='ltr'>universis</span> 
     </span>
     <span class='ocr_line' id='line_1_12' title="bbox 875 2613 3689 2707; baseline 0.001 -20"><span class='ocrx_word' id='word_1_79' title='bbox 875 2615 1127 2707; x_wconf 89' lang='lat' dir='ltr'>quibus</span> <span class='ocrx_word' id='word_1_80' title='bbox 1165 2616 1255 2688; x_wconf 91' lang='lat' dir='ltr'>he</span> <span class='ocrx_word' id='word_1_81' title='bbox 1293 2615 1517 2688; x_wconf 81' lang='lat' dir='ltr'>littere</span> <span class='ocrx_word' id='word_1_82' title='bbox 1549 2625 1820 2687; x_wconf 88' lang='lat' dir='ltr'>ostense</span> <span class='ocrx_word' id='word_1_83' title='bbox 1854 2615 2110 2686; x_wconf 85' lang='lat' dir='ltr'>fuerint</span> <span class='ocrx_word' id='word_1_84' title='bbox 2145 2613 2434 2706; x_wconf 81' lang='lat' dir='ltr'>gratiam</span> <span class='ocrx_word' id='word_1_85' title='bbox 2471 2634 2668 2684; x_wconf 92' lang='lat' dir='ltr'>suam</span> <span class='ocrx_word' id='word_1_86' title='bbox 2700 2621 2769 2684; x_wconf 92' lang='lat' dir='ltr'>et</span> <span class='ocrx_word' id='word_1_87' title='bbox 2803 2633 3008 2685; x_wconf 90' lang='lat' dir='ltr'>omne</span> <span class='ocrx_word' id='word_1_88' title='bbox 3046 2613 3332 2686; x_wconf 90' lang='lat' dir='ltr'>bonum.</span> <span class='ocrx_word' id='word_1_89' title='bbox 3395 2615 3562 2688; x_wconf 89' lang='lat' dir='ltr'>Cum</span> <span class='ocrx_word' id='word_1_90' title='bbox 3599 2640 3689 2691; x_wconf 84' lang='lat' dir='ltr'>ex</span> 
     </span>
     <span class='ocr_line' id='line_1_13' title="bbox 877 2736 3691 2833; baseline 0.001 -25"><span class='ocrx_word' id='word_1_91' title='bbox 877 2739 1123 2809; x_wconf 91' lang='lat' dir='ltr'>summi</span> <span class='ocrx_word' id='word_1_92' title='bbox 1160 2739 1367 2833; x_wconf 87' lang='lat' dir='ltr'>Regis</span> <span class='ocrx_word' id='word_1_93' title='bbox 1398 2737 1675 2811; x_wconf 85' lang='lat' dir='ltr'>decreto</span> <span class='ocrx_word' id='word_1_94' title='bbox 1707 2736 1800 2810; x_wconf 91' lang='lat' dir='ltr'>ad</span> <span class='ocrx_word' id='word_1_95' title='bbox 1834 2759 2125 2831; x_wconf 90' lang='lat' dir='ltr'>regnum</span> <span class='ocrx_word' id='word_1_96' title='bbox 2155 2737 2373 2807; x_wconf 91' lang='lat' dir='ltr'>simus</span> <span class='ocrx_word' id='word_1_97' title='bbox 2404 2736 2773 2831; x_wconf 83' lang='lat' dir='ltr'>temporale</span> <span class='ocrx_word' id='word_1_98' title='bbox 2803 2736 3068 2826; x_wconf 88' lang='lat' dir='ltr'>vocati,</span> <span class='ocrx_word' id='word_1_99' title='bbox 3118 2738 3268 2829; x_wconf 88' lang='lat' dir='ltr'>ejus</span> <span class='ocrx_word' id='word_1_100' title='bbox 3293 2759 3421 2811; x_wconf 91' lang='lat' dir='ltr'>nos</span> <span class='ocrx_word' id='word_1_101' title='bbox 3452 2741 3691 2813; x_wconf 87' lang='lat' dir='ltr'>credi-</span> 
     </span>
     <span class='ocr_line' id='line_1_14' title="bbox 875 2859 3692 2962; baseline 0.001 -27"><span class='ocrx_word' id='word_1_102' title='bbox 875 2883 1029 2962; x_wconf 83' lang='lat' dir='ltr'>mus</span> <span class='ocrx_word' id='word_1_103' title='bbox 1064 2863 1496 2958; x_wconf 88' lang='lat' dir='ltr'>beneplacito</span> <span class='ocrx_word' id='word_1_104' title='bbox 1547 2861 1897 2935; x_wconf 86' lang='lat' dir='ltr'>deservire</span> <span class='ocrx_word' id='word_1_105' title='bbox 1939 2860 2258 2955; x_wconf 87' lang='lat' dir='ltr'>quotiens</span> <span class='ocrx_word' id='word_1_106' title='bbox 2290 2860 2571 2933; x_wconf 88' lang='lat' dir='ltr'>servitio</span> <span class='ocrx_word' id='word_1_107' title='bbox 2602 2881 2732 2932; x_wconf 91' lang='lat' dir='ltr'>suo</span> <span class='ocrx_word' id='word_1_108' title='bbox 2769 2859 3240 2933; x_wconf 79' lang='lat' dir='ltr'>insistentibus</span> <span class='ocrx_word' id='word_1_109' title='bbox 3274 2862 3692 2937; x_wconf 82' lang='lat' dir='ltr'>incessanter</span> 
     </span>
     <span class='ocr_line' id='line_1_15' title="bbox 876 2984 3689 3081; baseline 0.002 -24"><span class='ocrx_word' id='word_1_110' title='bbox 876 2988 1184 3061; x_wconf 80' lang='lat' dir='ltr'>utilitatis</span> <span class='ocrx_word' id='word_1_111' title='bbox 1227 2987 1593 3060; x_wconf 89' lang='lat' dir='ltr'>commodo</span> <span class='ocrx_word' id='word_1_112' title='bbox 1638 2985 2112 3081; x_wconf 88' lang='lat' dir='ltr'>providemus.</span> <span class='ocrx_word' id='word_1_113' title='bbox 2164 2986 2340 3056; x_wconf 89' lang='lat' dir='ltr'>Hinc</span> <span class='ocrx_word' id='word_1_114' title='bbox 2382 2984 2710 3078; x_wconf 89' lang='lat' dir='ltr'>estquod</span> <span class='ocrx_word' id='word_1_115' title='bbox 2767 2985 3050 3055; x_wconf 86' lang='lat' dir='ltr'>fratrum</span> <span class='ocrx_word' id='word_1_116' title='bbox 3103 2985 3193 3057; x_wconf 91' lang='lat' dir='ltr'>de</span> <span class='ocrx_word' id='word_1_117' title='bbox 3236 2986 3689 3062; x_wconf 90' lang='lat' dir='ltr'>Brunnebach</span> 
     </span>
     <span class='ocr_line' id='line_1_16' title="bbox 874 3108 3691 3207; baseline 0.001 -25"><span class='ocrx_word' id='word_1_118' title='bbox 874 3134 1044 3205; x_wconf 89' lang='lat' dir='ltr'>quos</span> <span class='ocrx_word' id='word_1_119' title='bbox 1073 3111 1469 3207; x_wconf 88' lang='lat' dir='ltr'>specialiter</span> <span class='ocrx_word' id='word_1_120' title='bbox 1498 3110 1869 3203; x_wconf 81' lang='lat' dir='ltr'>dignamur</span> <span class='ocrx_word' id='word_1_121' title='bbox 1897 3130 2157 3197; x_wconf 89' lang='lat' dir='ltr'>amore,</span> <span class='ocrx_word' id='word_1_122' title='bbox 2190 3109 2510 3200; x_wconf 88' lang='lat' dir='ltr'>precibus</span> <span class='ocrx_word' id='word_1_123' title='bbox 2530 3108 2851 3203; x_wconf 88' lang='lat' dir='ltr'>pietatem</span> <span class='ocrx_word' id='word_1_124' title='bbox 2868 3109 3389 3203; x_wconf 86' lang='lat' dir='ltr'>explorantibus</span> <span class='ocrx_word' id='word_1_125' title='bbox 3408 3113 3691 3187; x_wconf 81' lang='lat' dir='ltr'>favora-</span> 
     </span>
     <span class='ocr_line' id='line_1_17' title="bbox 872 3229 3690 3331; baseline 0.002 -26"><span class='ocrx_word' id='word_1_126' title='bbox 872 3234 1096 3306; x_wconf 89' lang='lat' dir='ltr'>biliter</span> <span class='ocrx_word' id='word_1_127' title='bbox 1129 3241 1547 3323; x_wconf 87' lang='lat' dir='ltr'>annuentes,</span> <span class='ocrx_word' id='word_1_128' title='bbox 1590 3231 1759 3327; x_wconf 89' lang='lat' dir='ltr'>ipsis</span> <span class='ocrx_word' id='word_1_129' title='bbox 1793 3231 2012 3324; x_wconf 87' lang='lat' dir='ltr'>regali</span> <span class='ocrx_word' id='word_1_130' title='bbox 2057 3229 2526 3302; x_wconf 85' lang='lat' dir='ltr'>munificentia</span> <span class='ocrx_word' id='word_1_131' title='bbox 2561 3230 3004 3322; x_wconf 82' lang='lat' dir='ltr'>indulgemus</span> <span class='ocrx_word' id='word_1_132' title='bbox 3040 3240 3117 3301; x_wconf 90' lang='lat' dir='ltr'>ut</span> <span class='ocrx_word' id='word_1_133' title='bbox 3150 3230 3242 3304; x_wconf 90' lang='lat' dir='ltr'>de</span> <span class='ocrx_word' id='word_1_134' title='bbox 3276 3235 3485 3307; x_wconf 92' lang='lat' dir='ltr'>rebus</span> <span class='ocrx_word' id='word_1_135' title='bbox 3518 3259 3690 3331; x_wconf 91' lang='lat' dir='ltr'>pro-</span> 
     </span>
     <span class='ocr_line' id='line_1_18' title="bbox 872 3353 3692 3453; baseline 0.002 -25"><span class='ocrx_word' id='word_1_136' title='bbox 872 3358 1036 3453; x_wconf 90' lang='lat' dir='ltr'>priis</span> <span class='ocrx_word' id='word_1_137' title='bbox 1070 3380 1248 3452; x_wconf 88' lang='lat' dir='ltr'>quas</span> <span class='ocrx_word' id='word_1_138' title='bbox 1287 3378 1413 3453; x_wconf 89' lang='lat' dir='ltr'>per</span> <span class='ocrx_word' id='word_1_139' title='bbox 1445 3355 1663 3428; x_wconf 88' lang='lat' dir='ltr'>Rheni</span> <span class='ocrx_word' id='word_1_140' title='bbox 1695 3376 1820 3427; x_wconf 91' lang='lat' dir='ltr'>seu</span> <span class='ocrx_word' id='word_1_141' title='bbox 1856 3353 2339 3447; x_wconf 89' lang='lat' dir='ltr'>Moguntinum</span> <span class='ocrx_word' id='word_1_142' title='bbox 2371 3354 2650 3426; x_wconf 89' lang='lat' dir='ltr'>alveum</span> <span class='ocrx_word' id='word_1_143' title='bbox 2686 3353 2838 3426; x_wconf 89' lang='lat' dir='ltr'>sive</span> <span class='ocrx_word' id='word_1_144' title='bbox 2870 3375 2995 3449; x_wconf 89' lang='lat' dir='ltr'>per</span> <span class='ocrx_word' id='word_1_145' title='bbox 3033 3365 3281 3427; x_wconf 88' lang='lat' dir='ltr'>terram</span> <span class='ocrx_word' id='word_1_146' title='bbox 3323 3356 3692 3435; x_wconf 88' lang='lat' dir='ltr'>habuerint</span> 
     </span>
     <span class='ocr_line' id='line_1_19' title="bbox 874 3476 3688 3574; baseline 0.001 -22"><span class='ocrx_word' id='word_1_147' title='bbox 874 3479 1323 3553; x_wconf 88' lang='lat' dir='ltr'>deducendas</span> <span class='ocrx_word' id='word_1_148' title='bbox 1356 3480 1507 3552; x_wconf 87' lang='lat' dir='ltr'>sive</span> <span class='ocrx_word' id='word_1_149' title='bbox 1542 3479 1789 3551; x_wconf 89' lang='lat' dir='ltr'>usibus</span> <span class='ocrx_word' id='word_1_150' title='bbox 1824 3477 2119 3574; x_wconf 89' lang='lat' dir='ltr'>propriis</span> <span class='ocrx_word' id='word_1_151' title='bbox 2149 3476 2637 3567; x_wconf 90' lang='lat' dir='ltr'>adducendas,</span> <span class='ocrx_word' id='word_1_152' title='bbox 2679 3477 2909 3548; x_wconf 90' lang='lat' dir='ltr'>nullus</span> <span class='ocrx_word' id='word_1_153' title='bbox 2944 3477 3302 3550; x_wconf 90' lang='lat' dir='ltr'>hominum</span> <span class='ocrx_word' id='word_1_154' title='bbox 3330 3482 3519 3556; x_wconf 90' lang='lat' dir='ltr'>nullo</span> <span class='ocrx_word' id='word_1_155' title='bbox 3549 3506 3688 3556; x_wconf 90' lang='lat' dir='ltr'>un-</span> 
     </span>
     <span class='ocr_line' id='line_1_20' title="bbox 874 3601 3679 3701; baseline 0.002 -27"><span class='ocrx_word' id='word_1_156' title='bbox 874 3625 1084 3698; x_wconf 87' lang='lat' dir='ltr'>quam</span> <span class='ocrx_word' id='word_1_157' title='bbox 1122 3613 1422 3698; x_wconf 90' lang='lat' dir='ltr'>tempore</span> <span class='ocrx_word' id='word_1_158' title='bbox 1454 3604 1847 3677; x_wconf 89' lang='lat' dir='ltr'>theloneum</span> <span class='ocrx_word' id='word_1_159' title='bbox 1881 3601 2033 3673; x_wconf 90' lang='lat' dir='ltr'>sive</span> <span class='ocrx_word' id='word_1_160' title='bbox 2066 3601 2495 3674; x_wconf 86' lang='lat' dir='ltr'>exactionem</span> <span class='ocrx_word' id='word_1_161' title='bbox 2525 3602 2825 3695; x_wconf 85' lang='lat' dir='ltr'>aliquam</span> <span class='ocrx_word' id='word_1_162' title='bbox 2860 3611 3272 3694; x_wconf 90' lang='lat' dir='ltr'>extorquere</span> <span class='ocrx_word' id='word_1_163' title='bbox 3307 3620 3679 3701; x_wconf 87' lang='lat' dir='ltr'>presumat,</span> 
     </span>
     <span class='ocr_line' id='line_1_21' title="bbox 875 3724 3688 3823; baseline 0.002 -23"><span class='ocrx_word' id='word_1_164' title='bbox 875 3727 1000 3800; x_wconf 87' lang='lat' dir='ltr'>sed</span> <span class='ocrx_word' id='word_1_165' title='bbox 1031 3729 1123 3800; x_wconf 89' lang='lat' dir='ltr'>ab</span> <span class='ocrx_word' id='word_1_166' title='bbox 1158 3728 1341 3799; x_wconf 90' lang='lat' dir='ltr'>omni</span> <span class='ocrx_word' id='word_1_167' title='bbox 1388 3749 1656 3823; x_wconf 91' lang='lat' dir='ltr'>semper</span> <span class='ocrx_word' id='word_1_168' title='bbox 1697 3726 2057 3800; x_wconf 83' lang='lat' dir='ltr'>exactione</span> <span class='ocrx_word' id='word_1_169' title='bbox 2094 3725 2369 3820; x_wconf 91' lang='lat' dir='ltr'>penitus</span> <span class='ocrx_word' id='word_1_170' title='bbox 2418 3725 2557 3796; x_wconf 89' lang='lat' dir='ltr'>sint</span> <span class='ocrx_word' id='word_1_171' title='bbox 2591 3724 2964 3813; x_wconf 80' lang='lat' dir='ltr'>immunes3</span> <span class='ocrx_word' id='word_1_172' title='bbox 3023 3746 3201 3817; x_wconf 91' lang='lat' dir='ltr'>quos</span> <span class='ocrx_word' id='word_1_173' title='bbox 3228 3726 3434 3799; x_wconf 91' lang='lat' dir='ltr'>etiam</span> <span class='ocrx_word' id='word_1_174' title='bbox 3473 3744 3543 3802; x_wconf 88' lang='lat' dir='ltr'>et</span> <span class='ocrx_word' id='word_1_175' title='bbox 3576 3756 3688 3806; x_wconf 92' lang='lat' dir='ltr'>res</span> 
     </span>
     <span class='ocr_line' id='line_1_22' title="bbox 872 3849 3687 3949; baseline 0.002 -26"><span class='ocrx_word' id='word_1_176' title='bbox 872 3853 1181 3947; x_wconf 91' lang='lat' dir='ltr'>ipsorum</span> <span class='ocrx_word' id='word_1_177' title='bbox 1215 3863 1284 3925; x_wconf 88' lang='lat' dir='ltr'>et</span> <span class='ocrx_word' id='word_1_178' title='bbox 1317 3873 1644 3947; x_wconf 90' lang='lat' dir='ltr'>personas</span> <span class='ocrx_word' id='word_1_179' title='bbox 1679 3860 1913 3924; x_wconf 89' lang='lat' dir='ltr'>nostre</span> <span class='ocrx_word' id='word_1_180' title='bbox 1946 3852 2270 3925; x_wconf 84' lang='lat' dir='ltr'>volumus</span> <span class='ocrx_word' id='word_1_181' title='bbox 2316 3849 2576 3942; x_wconf 89' lang='lat' dir='ltr'>jugiter</span> <span class='ocrx_word' id='word_1_182' title='bbox 2626 3849 3064 3942; x_wconf 86' lang='lat' dir='ltr'>protectionis</span> <span class='ocrx_word' id='word_1_183' title='bbox 3107 3852 3471 3926; x_wconf 88' lang='lat' dir='ltr'>securitate</span> <span class='ocrx_word' id='word_1_184' title='bbox 3514 3878 3687 3949; x_wconf 88' lang='lat' dir='ltr'>gau·-</span> 
     </span>
     <span class='ocr_line' id='line_1_23' title="bbox 872 3971 3687 4069; baseline 0.001 -21"><span class='ocrx_word' id='word_1_185' title='bbox 872 3975 1057 4049; x_wconf 91' lang='lat' dir='ltr'>dere.</span> <span class='ocrx_word' id='word_1_186' title='bbox 1097 3977 1231 4049; x_wconf 91' lang='lat' dir='ltr'>Res</span> <span class='ocrx_word' id='word_1_187' title='bbox 1267 3987 1499 4049; x_wconf 91' lang='lat' dir='ltr'>autem</span> <span class='ocrx_word' id='word_1_188' title='bbox 1517 3977 1805 4066; x_wconf 90' lang='lat' dir='ltr'>alienas,</span> <span class='ocrx_word' id='word_1_189' title='bbox 1844 3976 1903 4047; x_wconf 92' lang='lat' dir='ltr'>si</span> <span class='ocrx_word' id='word_1_190' title='bbox 1936 3996 2113 4069; x_wconf 92' lang='lat' dir='ltr'>quas</span> <span class='ocrx_word' id='word_1_191' title='bbox 2146 3973 2595 4064; x_wconf 88' lang='lat' dir='ltr'>deduxerint,</span> <span class='ocrx_word' id='word_1_192' title='bbox 2633 3974 2725 4044; x_wconf 90' lang='lat' dir='ltr'>ab</span> <span class='ocrx_word' id='word_1_193' title='bbox 2752 3973 2882 4044; x_wconf 88' lang='lat' dir='ltr'>hac</span> <span class='ocrx_word' id='word_1_194' title='bbox 2904 3971 3339 4067; x_wconf 79' lang='lat' dir='ltr'>indulgentia</span> <span class='ocrx_word' id='word_1_195' title='bbox 3376 3978 3687 4053; x_wconf 89' lang='lat' dir='ltr'>decerni-</span> 
     </span>
     <span class='ocr_line' id='line_1_24' title="bbox 871 4095 3681 4196; baseline 0.002 -26"><span class='ocrx_word' id='word_1_196' title='bbox 871 4121 1024 4171; x_wconf 91' lang='lat' dir='ltr'>mus</span> <span class='ocrx_word' id='word_1_197' title='bbox 1056 4121 1211 4173; x_wconf 90' lang='lat' dir='ltr'>esse</span> <span class='ocrx_word' id='word_1_198' title='bbox 1233 4109 1556 4173; x_wconf 88' lang='lat' dir='ltr'>remotas.</span> <span class='ocrx_word' id='word_1_199' title='bbox 1584 4100 1798 4172; x_wconf 85' lang='lat' dir='ltr'>Vobis</span> <span class='ocrx_word' id='word_1_200' title='bbox 1823 4108 2085 4187; x_wconf 88' lang='lat' dir='ltr'>autem,</span> <span class='ocrx_word' id='word_1_201' title='bbox 2117 4098 2444 4170; x_wconf 87' lang='lat' dir='ltr'>officiales</span> <span class='ocrx_word' id='word_1_202' title='bbox 2467 4098 2682 4169; x_wconf 90' lang='lat' dir='ltr'>nostri</span> <span class='ocrx_word' id='word_1_203' title='bbox 2707 4099 2779 4168; x_wconf 90' lang='lat' dir='ltr'>in</span> <span class='ocrx_word' id='word_1_204' title='bbox 2800 4095 3189 4189; x_wconf 82' lang='lat' dir='ltr'>Frankfurt,</span> <span class='ocrx_word' id='word_1_205' title='bbox 3230 4100 3681 4196; x_wconf 87' lang='lat' dir='ltr'>Oppenheim,</span> 
     </span>
     <span class='ocr_line' id='line_1_25' title="bbox 870 4219 3685 4318; baseline 0.003 -24"><span class='ocrx_word' id='word_1_206' title='bbox 870 4223 1204 4318; x_wconf 88' lang='lat' dir='ltr'>Popardia</span> <span class='ocrx_word' id='word_1_207' title='bbox 1253 4233 1323 4296; x_wconf 90' lang='lat' dir='ltr'>et</span> <span class='ocrx_word' id='word_1_208' title='bbox 1372 4223 1751 4296; x_wconf 89' lang='lat' dir='ltr'>Wertheim</span> <span class='ocrx_word' id='word_1_209' title='bbox 1776 4279 1793 4311; x_wconf 88' lang='lat'>,</span> <span class='ocrx_word' id='word_1_210' title='bbox 1854 4223 2138 4318; x_wconf 89' lang='lat' dir='ltr'>speciali</span> <span class='ocrx_word' id='word_1_211' title='bbox 2194 4219 2521 4294; x_wconf 90' lang='lat' dir='ltr'>mandato</span> <span class='ocrx_word' id='word_1_212' title='bbox 2575 4221 3001 4316; x_wconf 86' lang='lat' dir='ltr'>injungimus</span> <span class='ocrx_word' id='word_1_213' title='bbox 3046 4230 3126 4292; x_wconf 91' lang='lat' dir='ltr'>ut</span> <span class='ocrx_word' id='word_1_214' title='bbox 3181 4222 3359 4295; x_wconf 91' lang='lat' dir='ltr'>hanc</span> <span class='ocrx_word' id='word_1_215' title='bbox 3422 4226 3685 4301; x_wconf 89' lang='lat' dir='ltr'>eisdem</span> 
     </span>
     <span class='ocr_line' id='line_1_26' title="bbox 873 4345 3687 4441; baseline 0.004 -25"><span class='ocrx_word' id='word_1_216' title='bbox 873 4346 1196 4419; x_wconf 81' lang='lat' dir='ltr'>fratribus</span> <span class='ocrx_word' id='word_1_217' title='bbox 1226 4345 1729 4441; x_wconf 90' lang='lat' dir='ltr'>indulgentiam</span> <span class='ocrx_word' id='word_1_218' title='bbox 1752 4346 2237 4419; x_wconf 88' lang='lat' dir='ltr'>inviolabiliter</span> <span class='ocrx_word' id='word_1_219' title='bbox 2266 4345 2689 4419; x_wconf 84' lang='lat' dir='ltr'>conservetis</span> <span class='ocrx_word' id='word_1_220' title='bbox 2717 4368 2844 4418; x_wconf 91' lang='lat' dir='ltr'>nec</span> <span class='ocrx_word' id='word_1_221' title='bbox 2865 4346 3008 4418; x_wconf 90' lang='lat' dir='ltr'>ulla</span> <span class='ocrx_word' id='word_1_222' title='bbox 3025 4346 3126 4419; x_wconf 93' lang='lat' dir='ltr'>eis</span> <span class='ocrx_word' id='word_1_223' title='bbox 3153 4347 3299 4420; x_wconf 91' lang='lat' dir='ltr'>sitis</span> <span class='ocrx_word' id='word_1_224' title='bbox 3325 4351 3687 4426; x_wconf 89' lang='lat' dir='ltr'>exactione</span> 
     </span>
     <span class='ocr_line' id='line_1_27' title="bbox 876 4469 3687 4562; baseline 0.004 -23"><span class='ocrx_word' id='word_1_225' title='bbox 876 4470 1165 4541; x_wconf 89' lang='lat' dir='ltr'>molesti.</span> <span class='ocrx_word' id='word_1_226' title='bbox 1209 4471 1280 4541; x_wconf 92' lang='lat' dir='ltr'>Si</span> <span class='ocrx_word' id='word_1_227' title='bbox 1332 4471 1491 4562; x_wconf 90' lang='lat' dir='ltr'>quis</span> <span class='ocrx_word' id='word_1_228' title='bbox 1541 4479 1773 4544; x_wconf 91' lang='lat' dir='ltr'>autem</span> <span class='ocrx_word' id='word_1_229' title='bbox 1809 4480 2044 4543; x_wconf 88' lang='lat' dir='ltr'>contra</span> <span class='ocrx_word' id='word_1_230' title='bbox 2086 4482 2226 4542; x_wconf 89' lang='lat' dir='ltr'>tam</span> <span class='ocrx_word' id='word_1_231' title='bbox 2279 4469 2630 4543; x_wconf 90' lang='lat' dir='ltr'>liberalem</span> <span class='ocrx_word' id='word_1_232' title='bbox 2671 4479 2900 4543; x_wconf 90' lang='lat' dir='ltr'>nostre</span> <span class='ocrx_word' id='word_1_233' title='bbox 2944 4469 3411 4545; x_wconf 86' lang='lat' dir='ltr'>munificentie</span> <span class='ocrx_word' id='word_1_234' title='bbox 3453 4475 3687 4549; x_wconf 89' lang='lat' dir='ltr'>indul-</span> 
     </span>
     <span class='ocr_line' id='line_1_28' title="bbox 877 4593 3687 4689; baseline 0.004 -27"><span class='ocrx_word' id='word_1_235' title='bbox 877 4593 1175 4681; x_wconf 86' lang='lat' dir='ltr'>gentiam</span> <span class='ocrx_word' id='word_1_236' title='bbox 1208 4593 1448 4665; x_wconf 89' lang='lat' dir='ltr'>venire</span> <span class='ocrx_word' id='word_1_237' title='bbox 1482 4594 2006 4689; x_wconf 87' lang='lat' dir='ltr'>presumpserit,</span> <span class='ocrx_word' id='word_1_238' title='bbox 2048 4602 2278 4667; x_wconf 89' lang='lat' dir='ltr'>nostre</span> <span class='ocrx_word' id='word_1_239' title='bbox 2310 4614 2387 4666; x_wconf 88' lang='lat' dir='ltr'>se</span> <span class='ocrx_word' id='word_1_240' title='bbox 2414 4593 2683 4666; x_wconf 83' lang='lat' dir='ltr'>noverit</span> <span class='ocrx_word' id='word_1_241' title='bbox 2723 4593 3215 4689; x_wconf 87' lang='lat' dir='ltr'>indignationis</span> <span class='ocrx_word' id='word_1_242' title='bbox 3249 4596 3687 4676; x_wconf 84' lang='lat' dir='ltr'>animadver-</span> 
     </span>
     <span class='ocr_line' id='line_1_29' title="bbox 877 4713 1573 4810; baseline 0.007 -26"><span class='ocrx_word' id='word_1_243' title='bbox 877 4713 1067 4789; x_wconf 89' lang='lat' dir='ltr'>sione</span> <span class='ocrx_word' id='word_1_244' title='bbox 1101 4715 1573 4810; x_wconf 90' lang='lat' dir='ltr'>plectendum.</span> 
     </span>
    </p>
   </div>
   <div class='ocr_carea' id='block_1_9' title="bbox 3754 1464 4059 1627">
    <p class='ocr_par' dir='ltr' id='par_1_9' title="bbox 3754 1464 4059 1627">
     <span class='ocr_line' id='line_1_30' title="bbox 3754 1464 4059 1569; baseline 0 -8"><span class='ocrx_word' id='word_1_245' title='bbox 3754 1464 4035 1562; x_wconf 49' lang='lat' dir='ltr'>suffitias·</span> <span class='ocrx_word' id='word_1_246' title='bbox 4046 1547 4059 1569; x_wconf 86' lang='lat'>‚</span> 
     </span>
     <span class='ocr_line' id='line_1_31' title="bbox 3781 1573 4030 1627; baseline 0 -11"><span class='ocrx_word' id='word_1_247' title='bbox 3781 1574 3810 1616; x_wconf 76' lang='lat'>9</span> <span class='ocrx_word' id='word_1_248' title='bbox 3821 1573 4030 1627; x_wconf 72' lang='lat' dir='ltr'>Jnmrtl.</span> 
     </span>
    </p>
   </div>
  </div>
 </body>
</html>
