4842 5802
1159 553 1282 615 974
2082 546 2335 607 INDEX
2383 543 3081 607 DOCUMENTORUM.

1203 759 1241 832 Ι
1256 755 1423 831 255

1192 885 1420 944 martio.
1490 880 1606 955 Ap.
1622 877 1890 954 Fogiam.
1934 861 2015 921 '—
2054 875 2335 935 Eamdem
2372 877 2721 935 sententiam
2757 872 3097 946 confirmat,
3127 871 3325 950 quoad
3363 878 3591 948 spectat
3627 871 3705 932 ad
3738 871 3996 932 Leonar-

2019 971 2164 1031 dum
2200 971 2472 1031 abbatem
2500 972 2820 1032 cavensem
2838 1013 2856 1042 ,
2887 972 2989 1048 qui
3010 973 3151 1046 jura
3178 970 3518 1029 monasterii
3558 971 3652 1028 sui
3679 985 3853 1044 super
3885 968 3993 1028 bo-

2020 1071 2205 1128 mines
2232 1068 2443 1128 casalis
2470 1068 2671 1128 Sancti
2704 1068 2862 1127 Petri
2888 1067 2963 1128 de
2996 1067 3163 1127 Polla
3188 1072 3395 1126 contra
3432 1066 3700 1126 eamdem
3727 1065 3994 1126 Theodo-

2023 1180 2147 1223 ram
2177 1164 2539 1224 defenderat.
2727 1165 2738 1172 ’
3878 1170 3993 1222 535

1944 1292 2020 1305 -
2064 1261 2346 1338 Gregorio
2391 1277 2577 1337 papae
2617 1260 2823 1321 scribit
2858 1276 2952 1332 se,
2995 1259 3133 1320 licet
3172 1259 3363 1320 multa
3402 1259 3707 1336 dispendia
3740 1262 3803 1320 in
3843 1258 3998 1319 bello

2022 1365 2225 1417 contra
2264 1360 2564 1418 Romanos
2605 1357 2781 1416 fuerit
2815 1372 3153 1433 perpessus,
3198 1372 3427 1432 semper
3473 1357 3551 1416 ad
3600 1356 3999 1416 defensionem

2024 1454 2316 1513 Ecclesiae
2342 1460 2615 1530 paratum
2659 1469 2786 1513 esse
2801 1496 2816 1521 ‚
2847 1453 3231 1528 hortaturque
3267 1470 3343 1512 ne
3386 1469 3586 1529 pacem
3613 1456 3813 1512 minus
3837 1468 4000 1511 com·

2029 1549 2267 1609 modam
2294 1557 2532 1627 propter
2558 1566 2728 1610 suam
2760 1548 3087 1610 absentiam
3111 1548 3447 1610 concludat.
3653 1558 3770 1609 535
3797 1556 3857 1608 et
3884 1555 4000 1607 945

1186 1663 1254 1714 18
1281 1651 1451 1729 april.
1502 1652 1617 1728 Ap.
1648 1651 1899 1711 Fanum.
1948 1679 2029 1690 —
2064 1645 2159 1705 Ad
2184 1661 2386 1721 preces
2414 1647 2670 1722 episcopi
2696 1644 2997 1721 Aprutini,
3023 1646 3342 1721 justitiario
3382 1646 3616 1721 Aprutii
3655 1645 3900 1705 mandat
3936 1648 4004 1704 ut

2030 1743 2222 1803 forum
2265 1744 2436 1819 salis,
2466 1742 2605 1802 ferri
2643 1748 2705 1802 et
2741 1757 2939 1802 rerum
2981 1743 3276 1802 venalium
3320 1742 3480 1818 apud
3518 1744 3839 1803 Teramum
3876 1740 4003 1800 fleri

2030 1842 2360 1915 permittat,
2403 1841 2455 1898 si
2499 1838 2693 1899 forum
2732 1840 2926 1915 ipsum
2965 1840 3134 1898 novis
3179 1841 3415 1898 statutis
3457 1840 3581 1897 suis
3626 1854 3745 1897 non
3788 1836 4006 1896 obvia-

2032 1938 2204 1996 verit.
3886 1942 4001 1993 537

1183 2052 1259 2103 25
1288 2040 1455 2118 april.
1515 2041 1630 2118 Ap.
1646 2040 1899 2101 Fanum.
1952 2065 2033 2076 —
2070 2032 2373 2093 Ludovico
2437 2033 2798 2094 Francorum
2857 2035 2981 2111 regi
3043 2033 3279 2107 scribit,
3332 2033 3470 2093 licet
3513 2048 3591 2092 ex
3641 2031 4008 2091 ordinatione

2034 2133 2249 2191 summi
2277 2131 2570 2207 pontificis
2610 2134 3052 2193 matrimonium
3089 2148 3226 2192 cnm
3266 2148 3462 2192 sorore
3497 2133 3652 2209 regis
3679 2131 4006 2208 Anglorum

2033 2228 2380 2289 contrahere
2404 2230 2570 2300 velit,
2599 2230 2746 2289 1111111
2785 2235 2980 2290 tamen
3008 2230 3082 2290 de
3120 2229 3626 2291 confoederatione
3669 2230 3823 2289 inter
3859 2244 3923 2288 se
3949 2233 4010 2287 et

2032 2326 2231 2401 ipsum
2257 2327 2403 2384 inita
2429 2341 2555 2385 esse
2582 2326 3054 2402 immutandum3
3086 2332 3374 2405 rogatque
3400 2331 3471 2385 ut
3495 2342 3630 2385 cum
3657 2326 3720 2385 111
3747 2325 4012 2384 Theuto-

2034 2423 2196 2482 niam
2222 2428 2512 2498 properet,
2538 2424 2736 2482 venire
2764 2423 2841 2482 ad
2873 2423 3004 2483 illas
3029 2430 3224 2499 partes
3253 2423 3337 2482 illi
3364 2422 3609 2499 placeat.
3895 2428 4010 2481 539

1958 2550 2037 2565 -
2076 2520 2172 2580 Ad
2200 2519 2687 2596 supplicationem
2714 2520 2969 2581 Conradi
2995 2519 3225 2580 abbatis
3250 2520 3668 2580 Admontensis
3684 2563 3702 2592 ,
3744 2525 4009 2593 renovat,

2038 2619 2242 2677 inserit
2279 2623 2337 2676 et
2369 2617 2683 2677 confirmat
2723 2618 3095 2696 privilegium
3138 2617 3279 2677 huic
3322 2616 3603 2676 coenobio
3642 2615 3940 2675 indultum
3977 2631 4016 2676 a

2039 2714 2340 2774 Friderico
2367 2716 2396 2773 I
2425 2730 2538 2773 avo
2563 2731 2701 2785 suo,
2730 2713 2805 2774 de
2830 2730 2986 2774 anno
3019 2721 3202 2785 1184,
3231 2712 3334 2773 nbi
3376 2714 3768 2789 possessiones
3795 2727 4016 2772 mona-

2041 2814 2198 2873 sterii
2229 2813 2326 2872 ille
2352 2818 2644 2889 recenset,
2682 2812 2953 2889 idemque
2976 2815 3110 2888 Jure
3134 2812 3557 2872 advocatorum
3581 2810 3812 2870 eximit.
3897 2817 4012 2869 542

1963 2942 2042 2953 -
2080 2909 2336 2969 Henrico
2378 2909 2579 2970 abbati
2619 2909 3266 2970 Cremsmonasteriensi
3304 2907 3674 2986 privilegium
3709 2905 4017 2968 confirmat

2044 3006 2207 3083 quod
2226 3011 2487 3082 tempore
2513 3009 2675 3084 regni
2703 3008 2795 3067 sui
2821 3022 2978 3067 anno
3009 3016 3156 3068 1217
3182 3006 3371 3067 eidem
3399 3005 3682 3066 coenobio
3709 3006 4014 3081 concessit,

2041 3102 2320 3177 idemque
2346 3109 2592 3162 renovat
2616 3108 2677 3161 et
2698 3104 2925 3163 inserit.
3901 3109 4017 3162 549

1966 3230 2046 3245 -
2087 3200 2509 3258 Monasterinm
2534 3201 2596 3257 in
2624 3201 2808 3260 veteri
2836 3201 3103 3260 Honowe
3134 3198 3578 3278 (Althohenau).
3605 3197 4020 3276 salzeburgen-

2046 3298 2129 3357 sis
2163 3296 2469 3369 dioecesiS,
2510 3312 2646 3356 cum
2686 3297 2962 3358 omnibus
2990 3297 3162 3358 bonis
3200 3303 3262 3357 et
3299 3296 3563 3374 personis
3602 3298 3667 3357 in
3709 3297 4021 3374 specialem

2046 3395 2463 3470 protectionem
2490 3411 2654 3454 suam
2682 3397 2908 3471 recipit.
3154 3468 3158 3471 v
3905 3401 4020 3453 549

1967 3521 2048 3535 -
2089 3488 2183 3549 Ad
2228 3491 2566 3565 petitionem
2611 3490 2905 3568 Rudegeri
2957 3491 3321 3552 Pataviensis
3378 3490 3665 3566 episcopi,
3719 3486 4024 3565 judicibus

2047 3590 2177 3663 ejus
2206 3590 2308 3663 Jus
2332 3587 2514 3666 gladii
2540 3594 2599 3648 et
2625 3590 2846 3648 securis
2871 3590 2932 3647 in
2972 3604 3104 3648 reos
3137 3589 3449 3648 criminum
3496 3587 3705 3645 ultimo
3736 3585 4023 3663 supplicio

2050 3683 2379 3759 puniendos
2403 3700 2479 3742 ex
2505 3686 2695 3761 gratia
2721 3700 2830 3745 sua
2853 3685 3143 3745 concedit.
3907 3690 4021 3741 550

1973 3813 2051 3824 -
2092 3782 2396 3842 Universis
2414 3798 2521 3857 per
2546 3784 2858 3858 imperium
2884 3783 3219 3842 constitutis
3248 3780 3491 3841 domum
3515 3780 3819 3855 hospitalis
3840 3779 4026 3839 Sanc-

1538 3879 1920 3956 Nuremberg.
2053 3882 2149 3936 tae
2183 3878 2405 3937 Mariae
2445 3878 2940 3939 Tbeutonicorum
2988 3877 3381 3956 commendat,
3426 3892 3674 3937 monens
3705 3883 3775 3936 ut
3816 3875 4028 3937 fratres

2053 3979 2113 4033 et
2137 3976 2337 4035 omnia
2363 3974 2523 4035 bona
2547 3991 2751 4036 eorum
2782 3975 2981 4036 fovere
3008 3981 3069 4036 et
3090 3974 3394 4036 defensare
3418 3980 3637 4035 curent.
3906 3982 4019 4033 551

1251 4073 1444 4148 junio.
1645 4073 1823 4150 Apud
1977 4101 2058 4115 —
2095 4070 2341 4131 Petente
2366 4071 2715 4149 Engelberto
2741 4071 2955 4132 abbate
2978 4072 3316 4145 Ebracensi,
3342 4072 3710 4149 privilegium
3728 4086 3765 4129 a
3789 4085 3853 4130 se
3877 4075 4026 4130 tem-

1542 4169 1926 4248 Nuremberg.
2058 4180 2197 4240 pore
2224 4168 2389 4243 regni
2418 4170 2511 4227 sui
2535 4183 2689 4227 anno
2737 4176 2888 4229 1213
2937 4169 3129 4228 eidem
3153 4169 3508 4229 monasterio
3535 4166 3834 4228 indultum
3874 4167 4030 4226 inse·

2060 4263 2244 4323 rendo
2272 4269 2519 4323 renovat
2532 4306 2551 4338 ,
2580 4270 2641 4324 et
2666 4266 2729 4324 in
2754 4280 2824 4325 eo
2850 4271 3128 4326 contenta
3155 4267 3367 4326 lterum
3393 4263 3729 4325 confirmat.
3913 4271 4028 4323 552

1980 4389 2062 4404 -
2099 4358 2405 4418 Fidelibus
2441 4362 2564 4419 suis
2606 4363 2671 4420 in
2696 4361 2964 4437 partibus
2998 4360 3384 4423 Lombardiae
3426 4361 3761 4421 constitutis
3797 4361 4034 4421 nuntiat

2060 4455 2357 4533 quomodo
2382 4457 2581 4516 omnia
2611 4458 2724 4517 sibi
2750 4459 2814 4517 111
2837 4459 3186 4519 Alemannia
3208 4474 3479 4536 prospere
3505 4458 3747 4533 cedunt,
3774 4457 3900 4518 filio
3924 4473 4032 4519 suo

2063 4553 2227 4612 nulla
2253 4554 2592 4628 interposita
2627 4554 2963 4615 conditione
3001 4556 3080 4616 ad
3114 4556 3461 4617 mandatum
3505 4571 3681 4616 sunm
3726 4556 4026 4616 redeunte.

2065 4647 2213 4710 Cum
2250 4655 2449 4710 autem
2493 4651 2814 4713 solemnem
2859 4654 3084 4714 curiam
3123 4654 3283 4732 apud
3317 4651 3685 4732 Maguntiam
3719 4653 4029 4727 indixerit,

1178 1278 1249 1328 27
1270 1271 1446 1326 mart.
1557 1264 1832 1342 Foggiae.

1236 2527 1414 2587 maio.
1532 2524 1646 2601 Ap.
1672 2523 1907 2583 Novum

1558 2621 1779 2681 Forum
1803 2619 1867 2677 in

1608 2717 1826 2794 styria.

1235 2915 1427 2990 junio.
1537 2911 1655 2989 Ap.
1668 2909 1892 2970 Welse.

1233 3204 1427 3282 junio.
1634 3200 1810 3278 Apud

1523 3301 1919 3375 Ratisponam.

1206 3508 1231 3558 1
1246 3505 1275 3555 7
1298 3495 1472 3571 junii.
1639 3493 1817 3570 Apud

1084 3608 1089 3614 ·
1532 3590 1916 3666 Nuremberg.

1208 3790 1280 3841 22
1304 3782 1475 3858 junii.
1642 3782 1817 3859 Apud
