4842 5802
938 688 1136 750 Inter.
1168 686 1257 770 9.]
1853 685 2245 748 HISTORIA
2293 686 2877 750 etPLoMATch.
3652 687 3774 751 805

941 830 1197 894 sumat.
1242 817 1447 905 Quod
1478 818 1599 914 qui
1645 822 2137 916 presumpserit
2164 823 2709 919 indignationem
2752 829 3049 895 nostram
3097 842 3174 896 se
3220 820 3488 894 noverit
3532 820 3770 895 incur-

940 965 1212 1016 surum.
1253 942 1370 1017 Ad
1418 942 1627 1035 hujus
1670 942 1909 1037 itaque
1951 948 2392 1040 protectionis
2444 948 2780 1021 cautelam
2829 954 2901 1018 et
2945 945 3048 1020 rei
3095 954 3286 1039 geste
3326 946 3757 1034 memoriam,

940 1089 1229 1165 presens
1257 1067 1590 1162 scriptum
1634 1066 1779 1142 fieri
1803 1069 2141 1162 jussimus
2167 1072 2542 1166 majestatis
2581 1080 2811 1144 nostre
2838 1069 3064 1164 sigillo
3097 1069 3466 1142 munitum.

1041 1194 1292 1264 Datum
1329 1192 1761 1287 Hagenowe,
1802 1213 1985 1266 anno
2017 1193 2363 1268 dominice
2391 1194 2882 1268 incarnationis
2909 1193 3268 1267 millesimo
3294 1190 3766 1267 ducentesimo

939 1313 1287 1388 tricesimo
1324 1314 1593 1408 quinto,
1632 1336 1865 1387 mense
1900 1314 2320 1410 decembris,
2359 1340 2542 1391 none
2572 1317 2993 1391 indictionis.

1753 1782 1979 1844 ANNo
2034 1783 2231 1846 1236.
2279 1818 2357 1832 —
2398 1783 2881 1846 INDICTIONE
2921 1783 2979 1847 9.

1046 2176 1470 2261 Fridericus
1496 2239 1519 2281 ,
1576 2178 2098 2262 Romanorum
2155 2179 2607 2288 imperator,
2664 2178 2754 2260 B.
2814 2178 3167 2287 episcopo
3223 2177 3639 2261 Vivariensi
3692 2189 3768 2262 et
3852 2192 4133 2301 5333·

939 2309 1505 2395 successoribus
1559 2309 1725 2419 ejus
1776 2310 2179 2393 confirmat
2232 2312 2492 2395 omnia
2536 2310 2929 2421 privilegia
2973 2338 3020 2392 a
3062 2312 3767 2420 praedecessoribus
3874 2299 4102 2353 'mmm

943 2444 1105 2527 suis
1140 2454 1215 2527 et
1252 2470 1298 2526 a
1336 2443 1583 2552 seipso
1619 2441 1977 2526 ecclesiae
2011 2442 2426 2526 Vivariensi
2469 2442 2793 2525 indulta.

1100 2644 1295 2719 (Edit.
1326 2660 1423 2721 ap.
1455 2643 1547 2705 Du
1572 2645 1689 2707 V1c
1731 2651 1791 2705 et
1814 2644 2143 2718 Varssms,
2176 2643 2330 2704 Hire.
2361 2645 2494 2724 qen.
2528 2641 2598 2702 de
2621 2639 2984 2723 Lanqmdoc,
3013 2648 3064 2703 t.
3099 2643 3202 2715 vl.
3232 2659 3482 2721 preuves
3512 2661 3574 2722 p.
3609 2653 3759 2718 406,

1175 2749 1312 2811 edit.
1337 2750 1434 2812 Du
1454 2750 1647 2828 Mega,
1678 2766 1754 2811 ex
1779 2750 1936 2811 Bibl.
1961 2766 2087 2829 reg.
2119 2750 2307 2810 Paris.
2312 2793 2333 2824 ‚
2364 2749 2540 2810 fonds
2562 2749 2799 2824 Belum,
2829 2749 3195 2826 portefeuille
3221 2750 3296 2810 de
3319 2750 3600 2826 viviers.)

1032 2924 1112 2996 In
1147 2923 1431 2996 nomine
1465 2931 1697 2997 sancte
1728 2932 1796 2996 et
1841 2922 2214 2997 individue
2250 2923 2619 2996 Trinitatis.
2665 2921 3057 2996 Fridericus
3087 2922 3176 3016 Π,
3213 2923 3453 2997 divina
3485 2925 3763 2998 favente

933 3047 1297 3120 clementia
1340 3048 1803 3120 Romanorum
1861 3045 2233 3142 imperator
2280 3069 2552 3143 semper
2585 3054 2957 3142 augustus,
2999 3049 3373 3121 Jerusalem
3418 3057 3488 3120 et
3533 3048 3761 3121 Sicilie

930 3192 1084 3243 rex.
1139 3172 1351 3245 Decet
1403 3170 1776 3266 imperialis
1822 3170 2229 3243 excellentie
2280 3170 2685 3264 dignitatem
2731 3170 2937 3264 justis
2983 3171 3421 3244 subditorum
3476 3172 3761 3267 petitio-

933 3294 1144 3367 nibus
1174 3294 1516 3387 inclinari,
1539 3306 1609 3367 et
1643 3314 1881 3366 eorum
1914 3295 2221 3366 maxime
2262 3315 2440 3388 quos
2475 3293 2905 3391 experientia
2938 3293 3129 3387 fidei,
3155 3294 3543 3369 devotionis
3575 3296 3758 3370 inte-

932 3419 1148 3511 gritas
1182 3424 1251 3489 et
1287 3417 1625 3511 obsequia
1656 3417 1910 3512 dignos
1948 3418 2209 3490 faciunt
2242 3425 2311 3489 et
2353 3417 2937 3491 commendabiles
2973 3428 3493 3514 representant:
3529 3421 3757 3515 utqui

930 3540 1277 3632 augustali
1310 3540 1484 3613 solio
1522 3539 1765 3613 divino
1800 3561 2089 3613 munere
2113 3539 2581 3636 presidemuS,
2623 3551 2693 3614 et
2722 3542 3000 3615 obtenta
3027 3540 3364 3615 beneficia
3397 3564 3758 3615 servemus

932 3661 1009 3733 in
1043 3660 1333 3757 posteris
1373 3669 1444 3734 et
1483 3683 1566 3735 ea
1610 3662 1980 3736 liberaliter
2034 3662 2567 3736 confirmationis
2616 3672 2843 3737 nostre
2891 3664 3272 3736 munimine
3325 3664 3748 3738 roboremus.

929 3786 1311 3882 Eapropter
1349 3785 1690 3858 universis
1741 3784 2069 3859 fidelibus
2111 3785 2359 3859 nostris
2403 3794 2542 3858 tam
2596 3786 3034 3881 presentibus
3084 3808 3296 3881 quam
3339 3787 3585 3860 futuris
3628 3809 3756 3861 vo-

932 3911 1167 3982 lumus
1207 3911 1353 3982 fore
1401 3919 1642 3982 notum
1694 3910 1887 4005 quod
1928 3931 2086 3983 cum
2139 3909 2432 3982 dilectus
2479 3916 2710 3981 noster
2750 3910 2828 3981 B.
2887 3909 3302 3983 venerabilis
3334 3909 3758 3984 vivariensis

928 4033 1298 4129 episcopus
1343 4042 1573 4107 nostro
1619 4034 1909 4105 culmini
1951 4034 2403 4130 supplicasset
2446 4040 2702 4106 attente
2738 4042 2815 4104 ut
2852 4032 3020 4126 quia
3058 4032 3347 4106 ecclesia
3381 4055 3513 4139 sua
3549 4032 3758 4107 habet

932 4155 1206 4229 indulta
1238 4155 1374 4228 sibi
1421 4153 1692 4228 dudum
1733 4176 1777 4228 a
1816 4155 2000 4227 divis
2046 4155 2363 4249 augustis
2412 4153 3012 4249 predecessoribus
3056 4154 3303 4227 uostris
3349 4154 3582 4228 inclite
3635 4177 3759 4227 re·-

929 4279 1348 4353 cordationis
1379 4289 1448 4351 et
1480 4278 1679 4352 nobis
1698 4336 1714 4367 ,
1758 4301 2052 4375 quorum
2096 4289 2367 4352 tenores
2398 4300 2536 4349 non
2570 4286 2848 4374 possent
2889 4277 2962 4348 in
2998 4298 3138 4350 uno
3176 4255 3536 4374 privilegio
3568 4299 3756 4351 com-

929 4403 1302 4498 prehendi,
1339 4403 1649 4499 predicta
1698 4399 2065 4499 privilegia
2099 4425 2260 4476 cum
2293 4402 2403 4476 his
2433 4423 2573 4497 que
2618 4402 3050 4475 continentur
3088 4401 3162 4472 in
3198 4400 3308 4473 his
3352 4398 3758 4474 confirmare

930 4527 1068 4599 sibi
1106 4526 1196 4600 de
1232 4536 1465 4600 nostra
1500 4528 1719 4622 gratia
1756 4527 2229 4620 dignaremur.
2262 4529 2400 4600 Nos
2434 4527 2735 4623 pensatis
2764 4526 3027 4600 meritis
3056 4524 3222 4597 fidei
3266 4535 3335 4597 et
3370 4524 3755 4598 devotionis

931 4648 1245 4739 ejusdcm
1282 4670 1487 4744 quem
1527 4650 1598 4722 in
1637 4651 1895 4723 honore
1925 4672 2006 4723 ac
2040 4649 2338 4722 servitiis
2374 4650 2624 4722 nostris
2661 4658 2729 4721 et
2779 4647 3049 4744 imperii
3095 4668 3363 4742 semper
3409 4647 3758 4720 efficacem

936 4769 1358 4866 invenimus,
1400 4773 2020 4871 supplicationibus
2051 4773 2198 4846 suis
2235 4772 2698 4846 favorabiliter
2735 4771 3066 4862 inclinati,
3098 4771 3362 4868 prefata
3394 4769 3760 4867 privilegia
