<?xml version="1.0" encoding="UTF-8"?>
<!DOCTYPE html PUBLIC "-//W3C//DTD XHTML 1.0 Transitional//EN"
    "http://www.w3.org/TR/xhtml1/DTD/xhtml1-transitional.dtd">
<html xmlns="http://www.w3.org/1999/xhtml" xml:lang="en" lang="en">
 <head>
  <title>
</title>
<meta http-equiv="Content-Type" content="text/html;charset=utf-8" />
  <meta name='ocr-system' content='tesseract 3.04.00' />
  <meta name='ocr-capabilities' content='ocr_page ocr_carea ocr_par ocr_line ocrx_word'/>
</head>
<body>
  <div class='ocr_page' id='page_1' title='image "./historiadiploma01degoog_0285.png"; bbox 0 0 4842 5802; ppageno 0'>
   <div class='ocr_carea' id='block_1_1' title="bbox 850 670 3681 770">
    <p class='ocr_par' dir='ltr' id='par_1_1' title="bbox 850 670 3681 770">
     <span class='ocr_line' id='line_1_1' title="bbox 850 670 3681 770; baseline -0.009 -13"><span class='ocrx_word' id='word_1_1' title='bbox 850 700 1048 758; x_wconf 64' lang='lat' dir='ltr'><strong>Iunior.</strong></span> <span class='ocrx_word' id='word_1_2' title='bbox 1083 691 1168 770; x_wconf 85' lang='grc'><strong>9.]</strong></span> <span class='ocrx_word' id='word_1_3' title='bbox 1757 677 2145 738; x_wconf 78' lang='lat' dir='ltr'><strong>HISTORIA</strong></span> <span class='ocrx_word' id='word_1_4' title='bbox 2202 676 2787 739; x_wconf 78' lang='lat' dir='ltr'>DIPLOMATICA.</span> <span class='ocrx_word' id='word_1_5' title='bbox 3562 670 3681 732; x_wconf 77' lang='lat'><strong>&#39;169</strong></span> 
     </span>
    </p>
   </div>
   <div class='ocr_carea' id='block_1_2' title="bbox 858 806 3673 1041">
    <p class='ocr_par' dir='ltr' id='par_1_2' title="bbox 858 806 3673 1041">
     <span class='ocr_line' id='line_1_2' title="bbox 950 806 3673 915; baseline -0.009 -16"><span class='ocrx_word' id='word_1_6' title='bbox 950 829 1201 898; x_wconf 89' lang='lat' dir='ltr'><strong>Datum</strong></span> <span class='ocrx_word' id='word_1_7' title='bbox 1250 819 1440 915; x_wconf 87' lang='lat' dir='ltr'><strong>apud</strong></span> <span class='ocrx_word' id='word_1_8' title='bbox 1484 818 1910 908; x_wconf 81' lang='lat' dir='ltr'><strong>Hagenowe‚</strong></span> <span class='ocrx_word' id='word_1_9' title='bbox 1956 829 2139 882; x_wconf 89' lang='lat' dir='ltr'><strong>anno</strong></span> <span class='ocrx_word' id='word_1_10' title='bbox 2190 809 2536 882; x_wconf 86' lang='lat' dir='ltr'><strong>dominice</strong></span> <span class='ocrx_word' id='word_1_11' title='bbox 2581 811 3067 884; x_wconf 90' lang='lat' dir='ltr'><strong>incarnationis</strong></span> <span class='ocrx_word' id='word_1_12' title='bbox 3090 808 3508 882; x_wconf 85' lang='lat' dir='ltr'>MCCXXXV</span> <span class='ocrx_word' id='word_1_13' title='bbox 3539 806 3673 900; x_wconf 73' lang='grc'>(1),</span> 
     </span>
     <span class='ocr_line' id='line_1_3' title="bbox 858 933 2206 1041; baseline -0.016 -17"><span class='ocrx_word' id='word_1_14' title='bbox 858 970 1091 1025; x_wconf 90' lang='lat' dir='ltr'><strong>mense</strong></span> <span class='ocrx_word' id='word_1_15' title='bbox 1127 942 1534 1041; x_wconf 79' lang='lat' dir='ltr'>septembri,</span> <span class='ocrx_word' id='word_1_16' title='bbox 1574 958 1754 1011; x_wconf 92' lang='lat' dir='ltr'><strong>none</strong></span> <span class='ocrx_word' id='word_1_17' title='bbox 1784 933 2206 1008; x_wconf 80' lang='lat' dir='ltr'><strong>indictionis.</strong></span> 
     </span>
    </p>
   </div>
   <div class='ocr_carea' id='block_1_3' title="bbox 1356 1244 1748 1260">
    <p class='ocr_par' dir='ltr' id='par_1_3' title="bbox 1356 1244 1748 1260">
     <span class='ocr_line' id='line_1_4' title="bbox 1356 1244 1748 1260; baseline -0.01 -4"><span class='ocrx_word' id='word_1_18' title='bbox 1356 1249 1458 1260; x_wconf 71' lang='lat'><strong>--</strong></span> <span class='ocrx_word' id='word_1_19' title='bbox 1473 1244 1748 1256; x_wconf 70' lang='lat'><strong>-.-..—-——-·-.·</strong></span> 
     </span>
    </p>
   </div>
   <div class='ocr_carea' id='block_1_4' title="bbox 866 1507 3684 2021">
    <p class='ocr_par' dir='ltr' id='par_1_4' title="bbox 866 1507 3684 2021">
     <span class='ocr_line' id='line_1_5' title="bbox 968 1507 3681 1622; baseline -0.002 -23"><span class='ocrx_word' id='word_1_20' title='bbox 968 1516 1393 1599; x_wconf 87' lang='lat' dir='ltr'><strong>Fridericus</strong></span> <span class='ocrx_word' id='word_1_21' title='bbox 1408 1576 1432 1622; x_wconf 89' lang='lat'>,</span> <span class='ocrx_word' id='word_1_22' title='bbox 1489 1514 2010 1597; x_wconf 90' lang='lat' dir='ltr'><strong>Romanorum</strong></span> <span class='ocrx_word' id='word_1_23' title='bbox 2063 1509 2501 1617; x_wconf 83' lang='lat' dir='ltr'><strong>imperator,</strong></span> <span class='ocrx_word' id='word_1_24' title='bbox 2563 1507 3028 1591; x_wconf 82' lang='lat' dir='ltr'><strong>abbatissam</strong></span> <span class='ocrx_word' id='word_1_25' title='bbox 3092 1519 3167 1591; x_wconf 88' lang='lat' dir='ltr'><strong>et</strong></span> <span class='ocrx_word' id='word_1_26' title='bbox 3224 1520 3681 1593; x_wconf 87' lang='lat' dir='ltr'><strong>conventum</strong></span> 
     </span>
     <span class='ocr_line' id='line_1_6' title="bbox 866 1640 3683 1749; baseline -0.002 -21"><span class='ocrx_word' id='word_1_27' title='bbox 866 1648 1306 1732; x_wconf 91' lang='lat' dir='ltr'><strong>monasterii</strong></span> <span class='ocrx_word' id='word_1_28' title='bbox 1340 1644 1740 1731; x_wconf 90' lang='lat' dir='ltr'><strong>Lilienthal</strong></span> <span class='ocrx_word' id='word_1_29' title='bbox 1755 1706 1779 1749; x_wconf 81' lang='lat'>,</span> <span class='ocrx_word' id='word_1_30' title='bbox 1815 1640 2244 1725; x_wconf 89' lang='lat' dir='ltr'><strong>Bremensis</strong></span> <span class='ocrx_word' id='word_1_31' title='bbox 2306 1640 2668 1723; x_wconf 87' lang='lat' dir='ltr'><strong>dioecesis</strong></span> <span class='ocrx_word' id='word_1_32' title='bbox 2683 1701 2707 1744; x_wconf 80' lang='lat'>,</span> <span class='ocrx_word' id='word_1_33' title='bbox 2757 1664 2933 1721; x_wconf 92' lang='lat' dir='ltr'><strong>cum</strong></span> <span class='ocrx_word' id='word_1_34' title='bbox 2996 1640 3356 1723; x_wconf 89' lang='lat' dir='ltr'><strong>omnibus</strong></span> <span class='ocrx_word' id='word_1_35' title='bbox 3417 1667 3683 1723; x_wconf 89' lang='lat' dir='ltr'><strong>earum</strong></span> 
     </span>
     <span class='ocr_line' id='line_1_7' title="bbox 867 1771 3684 1886; baseline -0.002 -23"><span class='ocrx_word' id='word_1_36' title='bbox 867 1779 1091 1863; x_wconf 89' lang='lat' dir='ltr'><strong>bonis</strong></span> <span class='ocrx_word' id='word_1_37' title='bbox 1140 1781 1221 1861; x_wconf 89' lang='lat' dir='ltr'><strong>in</strong></span> <span class='ocrx_word' id='word_1_38' title='bbox 1277 1803 1420 1862; x_wconf 92' lang='lat' dir='ltr'><strong>sua</strong></span> <span class='ocrx_word' id='word_1_39' title='bbox 1470 1775 1933 1886; x_wconf 89' lang='lat' dir='ltr'><strong>protectione</strong></span> <span class='ocrx_word' id='word_1_40' title='bbox 1983 1772 2284 1880; x_wconf 84' lang='lat' dir='ltr'><strong>recipit,</strong></span> <span class='ocrx_word' id='word_1_41' title='bbox 2314 1771 2575 1880; x_wconf 88' lang='lat' dir='ltr'><strong>eisque</strong></span> <span class='ocrx_word' id='word_1_42' title='bbox 2621 1771 3041 1878; x_wconf 77' lang='lat' dir='ltr'><strong>specialiter</strong></span> <span class='ocrx_word' id='word_1_43' title='bbox 3081 1771 3483 1855; x_wconf 88' lang='lat' dir='ltr'><strong>confirmat</strong></span> <span class='ocrx_word' id='word_1_44' title='bbox 3515 1774 3684 1856; x_wconf 90' lang='lat' dir='ltr'><strong>loca</strong></span> 
     </span>
     <span class='ocr_line' id='line_1_8' title="bbox 870 1902 2407 2021; baseline -0.008 -25"><span class='ocrx_word' id='word_1_45' title='bbox 870 1937 1067 2021; x_wconf 91' lang='lat' dir='ltr'><strong>quae</strong></span> <span class='ocrx_word' id='word_1_46' title='bbox 1099 1911 1462 1993; x_wconf 88' lang='lat' dir='ltr'><strong>dicuntur</strong></span> <span class='ocrx_word' id='word_1_47' title='bbox 1494 1909 1752 2016; x_wconf 91' lang='lat' dir='ltr'><strong>Trupa</strong></span> <span class='ocrx_word' id='word_1_48' title='bbox 1784 1915 1860 1989; x_wconf 89' lang='lat' dir='ltr'><strong>et</strong></span> <span class='ocrx_word' id='word_1_49' title='bbox 1890 1902 2407 1987; x_wconf 85' lang='lat' dir='ltr'><strong>Vallerbroke.</strong></span> 
     </span>
    </p>
   </div>
   <div class='ocr_carea' id='block_1_5' title="bbox 1033 2113 3685 2306">
    <p class='ocr_par' dir='ltr' id='par_1_5' title="bbox 1033 2113 3685 2306">
     <span class='ocr_line' id='line_1_9' title="bbox 1033 2113 3685 2199; baseline -0.002 -16"><span class='ocrx_word' id='word_1_50' title='bbox 1033 2121 1247 2199; x_wconf 78' lang='lat' dir='ltr'><strong>(Edid.</strong></span> <span class='ocrx_word' id='word_1_51' title='bbox 1275 2122 1418 2181; x_wconf 79' lang='lat' dir='ltr'><strong>Jon.</strong></span> <span class='ocrx_word' id='word_1_52' title='bbox 1443 2120 1642 2192; x_wconf 63' lang='grc' dir='ltr'><strong>νοω,</strong></span> <span class='ocrx_word' id='word_1_53' title='bbox 1665 2118 1920 2178; x_wconf 64' lang='lat' dir='ltr'><strong>Monuni.</strong></span> <span class='ocrx_word' id='word_1_54' title='bbox 1950 2113 2148 2176; x_wconf 75' lang='lat' dir='ltr'><strong>inedit-</strong></span> <span class='ocrx_word' id='word_1_55' title='bbox 2172 2114 2485 2193; x_wconf 72' lang='lat' dir='ltr'><strong>praecipue</strong></span> <span class='ocrx_word' id='word_1_56' title='bbox 2511 2114 2803 2176; x_wconf 66' lang='lat' dir='ltr'><strong>Bremau.</strong></span> <span class='ocrx_word' id='word_1_57' title='bbox 2836 2113 3139 2192; x_wconf 77' lang='lat' dir='ltr'><strong>(Bi-emen,</strong></span> <span class='ocrx_word' id='word_1_58' title='bbox 3174 2114 3378 2196; x_wconf 79' lang='lat'><strong>1762),</strong></span> <span class='ocrx_word' id='word_1_59' title='bbox 3406 2124 3551 2179; x_wconf 91' lang='lat' dir='ltr'><strong>tom.</strong></span> <span class='ocrx_word' id='word_1_60' title='bbox 3588 2119 3685 2196; x_wconf 87' lang='lat'><strong>11,</strong></span> 
     </span>
     <span class='ocr_line' id='line_1_10' title="bbox 1110 2223 1339 2306; baseline 0.004 -20"><span class='ocrx_word' id='word_1_61' title='bbox 1110 2244 1174 2305; x_wconf 87' lang='lat' dir='ltr'><strong>p.</strong></span> <span class='ocrx_word' id='word_1_62' title='bbox 1211 2223 1339 2306; x_wconf 76' lang='lat'><strong>24.)</strong></span> 
     </span>
    </p>
   </div>
   <div class='ocr_carea' id='block_1_6' title="bbox 877 2405 3704 4468">
    <p class='ocr_par' dir='ltr' id='par_1_6' title="bbox 877 2405 3704 4468">
     <span class='ocr_line' id='line_1_11' title="bbox 972 2405 3688 2503; baseline -0 -20"><span class='ocrx_word' id='word_1_63' title='bbox 972 2411 1365 2484; x_wconf 87' lang='lat' dir='ltr'><strong>Fridericus</strong></span> <span class='ocrx_word' id='word_1_64' title='bbox 1383 2463 1403 2501; x_wconf 91' lang='lat'>,</span> <span class='ocrx_word' id='word_1_65' title='bbox 1441 2410 1565 2483; x_wconf 91' lang='lat' dir='ltr'><strong>Dei</strong></span> <span class='ocrx_word' id='word_1_66' title='bbox 1603 2409 1823 2503; x_wconf 82' lang='lat' dir='ltr'><strong>gratia</strong></span> <span class='ocrx_word' id='word_1_67' title='bbox 1869 2408 2329 2480; x_wconf 86' lang='lat' dir='ltr'><strong>Romanorum</strong></span> <span class='ocrx_word' id='word_1_68' title='bbox 2365 2405 2736 2499; x_wconf 87' lang='lat' dir='ltr'><strong>imperator</strong></span> <span class='ocrx_word' id='word_1_69' title='bbox 2777 2426 3045 2502; x_wconf 90' lang='lat' dir='ltr'><strong>semper</strong></span> <span class='ocrx_word' id='word_1_70' title='bbox 3081 2417 3451 2500; x_wconf 73' lang='lat' dir='ltr'><strong>augustus,</strong></span> <span class='ocrx_word' id='word_1_71' title='bbox 3490 2410 3688 2482; x_wconf 86' lang='lat' dir='ltr'><strong>Jeru-</strong></span> 
     </span>
     <span class='ocr_line' id='line_1_12' title="bbox 877 2527 3692 2626; baseline -0.001 -18"><span class='ocrx_word' id='word_1_72' title='bbox 877 2535 1091 2608; x_wconf 83' lang='lat' dir='ltr'><strong>salem</strong></span> <span class='ocrx_word' id='word_1_73' title='bbox 1128 2543 1199 2606; x_wconf 91' lang='lat' dir='ltr'><strong>et</strong></span> <span class='ocrx_word' id='word_1_74' title='bbox 1231 2533 1460 2605; x_wconf 85' lang='lat' dir='ltr'><strong>Sicilie</strong></span> <span class='ocrx_word' id='word_1_75' title='bbox 1492 2554 1646 2605; x_wconf 82' lang='lat' dir='ltr'><strong>rex.</strong></span> <span class='ocrx_word' id='word_1_76' title='bbox 1688 2532 1820 2604; x_wconf 89' lang='lat' dir='ltr'><strong>Per</strong></span> <span class='ocrx_word' id='word_1_77' title='bbox 1852 2551 2134 2626; x_wconf 85' lang='lat' dir='ltr'><strong>presens</strong></span> <span class='ocrx_word' id='word_1_78' title='bbox 2161 2528 2493 2624; x_wconf 90' lang='lat' dir='ltr'><strong>scriptum</strong></span> <span class='ocrx_word' id='word_1_79' title='bbox 2542 2538 2780 2602; x_wconf 90' lang='lat' dir='ltr'><strong>notum</strong></span> <span class='ocrx_word' id='word_1_80' title='bbox 2810 2527 2957 2601; x_wconf 87' lang='lat' dir='ltr'><strong>fieri</strong></span> <span class='ocrx_word' id='word_1_81' title='bbox 2987 2531 3308 2602; x_wconf 85' lang='lat' dir='ltr'><strong>volumus</strong></span> <span class='ocrx_word' id='word_1_82' title='bbox 3350 2531 3692 2606; x_wconf 88' lang='lat' dir='ltr'><strong>universis</strong></span> 
     </span>
     <span class='ocr_line' id='line_1_13' title="bbox 879 2651 3694 2750; baseline -0.001 -21"><span class='ocrx_word' id='word_1_83' title='bbox 879 2656 1205 2732; x_wconf 82' lang='lat' dir='ltr'><strong>fidelibus</strong></span> <span class='ocrx_word' id='word_1_84' title='bbox 1247 2656 1458 2728; x_wconf 88' lang='lat' dir='ltr'><strong>nostri</strong></span> <span class='ocrx_word' id='word_1_85' title='bbox 1512 2654 1782 2750; x_wconf 87' lang='lat' dir='ltr'><strong>imperii</strong></span> <span class='ocrx_word' id='word_1_86' title='bbox 1831 2663 1972 2726; x_wconf 88' lang='lat' dir='ltr'><strong>tam</strong></span> <span class='ocrx_word' id='word_1_87' title='bbox 2020 2651 2456 2747; x_wconf 85' lang='lat' dir='ltr'><strong>presentibus</strong></span> <span class='ocrx_word' id='word_1_88' title='bbox 2490 2673 2699 2745; x_wconf 85' lang='lat' dir='ltr'><strong>qnam</strong></span> <span class='ocrx_word' id='word_1_89' title='bbox 2753 2652 3002 2723; x_wconf 86' lang='lat' dir='ltr'><strong>futuris</strong></span> <span class='ocrx_word' id='word_1_90' title='bbox 3054 2652 3245 2745; x_wconf 89' lang='lat' dir='ltr'><strong>quod</strong></span> <span class='ocrx_word' id='word_1_91' title='bbox 3282 2655 3694 2728; x_wconf 88' lang='lat' dir='ltr'><strong>venerabilis</strong></span> 
     </span>
     <span class='ocr_line' id='line_1_14' title="bbox 879 2774 3691 2866; baseline -0.001 -12"><span class='ocrx_word' id='word_1_92' title='bbox 879 2780 1229 2854; x_wconf 88' lang='lat' dir='ltr'><strong>abbatissa</strong></span> <span class='ocrx_word' id='word_1_93' title='bbox 1258 2787 1326 2850; x_wconf 91' lang='lat' dir='ltr'><strong>et</strong></span> <span class='ocrx_word' id='word_1_94' title='bbox 1350 2787 1732 2851; x_wconf 86' lang='lat' dir='ltr'><strong>conventus</strong></span> <span class='ocrx_word' id='word_1_95' title='bbox 1754 2778 1826 2849; x_wconf 92' lang='lat' dir='ltr'><strong>in</strong></span> <span class='ocrx_word' id='word_1_96' title='bbox 1855 2775 2209 2847; x_wconf 89' lang='lat' dir='ltr'><strong>Lilientale</strong></span> <span class='ocrx_word' id='word_1_97' title='bbox 2233 2775 2499 2848; x_wconf 88' lang='lat' dir='ltr'><strong>ordinis</strong></span> <span class='ocrx_word' id='word_1_98' title='bbox 2525 2774 3097 2866; x_wconf 73' lang='lat' dir='ltr'><strong>cisterciensium,</strong></span> <span class='ocrx_word' id='word_1_99' title='bbox 3117 2778 3502 2850; x_wconf 88' lang='lat' dir='ltr'><strong>Bremensis</strong></span> <span class='ocrx_word' id='word_1_100' title='bbox 3525 2779 3691 2852; x_wconf 92' lang='lat' dir='ltr'><strong>dio-</strong></span> 
     </span>
     <span class='ocr_line' id='line_1_15' title="bbox 880 2899 3695 2997; baseline -0 -19"><span class='ocrx_word' id='word_1_101' title='bbox 880 2906 1078 2994; x_wconf 89' lang='lat' dir='ltr'><strong>cesis,</strong></span> <span class='ocrx_word' id='word_1_102' title='bbox 1102 2904 1342 2978; x_wconf 84' lang='lat' dir='ltr'><strong>fideles</strong></span> <span class='ocrx_word' id='word_1_103' title='bbox 1375 2913 1631 2994; x_wconf 88' lang='lat' dir='ltr'><strong>nostre,</strong></span> <span class='ocrx_word' id='word_1_104' title='bbox 1656 2903 1937 2974; x_wconf 81' lang='lat' dir='ltr'><strong>culmini</strong></span> <span class='ocrx_word' id='word_1_105' title='bbox 1971 2911 2200 2974; x_wconf 88' lang='lat' dir='ltr'><strong>nostro</strong></span> <span class='ocrx_word' id='word_1_106' title='bbox 2221 2899 2576 2973; x_wconf 81' lang='lat' dir='ltr'><strong>humiliter</strong></span> <span class='ocrx_word' id='word_1_107' title='bbox 2605 2899 3080 2994; x_wconf 87' lang='lat' dir='ltr'><strong>supplicarunt</strong></span> <span class='ocrx_word' id='word_1_108' title='bbox 3101 2908 3178 2971; x_wconf 90' lang='lat' dir='ltr'><strong>nt</strong></span> <span class='ocrx_word' id='word_1_109' title='bbox 3199 2911 3336 2973; x_wconf 88' lang='lat' dir='ltr'><strong>tam</strong></span> <span class='ocrx_word' id='word_1_110' title='bbox 3369 2924 3695 2997; x_wconf 87' lang='lat' dir='ltr'><strong>personas</strong></span> 
     </span>
     <span class='ocr_line' id='line_1_16' title="bbox 878 3019 3701 3123; baseline -0.001 -22"><span class='ocrx_word' id='word_1_111' title='bbox 878 3050 1086 3123; x_wconf 90' lang='lat' dir='ltr'><strong>quam</strong></span> <span class='ocrx_word' id='word_1_112' title='bbox 1121 3028 1608 3101; x_wconf 88' lang='lat' dir='ltr'><strong>monasterium</strong></span> <span class='ocrx_word' id='word_1_113' title='bbox 1636 3026 1863 3122; x_wconf 90' lang='lat' dir='ltr'><strong>ipsum</strong></span> <span class='ocrx_word' id='word_1_114' title='bbox 1892 3034 1961 3097; x_wconf 92' lang='lat' dir='ltr'><strong>et</strong></span> <span class='ocrx_word' id='word_1_115' title='bbox 1986 3025 2216 3098; x_wconf 90' lang='lat' dir='ltr'><strong>omnia</strong></span> <span class='ocrx_word' id='word_1_116' title='bbox 2252 3025 2437 3097; x_wconf 94' lang='lat' dir='ltr'><strong>bona</strong></span> <span class='ocrx_word' id='word_1_117' title='bbox 2471 3019 2677 3120; x_wconf 89' lang='lat' dir='ltr'><strong>[ejus]</strong></span> <span class='ocrx_word' id='word_1_118' title='bbox 2714 3024 2847 3095; x_wconf 92' lang='lat' dir='ltr'><strong>sub</strong></span> <span class='ocrx_word' id='word_1_119' title='bbox 2880 3024 3161 3118; x_wconf 87' lang='lat' dir='ltr'><strong>speciali</strong></span> <span class='ocrx_word' id='word_1_120' title='bbox 3179 3026 3600 3118; x_wconf 88' lang='lat' dir='ltr'><strong>protectione</strong></span> <span class='ocrx_word' id='word_1_121' title='bbox 3629 3038 3701 3101; x_wconf 91' lang='lat' dir='ltr'><strong>et</strong></span> 
     </span>
     <span class='ocr_line' id='line_1_17' title="bbox 882 3145 3702 3245; baseline -0.002 -17"><span class='ocrx_word' id='word_1_122' title='bbox 882 3153 1278 3227; x_wconf 80' lang='lat' dir='ltr'><strong>defensione</strong></span> <span class='ocrx_word' id='word_1_123' title='bbox 1303 3161 1534 3224; x_wconf 89' lang='lat' dir='ltr'><strong>nostra</strong></span> <span class='ocrx_word' id='word_1_124' title='bbox 1559 3159 1628 3222; x_wconf 88' lang='lat' dir='ltr'><strong>et</strong></span> <span class='ocrx_word' id='word_1_125' title='bbox 1654 3148 1951 3245; x_wconf 88' lang='lat' dir='ltr'><strong>imperii,</strong></span> <span class='ocrx_word' id='word_1_126' title='bbox 1979 3169 2249 3220; x_wconf 90' lang='lat' dir='ltr'><strong>necnon</strong></span> <span class='ocrx_word' id='word_1_127' title='bbox 2282 3149 2510 3220; x_wconf 91' lang='lat' dir='ltr'><strong>locum</strong></span> <span class='ocrx_word' id='word_1_128' title='bbox 2539 3148 2662 3242; x_wconf 90' lang='lat' dir='ltr'><strong>qui</strong></span> <span class='ocrx_word' id='word_1_129' title='bbox 2690 3145 2942 3218; x_wconf 90' lang='lat' dir='ltr'><strong>dicitur</strong></span> <span class='ocrx_word' id='word_1_130' title='bbox 2965 3147 3193 3242; x_wconf 91' lang='lat' dir='ltr'><strong>Trupa</strong></span> <span class='ocrx_word' id='word_1_131' title='bbox 3225 3170 3385 3219; x_wconf 93' lang='lat' dir='ltr'><strong>cum</strong></span> <span class='ocrx_word' id='word_1_132' title='bbox 3408 3150 3559 3223; x_wconf 92' lang='lat' dir='ltr'><strong>loco</strong></span> <span class='ocrx_word' id='word_1_133' title='bbox 3580 3153 3702 3244; x_wconf 92' lang='lat' dir='ltr'><strong>qui</strong></span> 
     </span>
     <span class='ocr_line' id='line_1_18' title="bbox 883 3269 3701 3367; baseline -0 -19"><span class='ocrx_word' id='word_1_134' title='bbox 883 3277 1135 3349; x_wconf 90' lang='lat' dir='ltr'><strong>dicitur</strong></span> <span class='ocrx_word' id='word_1_135' title='bbox 1167 3272 1678 3347; x_wconf 86' lang='lat' dir='ltr'><strong>Wallerbrocke</strong></span> <span class='ocrx_word' id='word_1_136' title='bbox 1710 3293 1932 3366; x_wconf 89' lang='lat' dir='ltr'><strong>usque</strong></span> <span class='ocrx_word' id='word_1_137' title='bbox 1967 3270 2058 3343; x_wconf 87' lang='lat' dir='ltr'><strong>ad</strong></span> <span class='ocrx_word' id='word_1_138' title='bbox 2089 3275 2443 3364; x_wconf 86' lang='lat' dir='ltr'><strong>antiquam</strong></span> <span class='ocrx_word' id='word_1_139' title='bbox 2470 3269 3009 3363; x_wconf 83' lang='lat' dir='ltr'><strong>Sidewendinge</strong></span> <span class='ocrx_word' id='word_1_140' title='bbox 3038 3279 3108 3341; x_wconf 91' lang='lat' dir='ltr'><strong>et</strong></span> <span class='ocrx_word' id='word_1_141' title='bbox 3137 3270 3228 3341; x_wconf 89' lang='lat' dir='ltr'><strong>ab</strong></span> <span class='ocrx_word' id='word_1_142' title='bbox 3268 3273 3548 3367; x_wconf 89' lang='lat' dir='ltr'><strong>antiqua</strong></span> <span class='ocrx_word' id='word_1_143' title='bbox 3579 3275 3701 3347; x_wconf 89' lang='lat' dir='ltr'><strong>Si·-</strong></span> 
     </span>
     <span class='ocr_line' id='line_1_19' title="bbox 885 3391 3703 3490; baseline -0 -19"><span class='ocrx_word' id='word_1_144' title='bbox 885 3397 1352 3490; x_wconf 82' lang='lat' dir='ltr'><strong>dewendinge</strong></span> <span class='ocrx_word' id='word_1_145' title='bbox 1387 3416 1612 3488; x_wconf 89' lang='lat' dir='ltr'><strong>usque</strong></span> <span class='ocrx_word' id='word_1_146' title='bbox 1634 3393 1728 3466; x_wconf 90' lang='lat' dir='ltr'><strong>ad</strong></span> <span class='ocrx_word' id='word_1_147' title='bbox 1760 3415 2058 3466; x_wconf 89' lang='lat' dir='ltr'><strong>marcam</strong></span> <span class='ocrx_word' id='word_1_148' title='bbox 2094 3394 2354 3465; x_wconf 89' lang='lat' dir='ltr'><strong>civium</strong></span> <span class='ocrx_word' id='word_1_149' title='bbox 2391 3392 2483 3464; x_wconf 92' lang='lat' dir='ltr'><strong>de</strong></span> <span class='ocrx_word' id='word_1_150' title='bbox 2507 3391 2936 3485; x_wconf 80' lang='lat' dir='ltr'><strong>Willigstede</strong></span> <span class='ocrx_word' id='word_1_151' title='bbox 2967 3413 3125 3464; x_wconf 92' lang='lat' dir='ltr'><strong>cum</strong></span> <span class='ocrx_word' id='word_1_152' title='bbox 3163 3395 3349 3486; x_wconf 80' lang='lat' dir='ltr'><strong>agris</strong></span> <span class='ocrx_word' id='word_1_153' title='bbox 3384 3397 3586 3470; x_wconf 89' lang='lat' dir='ltr'><strong>cultis</strong></span> <span class='ocrx_word' id='word_1_154' title='bbox 3634 3408 3703 3470; x_wconf 88' lang='lat' dir='ltr'><strong>et</strong></span> 
     </span>
     <span class='ocr_line' id='line_1_20' title="bbox 887 3512 3704 3610; baseline 0.001 -22"><span class='ocrx_word' id='word_1_155' title='bbox 887 3518 1186 3604; x_wconf 74' lang='lat' dir='ltr'><strong>incultiS,</strong></span> <span class='ocrx_word' id='word_1_156' title='bbox 1206 3537 1344 3608; x_wconf 91' lang='lat' dir='ltr'><strong>que</strong></span> <span class='ocrx_word' id='word_1_157' title='bbox 1364 3516 1597 3588; x_wconf 91' lang='lat' dir='ltr'><strong>omnia</strong></span> <span class='ocrx_word' id='word_1_158' title='bbox 1620 3517 1804 3607; x_wconf 89' lang='lat' dir='ltr'><strong>juste</strong></span> <span class='ocrx_word' id='word_1_159' title='bbox 1831 3523 2064 3586; x_wconf 90' lang='lat' dir='ltr'><strong>tenent</strong></span> <span class='ocrx_word' id='word_1_160' title='bbox 2085 3525 2154 3587; x_wconf 89' lang='lat' dir='ltr'><strong>et</strong></span> <span class='ocrx_word' id='word_1_161' title='bbox 2174 3514 2554 3609; x_wconf 89' lang='lat' dir='ltr'><strong>possident,</strong></span> <span class='ocrx_word' id='word_1_162' title='bbox 2574 3516 2675 3586; x_wconf 91' lang='lat' dir='ltr'><strong>eis</strong></span> <span class='ocrx_word' id='word_1_163' title='bbox 2693 3512 3097 3587; x_wconf 83' lang='lat' dir='ltr'><strong>confirmare</strong></span> <span class='ocrx_word' id='word_1_164' title='bbox 3126 3513 3215 3586; x_wconf 92' lang='lat' dir='ltr'><strong>de</strong></span> <span class='ocrx_word' id='word_1_165' title='bbox 3236 3525 3465 3589; x_wconf 85' lang='lat' dir='ltr'><strong>nostra</strong></span> <span class='ocrx_word' id='word_1_166' title='bbox 3484 3521 3704 3610; x_wconf 82' lang='lat' dir='ltr'><strong>gratia</strong></span> 
     </span>
     <span class='ocr_line' id='line_1_21' title="bbox 889 3633 3704 3733; baseline 0 -22"><span class='ocrx_word' id='word_1_167' title='bbox 889 3639 1358 3733; x_wconf 81' lang='lat' dir='ltr'><strong>dignaremur.</strong></span> <span class='ocrx_word' id='word_1_168' title='bbox 1393 3638 1537 3709; x_wconf 91' lang='lat' dir='ltr'><strong>Nos</strong></span> <span class='ocrx_word' id='word_1_169' title='bbox 1573 3637 1784 3730; x_wconf 79' lang='lat' dir='ltr'><strong>igitur</strong></span> <span class='ocrx_word' id='word_1_170' title='bbox 1820 3637 2355 3731; x_wconf 90' lang='lat' dir='ltr'><strong>supplicationes</strong></span> <span class='ocrx_word' id='word_1_171' title='bbox 2390 3637 2698 3730; x_wconf 89' lang='lat' dir='ltr'><strong>ipsarum</strong></span> <span class='ocrx_word' id='word_1_172' title='bbox 2735 3633 3048 3708; x_wconf 89' lang='lat' dir='ltr'><strong>fidelium</strong></span> <span class='ocrx_word' id='word_1_173' title='bbox 3086 3646 3470 3709; x_wconf 88' lang='lat' dir='ltr'><strong>nostrarum</strong></span> <span class='ocrx_word' id='word_1_174' title='bbox 3507 3639 3704 3712; x_wconf 90' lang='lat' dir='ltr'><strong>beni·</strong></span> 
     </span>
     <span class='ocr_line' id='line_1_22' title="bbox 887 3756 3703 3856; baseline 0.001 -23"><span class='ocrx_word' id='word_1_175' title='bbox 887 3783 1022 3856; x_wconf 84' lang='lat' dir='ltr'><strong>gne</strong></span> <span class='ocrx_word' id='word_1_176' title='bbox 1052 3783 1133 3832; x_wconf 91' lang='lat' dir='ltr'><strong>ac</strong></span> <span class='ocrx_word' id='word_1_177' title='bbox 1166 3758 1631 3832; x_wconf 81' lang='lat' dir='ltr'><strong>favorabiliter</strong></span> <span class='ocrx_word' id='word_1_178' title='bbox 1664 3759 2127 3848; x_wconf 85' lang='lat' dir='ltr'><strong>admittentes,</strong></span> <span class='ocrx_word' id='word_1_179' title='bbox 2151 3767 2575 3852; x_wconf 89' lang='lat' dir='ltr'><strong>prenotatam</strong></span> <span class='ocrx_word' id='word_1_180' title='bbox 2604 3756 3048 3845; x_wconf 73' lang='lat' dir='ltr'><strong>abbatisam,</strong></span> <span class='ocrx_word' id='word_1_181' title='bbox 3074 3770 3516 3851; x_wconf 88' lang='lat' dir='ltr'><strong>conventum,</strong></span> <span class='ocrx_word' id='word_1_182' title='bbox 3556 3784 3703 3835; x_wconf 90' lang='lat' dir='ltr'><strong>mo·</strong></span> 
     </span>
     <span class='ocr_line' id='line_1_23' title="bbox 890 3879 3703 3977; baseline 0.001 -21"><span class='ocrx_word' id='word_1_183' title='bbox 890 3884 1259 3958; x_wconf 89' lang='lat' dir='ltr'><strong>nasterium</strong></span> <span class='ocrx_word' id='word_1_184' title='bbox 1280 3892 1349 3954; x_wconf 86' lang='lat' dir='ltr'><strong>et</strong></span> <span class='ocrx_word' id='word_1_185' title='bbox 1367 3882 1596 3953; x_wconf 91' lang='lat' dir='ltr'><strong>omnia</strong></span> <span class='ocrx_word' id='word_1_186' title='bbox 1614 3881 1799 3954; x_wconf 88' lang='lat' dir='ltr'><strong>bona</strong></span> <span class='ocrx_word' id='word_1_187' title='bbox 1831 3902 1959 3953; x_wconf 88' lang='lat' dir='ltr'><strong>sua</strong></span> <span class='ocrx_word' id='word_1_188' title='bbox 1989 3901 2129 3975; x_wconf 90' lang='lat' dir='ltr'><strong>que</strong></span> <span class='ocrx_word' id='word_1_189' title='bbox 2162 3881 2234 3951; x_wconf 91' lang='lat' dir='ltr'><strong>in</strong></span> <span class='ocrx_word' id='word_1_190' title='bbox 2268 3879 2760 3974; x_wconf 89' lang='lat' dir='ltr'><strong>presentiarum</strong></span> <span class='ocrx_word' id='word_1_191' title='bbox 2783 3881 2970 3971; x_wconf 89' lang='lat' dir='ltr'><strong>juste</strong></span> <span class='ocrx_word' id='word_1_192' title='bbox 2997 3888 3233 3952; x_wconf 87' lang='lat' dir='ltr'><strong>tenent</strong></span> <span class='ocrx_word' id='word_1_193' title='bbox 3257 3893 3326 3953; x_wconf 91' lang='lat' dir='ltr'><strong>et</strong></span> <span class='ocrx_word' id='word_1_194' title='bbox 3350 3885 3703 3977; x_wconf 89' lang='lat' dir='ltr'><strong>possident</strong></span> 
     </span>
     <span class='ocr_line' id='line_1_24' title="bbox 890 4002 3698 4103; baseline 0 -22"><span class='ocrx_word' id='word_1_195' title='bbox 890 4018 1124 4101; x_wconf 89' lang='lat' dir='ltr'><strong>etque</strong></span> <span class='ocrx_word' id='word_1_196' title='bbox 1160 4007 1231 4077; x_wconf 93' lang='lat' dir='ltr'><strong>in</strong></span> <span class='ocrx_word' id='word_1_197' title='bbox 1264 4014 1463 4078; x_wconf 89' lang='lat' dir='ltr'><strong>antea</strong></span> <span class='ocrx_word' id='word_1_198' title='bbox 1486 4005 1674 4097; x_wconf 89' lang='lat' dir='ltr'><strong>justo</strong></span> <span class='ocrx_word' id='word_1_199' title='bbox 1713 4004 1906 4077; x_wconf 91' lang='lat' dir='ltr'><strong>titulo</strong></span> <span class='ocrx_word' id='word_1_200' title='bbox 1928 4012 2244 4097; x_wconf 86' lang='lat' dir='ltr'><strong>poterunt</strong></span> <span class='ocrx_word' id='word_1_201' title='bbox 2273 4002 2591 4097; x_wconf 90' lang='lat' dir='ltr'><strong>adipisci,</strong></span> <span class='ocrx_word' id='word_1_202' title='bbox 2612 4002 2745 4074; x_wconf 91' lang='lat' dir='ltr'><strong>sub</strong></span> <span class='ocrx_word' id='word_1_203' title='bbox 2777 4002 3056 4097; x_wconf 88' lang='lat' dir='ltr'><strong>speciali</strong></span> <span class='ocrx_word' id='word_1_204' title='bbox 3084 4014 3309 4077; x_wconf 88' lang='lat' dir='ltr'><strong>nostra</strong></span> <span class='ocrx_word' id='word_1_205' title='bbox 3338 4016 3406 4078; x_wconf 92' lang='lat' dir='ltr'><strong>et</strong></span> <span class='ocrx_word' id='word_1_206' title='bbox 3432 4007 3698 4103; x_wconf 90' lang='lat' dir='ltr'><strong>imperii</strong></span> 
     </span>
     <span class='ocr_line' id='line_1_25' title="bbox 890 4125 3698 4226; baseline 0.001 -26"><span class='ocrx_word' id='word_1_207' title='bbox 890 4129 1308 4224; x_wconf 89' lang='lat' dir='ltr'><strong>protectione</strong></span> <span class='ocrx_word' id='word_1_208' title='bbox 1323 4149 1407 4199; x_wconf 89' lang='lat' dir='ltr'><strong>ac</strong></span> <span class='ocrx_word' id='word_1_209' title='bbox 1424 4126 1824 4201; x_wconf 86' lang='lat' dir='ltr'><strong>defensione</strong></span> <span class='ocrx_word' id='word_1_210' title='bbox 1843 4126 2259 4221; x_wconf 83' lang='lat' dir='ltr'><strong>recepimus3</strong></span> <span class='ocrx_word' id='word_1_211' title='bbox 2296 4126 2519 4198; x_wconf 90' lang='lat' dir='ltr'><strong>locum</strong></span> <span class='ocrx_word' id='word_1_212' title='bbox 2547 4126 2669 4219; x_wconf 87' lang='lat' dir='ltr'><strong>qni</strong></span> <span class='ocrx_word' id='word_1_213' title='bbox 2698 4125 2951 4198; x_wconf 90' lang='lat' dir='ltr'><strong>dicitur</strong></span> <span class='ocrx_word' id='word_1_214' title='bbox 2967 4127 3194 4221; x_wconf 87' lang='lat' dir='ltr'><strong>Trupa</strong></span> <span class='ocrx_word' id='word_1_215' title='bbox 3212 4149 3371 4200; x_wconf 87' lang='lat' dir='ltr'><strong>cum</strong></span> <span class='ocrx_word' id='word_1_216' title='bbox 3402 4131 3552 4204; x_wconf 91' lang='lat' dir='ltr'><strong>loco</strong></span> <span class='ocrx_word' id='word_1_217' title='bbox 3578 4135 3698 4226; x_wconf 90' lang='lat' dir='ltr'><strong>qui</strong></span> 
     </span>
     <span class='ocr_line' id='line_1_26' title="bbox 893 4247 3700 4347; baseline 0.001 -24"><span class='ocrx_word' id='word_1_218' title='bbox 893 4250 1143 4323; x_wconf 87' lang='lat' dir='ltr'><strong>dicitur</strong></span> <span class='ocrx_word' id='word_1_219' title='bbox 1170 4250 1679 4323; x_wconf 88' lang='lat' dir='ltr'><strong>Wallerbrocke</strong></span> <span class='ocrx_word' id='word_1_220' title='bbox 1704 4271 1927 4344; x_wconf 89' lang='lat' dir='ltr'><strong>usque</strong></span> <span class='ocrx_word' id='word_1_221' title='bbox 1955 4248 2048 4322; x_wconf 91' lang='lat' dir='ltr'><strong>ad</strong></span> <span class='ocrx_word' id='word_1_222' title='bbox 2081 4250 2436 4344; x_wconf 91' lang='lat' dir='ltr'><strong>antiquam</strong></span> <span class='ocrx_word' id='word_1_223' title='bbox 2466 4247 3009 4340; x_wconf 80' lang='lat' dir='ltr'><strong>Sidewendinge</strong></span> <span class='ocrx_word' id='word_1_224' title='bbox 3042 4259 3114 4322; x_wconf 93' lang='lat' dir='ltr'><strong>et</strong></span> <span class='ocrx_word' id='word_1_225' title='bbox 3151 4250 3241 4323; x_wconf 91' lang='lat' dir='ltr'><strong>ab</strong></span> <span class='ocrx_word' id='word_1_226' title='bbox 3265 4254 3548 4347; x_wconf 89' lang='lat' dir='ltr'><strong>antiqua</strong></span> <span class='ocrx_word' id='word_1_227' title='bbox 3578 4256 3700 4327; x_wconf 89' lang='lat' dir='ltr'><strong>Si-</strong></span> 
     </span>
     <span class='ocr_line' id='line_1_27' title="bbox 895 4369 3701 4468; baseline 0.003 -26"><span class='ocrx_word' id='word_1_228' title='bbox 895 4369 1360 4465; x_wconf 80' lang='lat' dir='ltr'><strong>dewendinge</strong></span> <span class='ocrx_word' id='word_1_229' title='bbox 1395 4395 1618 4467; x_wconf 88' lang='lat' dir='ltr'><strong>usque</strong></span> <span class='ocrx_word' id='word_1_230' title='bbox 1647 4372 1742 4445; x_wconf 90' lang='lat' dir='ltr'><strong>ad</strong></span> <span class='ocrx_word' id='word_1_231' title='bbox 1775 4393 2077 4446; x_wconf 90' lang='lat' dir='ltr'><strong>marcam</strong></span> <span class='ocrx_word' id='word_1_232' title='bbox 2111 4371 2371 4443; x_wconf 87' lang='lat' dir='ltr'><strong>civium</strong></span> <span class='ocrx_word' id='word_1_233' title='bbox 2396 4370 2487 4444; x_wconf 89' lang='lat' dir='ltr'><strong>de</strong></span> <span class='ocrx_word' id='word_1_234' title='bbox 2518 4369 2948 4464; x_wconf 81' lang='lat' dir='ltr'><strong>Willigstede</strong></span> <span class='ocrx_word' id='word_1_235' title='bbox 2984 4393 3143 4444; x_wconf 92' lang='lat' dir='ltr'><strong>cum</strong></span> <span class='ocrx_word' id='word_1_236' title='bbox 3174 4375 3357 4468; x_wconf 79' lang='lat' dir='ltr'><strong>agris</strong></span> <span class='ocrx_word' id='word_1_237' title='bbox 3396 4377 3599 4449; x_wconf 89' lang='lat' dir='ltr'><strong>cultis</strong></span> <span class='ocrx_word' id='word_1_238' title='bbox 3631 4391 3701 4452; x_wconf 89' lang='lat' dir='ltr'><strong>et</strong></span> 
     </span>
    </p>
   </div>
   <div class='ocr_carea' id='block_1_7' title="bbox 901 4665 3707 4928">
    <p class='ocr_par' dir='ltr' id='par_1_7' title="bbox 901 4665 3707 4928">
     <span class='ocr_line' id='line_1_28' title="bbox 969 4665 3707 4743; baseline 0.006 -23"><span class='ocrx_word' id='word_1_239' title='bbox 969 4665 1040 4738; x_wconf 73' lang='grc'><strong>(4)</strong></span> <span class='ocrx_word' id='word_1_240' title='bbox 1077 4665 1138 4721; x_wconf 91' lang='lat' dir='ltr'><strong>In</strong></span> <span class='ocrx_word' id='word_1_241' title='bbox 1160 4666 1350 4723; x_wconf 85' lang='lat' dir='ltr'><strong>eodem</strong></span> <span class='ocrx_word' id='word_1_242' title='bbox 1378 4681 1540 4740; x_wconf 86' lang='lat' dir='ltr'><strong>anno,</strong></span> <span class='ocrx_word' id='word_1_243' title='bbox 1568 4683 1755 4727; x_wconf 84' lang='lat' dir='ltr'><strong>mense</strong></span> <span class='ocrx_word' id='word_1_244' title='bbox 1777 4668 2045 4726; x_wconf 88' lang='lat' dir='ltr'><strong>decembri</strong></span> <span class='ocrx_word' id='word_1_245' title='bbox 2062 4709 2076 4738; x_wconf 87' lang='lat'>,</span> <span class='ocrx_word' id='word_1_246' title='bbox 2107 4667 2251 4743; x_wconf 85' lang='lat' dir='ltr'><strong>apud</strong></span> <span class='ocrx_word' id='word_1_247' title='bbox 2270 4667 2596 4740; x_wconf 83' lang='lat' dir='ltr'><strong>Hagenowe,</strong></span> <span class='ocrx_word' id='word_1_248' title='bbox 2621 4665 2923 4723; x_wconf 78' lang='lat' dir='ltr'><strong>Fridericus</strong></span> <span class='ocrx_word' id='word_1_249' title='bbox 2953 4665 3126 4725; x_wconf 82' lang='lat' dir='ltr'><strong>eidem</strong></span> <span class='ocrx_word' id='word_1_250' title='bbox 3152 4667 3403 4729; x_wconf 82' lang='lat' dir='ltr'><strong>abbatiae</strong></span> <span class='ocrx_word' id='word_1_251' title='bbox 3426 4672 3567 4733; x_wconf 89' lang='lat' dir='ltr'><strong>aliud</strong></span> <span class='ocrx_word' id='word_1_252' title='bbox 3604 4679 3707 4736; x_wconf 86' lang='lat' dir='ltr'><strong>de-</strong></span> 
     </span>
     <span class='ocr_line' id='line_1_29' title="bbox 901 4761 2365 4837; baseline 0.003 -22"><span class='ocrx_word' id='word_1_253' title='bbox 901 4761 1158 4819; x_wconf 74' lang='lat' dir='ltr'><strong>fensionis</strong></span> <span class='ocrx_word' id='word_1_254' title='bbox 1182 4763 1515 4837; x_wconf 82' lang='lat' dir='ltr'><strong>privilegium</strong></span> <span class='ocrx_word' id='word_1_255' title='bbox 1530 4806 1545 4835; x_wconf 83' lang='lat'>,</span> <span class='ocrx_word' id='word_1_256' title='bbox 1570 4765 1915 4824; x_wconf 81' lang='lat' dir='ltr'><strong>Lacombleto</strong></span> <span class='ocrx_word' id='word_1_257' title='bbox 1934 4771 2073 4824; x_wconf 88' lang='lat' dir='ltr'><strong>teste</strong></span> <span class='ocrx_word' id='word_1_258' title='bbox 2088 4807 2103 4836; x_wconf 90' lang='lat'>‚</span> <span class='ocrx_word' id='word_1_259' title='bbox 2129 4764 2365 4821; x_wconf 87' lang='lat' dir='ltr'><strong>indulsit.</strong></span> 
     </span>
     <span class='ocr_line' id='line_1_30' title="bbox 1059 4861 3389 4928; baseline 0.003 -7"><span class='ocrx_word' id='word_1_260' title='bbox 1059 4861 1162 4921; x_wconf 78' lang='lat' dir='ltr'><strong>IV·</strong></span> <span class='ocrx_word' id='word_1_261' title='bbox 1207 4875 1319 4919; x_wconf 70' lang='lat' dir='ltr'><strong>Par·</strong></span> <span class='ocrx_word' id='word_1_262' title='bbox 1345 4877 1388 4920; x_wconf 76' lang='lat'><strong>2.</strong></span> <span class='ocrx_word' id='word_1_263' title='bbox 3318 4877 3389 4928; x_wconf 83' lang='grc'><strong>97</strong></span> 
     </span>
    </p>
   </div>
   <div class='ocr_carea' id='block_1_8' title="bbox 3774 1524 4056 1683">
    <p class='ocr_par' dir='ltr' id='par_1_8' title="bbox 3774 1524 4056 1683">
     <span class='ocr_line' id='line_1_31' title="bbox 3853 1524 3978 1578; baseline 0 -11"><span class='ocrx_word' id='word_1_264' title='bbox 3853 1524 3978 1578; x_wconf 71' lang='lat' dir='ltr'><strong>Apud</strong></span> 
     </span>
     <span class='ocr_line' id='line_1_32' title="bbox 3774 1575 4056 1629; baseline -0.011 -10"><span class='ocrx_word' id='word_1_265' title='bbox 3774 1575 4028 1629; x_wconf 57' lang='lat' dir='ltr'><strong>anguore</strong></span> <span class='ocrx_word' id='word_1_266' title='bbox 4043 1607 4056 1627; x_wconf 86' lang='lat'>‚</span> 
     </span>
     <span class='ocr_line' id='line_1_33' title="bbox 3786 1630 4041 1683; baseline 0.004 -12"><span class='ocrx_word' id='word_1_267' title='bbox 3786 1630 4041 1683; x_wconf 65' lang='lat' dir='ltr'><strong>septembri.</strong></span> 
     </span>
    </p>
   </div>
  </div>
 </body>
</html>
