<?xml version="1.0" encoding="UTF-8"?>
<!DOCTYPE html PUBLIC "-//W3C//DTD XHTML 1.0 Transitional//EN"
    "http://www.w3.org/TR/xhtml1/DTD/xhtml1-transitional.dtd">
<html xmlns="http://www.w3.org/1999/xhtml" xml:lang="en" lang="en">
 <head>
  <title>
</title>
<meta http-equiv="Content-Type" content="text/html;charset=utf-8" />
  <meta name='ocr-system' content='tesseract 3.04.00' />
  <meta name='ocr-capabilities' content='ocr_page ocr_carea ocr_par ocr_line ocrx_word'/>
</head>
<body>
  <div class='ocr_page' id='page_1' title='image "./historiadiploma01degoog_0473.png"; bbox 0 0 4842 5802; ppageno 0'>
   <div class='ocr_carea' id='block_1_1' title="bbox 1938 644 3673 721">
    <p class='ocr_par' dir='ltr' id='par_1_1' title="bbox 1938 644 3673 721">
     <span class='ocr_line' id='line_1_1' title="bbox 1938 644 3673 721; baseline -0.002 -13"><span class='ocrx_word' id='word_1_1' title='bbox 1938 645 2557 721; x_wconf 77' lang='lat' dir='ltr'>ADDITAMENTA.</span> <span class='ocrx_word' id='word_1_2' title='bbox 3550 644 3673 706; x_wconf 71' lang='lat'>949</span> 
     </span>
    </p>
   </div>
   <div class='ocr_carea' id='block_1_2' title="bbox 841 779 3669 4093">
    <p class='ocr_par' dir='ltr' id='par_1_2' title="bbox 841 779 3669 4093">
     <span class='ocr_line' id='line_1_2' title="bbox 844 779 3666 856; baseline -0.002 0"><span class='ocrx_word' id='word_1_3' title='bbox 844 794 1151 856; x_wconf 89' lang='lat' dir='ltr'>semotus</span> <span class='ocrx_word' id='word_1_4' title='bbox 1209 804 1369 854; x_wconf 89' lang='lat' dir='ltr'>cum</span> <span class='ocrx_word' id='word_1_5' title='bbox 1425 782 1738 855; x_wconf 85' lang='lat' dir='ltr'>exercitu</span> <span class='ocrx_word' id='word_1_6' title='bbox 1798 803 1927 854; x_wconf 92' lang='lat' dir='ltr'>suo</span> <span class='ocrx_word' id='word_1_7' title='bbox 1979 792 2050 854; x_wconf 92' lang='lat' dir='ltr'>et</span> <span class='ocrx_word' id='word_1_8' title='bbox 2104 781 2678 856; x_wconf 83' lang='lat' dir='ltr'>Cremonensibus</span> <span class='ocrx_word' id='word_1_9' title='bbox 2735 790 2803 851; x_wconf 93' lang='lat' dir='ltr'>et</span> <span class='ocrx_word' id='word_1_10' title='bbox 2859 779 3338 852; x_wconf 90' lang='lat' dir='ltr'>Parmensibus</span> <span class='ocrx_word' id='word_1_11' title='bbox 3390 790 3460 851; x_wconf 84' lang='lat' dir='ltr'>et</span> <span class='ocrx_word' id='word_1_12' title='bbox 3511 779 3666 851; x_wconf 90' lang='lat' dir='ltr'>aliis</span> 
     </span>
     <span class='ocr_line' id='line_1_3' title="bbox 843 899 3665 999; baseline 0 -25"><span class='ocrx_word' id='word_1_13' title='bbox 843 903 1034 998; x_wconf 90' lang='lat' dir='ltr'>apud</span> <span class='ocrx_word' id='word_1_14' title='bbox 1067 904 1361 976; x_wconf 92' lang='lat' dir='ltr'>Godium</span> <span class='ocrx_word' id='word_1_15' title='bbox 1395 902 1494 999; x_wconf 85' lang='lat' dir='ltr'>(a)</span> <span class='ocrx_word' id='word_1_16' title='bbox 1527 914 1596 975; x_wconf 89' lang='lat' dir='ltr'>et</span> <span class='ocrx_word' id='word_1_17' title='bbox 1628 905 1894 978; x_wconf 90' lang='lat' dir='ltr'>Voltam</span> <span class='ocrx_word' id='word_1_18' title='bbox 1936 906 2382 979; x_wconf 87' lang='lat' dir='ltr'>Mantuanam</span> <span class='ocrx_word' id='word_1_19' title='bbox 2426 913 2613 976; x_wconf 89' lang='lat' dir='ltr'>trans</span> <span class='ocrx_word' id='word_1_20' title='bbox 2647 903 2927 976; x_wconf 83' lang='lat' dir='ltr'>Mantus</span> <span class='ocrx_word' id='word_1_21' title='bbox 2960 899 3115 997; x_wconf 79' lang='lat' dir='ltr'>(sic)</span> <span class='ocrx_word' id='word_1_22' title='bbox 3150 909 3665 975; x_wconf 89' lang='lat' dir='ltr'>castrametatus</span> 
     </span>
     <span class='ocr_line' id='line_1_4' title="bbox 844 1025 3663 1122; baseline 0 -24"><span class='ocrx_word' id='word_1_23' title='bbox 844 1046 968 1119; x_wconf 90' lang='lat' dir='ltr'>per</span> <span class='ocrx_word' id='word_1_24' title='bbox 1008 1026 1187 1099; x_wconf 92' lang='lat' dir='ltr'>duos</span> <span class='ocrx_word' id='word_1_25' title='bbox 1221 1027 1375 1100; x_wconf 90' lang='lat' dir='ltr'>dies</span> <span class='ocrx_word' id='word_1_26' title='bbox 1420 1027 1831 1100; x_wconf 80' lang='lat' dir='ltr'><strong>devastavit.</strong></span> <span class='ocrx_word' id='word_1_27' title='bbox 1884 1029 1970 1100; x_wconf 90' lang='lat' dir='ltr'>Et</span> <span class='ocrx_word' id='word_1_28' title='bbox 2009 1029 2175 1102; x_wconf 92' lang='lat' dir='ltr'>inde</span> <span class='ocrx_word' id='word_1_29' title='bbox 2216 1050 2374 1101; x_wconf 92' lang='lat' dir='ltr'>cum</span> <span class='ocrx_word' id='word_1_30' title='bbox 2418 1026 2731 1100; x_wconf 81' lang='lat' dir='ltr'>exercitu</span> <span class='ocrx_word' id='word_1_31' title='bbox 2773 1025 2962 1122; x_wconf 86' lang='lat' dir='ltr'>apud</span> <span class='ocrx_word' id='word_1_32' title='bbox 3011 1025 3463 1099; x_wconf 90' lang='lat' dir='ltr'>Marchariam</span> <span class='ocrx_word' id='word_1_33' title='bbox 3508 1049 3663 1098; x_wconf 91' lang='lat' dir='ltr'>cas·</span> 
     </span>
     <span class='ocr_line' id='line_1_5' title="bbox 842 1148 3668 1246; baseline 0.001 -28"><span class='ocrx_word' id='word_1_34' title='bbox 842 1158 1025 1221; x_wconf 87' lang='lat' dir='ltr'>trum</span> <span class='ocrx_word' id='word_1_35' title='bbox 1097 1152 1381 1223; x_wconf 88' lang='lat' dir='ltr'>Mantue</span> <span class='ocrx_word' id='word_1_36' title='bbox 1438 1152 1790 1246; x_wconf 87' lang='lat' dir='ltr'>pervenit,</span> <span class='ocrx_word' id='word_1_37' title='bbox 1857 1160 1926 1223; x_wconf 93' lang='lat' dir='ltr'>et</span> <span class='ocrx_word' id='word_1_38' title='bbox 1974 1151 2211 1224; x_wconf 88' lang='lat' dir='ltr'>habito</span> <span class='ocrx_word' id='word_1_39' title='bbox 2279 1152 2433 1246; x_wconf 88' lang='lat' dir='ltr'>ipso</span> <span class='ocrx_word' id='word_1_40' title='bbox 2492 1160 2712 1223; x_wconf 88' lang='lat' dir='ltr'>castro</span> <span class='ocrx_word' id='word_1_41' title='bbox 2774 1149 2965 1245; x_wconf 89' lang='lat' dir='ltr'>apud</span> <span class='ocrx_word' id='word_1_42' title='bbox 3021 1148 3316 1221; x_wconf 88' lang='lat' dir='ltr'>Mosium</span> <span class='ocrx_word' id='word_1_43' title='bbox 3370 1159 3668 1222; x_wconf 81' lang='lat' dir='ltr'><strong>castrum</strong></span> 
     </span>
     <span class='ocr_line' id='line_1_6' title="bbox 844 1271 3666 1370; baseline 0.001 -28"><span class='ocrx_word' id='word_1_44' title='bbox 844 1273 1075 1346; x_wconf 86' lang='lat' dir='ltr'>Brixie</span> <span class='ocrx_word' id='word_1_45' title='bbox 1114 1275 1184 1345; x_wconf 94' lang='lat' dir='ltr'>in</span> <span class='ocrx_word' id='word_1_46' title='bbox 1237 1296 1379 1369; x_wconf 90' lang='lat' dir='ltr'>quo</span> <span class='ocrx_word' id='word_1_47' title='bbox 1419 1275 1690 1369; x_wconf 80' lang='lat' dir='ltr'>pedites</span> <span class='ocrx_word' id='word_1_48' title='bbox 1739 1275 2109 1348; x_wconf 84' lang='lat' dir='ltr'>Mediolani</span> <span class='ocrx_word' id='word_1_49' title='bbox 2155 1275 2444 1348; x_wconf 88' lang='lat' dir='ltr'>aderant</span> <span class='ocrx_word' id='word_1_50' title='bbox 2491 1275 2907 1370; x_wconf 90' lang='lat' dir='ltr'>properavit.</span> <span class='ocrx_word' id='word_1_51' title='bbox 2970 1272 3102 1358; x_wconf 88' lang='lat' dir='ltr'>Qui</span> <span class='ocrx_word' id='word_1_52' title='bbox 3148 1271 3417 1368; x_wconf 81' lang='lat' dir='ltr'>pedites</span> <span class='ocrx_word' id='word_1_53' title='bbox 3467 1284 3666 1346; x_wconf 89' lang='lat' dir='ltr'>nocte</span> 
     </span>
     <span class='ocr_line' id='line_1_7' title="bbox 842 1396 3656 1495; baseline 0.001 -27"><span class='ocrx_word' id='word_1_54' title='bbox 842 1398 1161 1493; x_wconf 87' lang='lat' dir='ltr'>proxima</span> <span class='ocrx_word' id='word_1_55' title='bbox 1206 1398 1300 1493; x_wconf 82' lang='lat' dir='ltr'>(b)</span> <span class='ocrx_word' id='word_1_56' title='bbox 1347 1398 1436 1470; x_wconf 90' lang='lat' dir='ltr'>de</span> <span class='ocrx_word' id='word_1_57' title='bbox 1492 1399 1765 1470; x_wconf 87' lang='lat' dir='ltr'>castello</span> <span class='ocrx_word' id='word_1_58' title='bbox 1815 1399 2247 1471; x_wconf 71' lang='lat' dir='ltr'>absentantes</span> <span class='ocrx_word' id='word_1_59' title='bbox 2302 1397 2479 1471; x_wconf 89' lang='lat' dir='ltr'>illud</span> <span class='ocrx_word' id='word_1_60' title='bbox 2528 1398 2917 1491; x_wconf 88' lang='lat' dir='ltr'>imperatori</span> <span class='ocrx_word' id='word_1_61' title='bbox 2962 1396 3438 1490; x_wconf 89' lang='lat' dir='ltr'>relinquerunt</span> <span class='ocrx_word' id='word_1_62' title='bbox 3479 1396 3656 1495; x_wconf 82' lang='lat' dir='ltr'>(sic).</span> 
     </span>
     <span class='ocr_line' id='line_1_8' title="bbox 843 1519 3664 1616; baseline 0.002 -26"><span class='ocrx_word' id='word_1_63' title='bbox 843 1522 929 1591; x_wconf 89' lang='lat' dir='ltr'>Et</span> <span class='ocrx_word' id='word_1_64' title='bbox 972 1521 1137 1594; x_wconf 89' lang='lat' dir='ltr'>inde</span> <span class='ocrx_word' id='word_1_65' title='bbox 1196 1542 1321 1616; x_wconf 89' lang='lat' dir='ltr'>per</span> <span class='ocrx_word' id='word_1_66' title='bbox 1377 1522 1845 1616; x_wconf 90' lang='lat' dir='ltr'>episcopatum</span> <span class='ocrx_word' id='word_1_67' title='bbox 1902 1523 2184 1594; x_wconf 88' lang='lat' dir='ltr'>Mantue</span> <span class='ocrx_word' id='word_1_68' title='bbox 2250 1544 2473 1616; x_wconf 89' lang='lat' dir='ltr'>usque</span> <span class='ocrx_word' id='word_1_69' title='bbox 2517 1519 2610 1593; x_wconf 90' lang='lat' dir='ltr'>ad</span> <span class='ocrx_word' id='word_1_70' title='bbox 2665 1521 3008 1593; x_wconf 86' lang='lat' dir='ltr'>civitatem</span> <span class='ocrx_word' id='word_1_71' title='bbox 3064 1519 3453 1593; x_wconf 82' lang='lat' dir='ltr'>devastavit</span> <span class='ocrx_word' id='word_1_72' title='bbox 3502 1544 3664 1595; x_wconf 92' lang='lat' dir='ltr'>mo-</span> 
     </span>
     <span class='ocr_line' id='line_1_9' title="bbox 843 1643 3667 1741; baseline 0.001 -26"><span class='ocrx_word' id='word_1_73' title='bbox 843 1666 989 1715; x_wconf 89' lang='lat' dir='ltr'>ram</span> <span class='ocrx_word' id='word_1_74' title='bbox 1039 1645 1135 1715; x_wconf 93' lang='lat' dir='ltr'>ibi</span> <span class='ocrx_word' id='word_1_75' title='bbox 1189 1645 1446 1716; x_wconf 85' lang='lat' dir='ltr'>faciens</span> <span class='ocrx_word' id='word_1_76' title='bbox 1504 1666 1626 1738; x_wconf 87' lang='lat' dir='ltr'>per</span> <span class='ocrx_word' id='word_1_77' title='bbox 1683 1645 1807 1716; x_wconf 85' lang='lat' dir='ltr'>XV</span> <span class='ocrx_word' id='word_1_78' title='bbox 1851 1644 2027 1718; x_wconf 88' lang='lat' dir='ltr'>dies.</span> <span class='ocrx_word' id='word_1_79' title='bbox 2091 1645 2175 1716; x_wconf 89' lang='lat' dir='ltr'>Et</span> <span class='ocrx_word' id='word_1_80' title='bbox 2234 1644 2577 1741; x_wconf 88' lang='lat' dir='ltr'>impositis</span> <span class='ocrx_word' id='word_1_81' title='bbox 2637 1643 2970 1716; x_wconf 90' lang='lat' dir='ltr'>custodiis</span> <span class='ocrx_word' id='word_1_82' title='bbox 3019 1644 3099 1713; x_wconf 84' lang='lat' dir='ltr'>&#39;in</span> <span class='ocrx_word' id='word_1_83' title='bbox 3156 1643 3324 1738; x_wconf 89' lang='lat' dir='ltr'>ipsis</span> <span class='ocrx_word' id='word_1_84' title='bbox 3374 1647 3667 1719; x_wconf 86' lang='lat' dir='ltr'>castellis</span> 
     </span>
     <span class='ocr_line' id='line_1_10' title="bbox 844 1768 3667 1863; baseline 0.001 -24"><span class='ocrx_word' id='word_1_85' title='bbox 844 1789 968 1862; x_wconf 89' lang='lat' dir='ltr'>per</span> <span class='ocrx_word' id='word_1_86' title='bbox 1012 1777 1294 1863; x_wconf 89' lang='lat' dir='ltr'>pontem</span> <span class='ocrx_word' id='word_1_87' title='bbox 1341 1768 1431 1842; x_wconf 89' lang='lat' dir='ltr'>de</span> <span class='ocrx_word' id='word_1_88' title='bbox 1472 1768 1854 1842; x_wconf 89' lang='lat' dir='ltr'>Marcharia</span> <span class='ocrx_word' id='word_1_89' title='bbox 1903 1770 2240 1842; x_wconf 86' lang='lat' dir='ltr'>transiens</span> <span class='ocrx_word' id='word_1_90' title='bbox 2289 1770 2484 1841; x_wconf 83' lang='lat' dir='ltr'>venit</span> <span class='ocrx_word' id='word_1_91' title='bbox 2538 1768 2964 1840; x_wconf 85' lang='lat' dir='ltr'>Cremonam.</span> <span class='ocrx_word' id='word_1_92' title='bbox 3003 1768 3175 1838; x_wconf 93' lang='lat' dir='ltr'>Cum</span> <span class='ocrx_word' id='word_1_93' title='bbox 3229 1769 3413 1840; x_wconf 89' lang='lat' dir='ltr'>enim</span> <span class='ocrx_word' id='word_1_94' title='bbox 3460 1773 3667 1843; x_wconf 92' lang='lat' dir='ltr'>vellet</span> 
     </span>
     <span class='ocr_line' id='line_1_11' title="bbox 844 1888 3666 1987; baseline 0 -24"><span class='ocrx_word' id='word_1_95' title='bbox 844 1893 1123 1986; x_wconf 90' lang='lat' dir='ltr'>Papiam</span> <span class='ocrx_word' id='word_1_96' title='bbox 1168 1890 1258 1987; x_wconf 89' lang='lat' dir='ltr'>(c)</span> <span class='ocrx_word' id='word_1_97' title='bbox 1320 1891 1694 1986; x_wconf 86' lang='lat' dir='ltr'>proficisci,</span> <span class='ocrx_word' id='word_1_98' title='bbox 1750 1892 2300 1966; x_wconf 84' lang='lat' dir='ltr'>Mediolanenses</span> <span class='ocrx_word' id='word_1_99' title='bbox 2359 1913 2519 1961; x_wconf 89' lang='lat' dir='ltr'>cum</span> <span class='ocrx_word' id='word_1_100' title='bbox 2573 1891 2873 1979; x_wconf 91' lang='lat' dir='ltr'>carocio‚</span> <span class='ocrx_word' id='word_1_101' title='bbox 2914 1888 3338 1980; x_wconf 89' lang='lat' dir='ltr'>Laudenses,</span> <span class='ocrx_word' id='word_1_102' title='bbox 3382 1891 3666 1964; x_wconf 89' lang='lat' dir='ltr'>Vercel-</span> 
     </span>
     <span class='ocr_line' id='line_1_12' title="bbox 843 2013 3661 2111; baseline 0.001 -26"><span class='ocrx_word' id='word_1_103' title='bbox 843 2016 1093 2104; x_wconf 77' lang='lat' dir='ltr'>lenseS‚</span> <span class='ocrx_word' id='word_1_104' title='bbox 1131 2016 1613 2106; x_wconf 79' lang='lat' dir='ltr'>NovarienseS,</span> <span class='ocrx_word' id='word_1_105' title='bbox 1655 2015 1944 2089; x_wconf 89' lang='lat' dir='ltr'>Cumani</span> <span class='ocrx_word' id='word_1_106' title='bbox 1973 2015 2097 2111; x_wconf 80' lang='lat' dir='ltr'>(d),</span> <span class='ocrx_word' id='word_1_107' title='bbox 2136 2015 2719 2088; x_wconf 81' lang='lat' dir='ltr'>Alexandrienses</span> <span class='ocrx_word' id='word_1_108' title='bbox 2761 2024 2831 2086; x_wconf 92' lang='lat' dir='ltr'>et</span> <span class='ocrx_word' id='word_1_109' title='bbox 2865 2014 2977 2085; x_wconf 88' lang='lat' dir='ltr'>alii</span> <span class='ocrx_word' id='word_1_110' title='bbox 3007 2013 3099 2110; x_wconf 88' lang='lat' dir='ltr'>(e)</span> <span class='ocrx_word' id='word_1_111' title='bbox 3132 2015 3323 2110; x_wconf 91' lang='lat' dir='ltr'>apud</span> <span class='ocrx_word' id='word_1_112' title='bbox 3353 2016 3661 2089; x_wconf 89' lang='lat' dir='ltr'>Laudam</span> 
     </span>
     <span class='ocr_line' id='line_1_13' title="bbox 843 2139 3664 2235; baseline 0.002 -26"><span class='ocrx_word' id='word_1_113' title='bbox 843 2141 1130 2233; x_wconf 80' lang='lat' dir='ltr'>Vegiam</span> <span class='ocrx_word' id='word_1_114' title='bbox 1170 2139 1334 2211; x_wconf 86' lang='lat' dir='ltr'>fixis</span> <span class='ocrx_word' id='word_1_115' title='bbox 1382 2141 1759 2235; x_wconf 90' lang='lat' dir='ltr'>temptoriis</span> <span class='ocrx_word' id='word_1_116' title='bbox 1792 2141 2220 2214; x_wconf 85' lang='lat' dir='ltr'>resistebant.</span> <span class='ocrx_word' id='word_1_117' title='bbox 2269 2142 2634 2235; x_wconf 90' lang='lat' dir='ltr'>Propterea</span> <span class='ocrx_word' id='word_1_118' title='bbox 2681 2140 3033 2227; x_wconf 73' lang='lat' dir='ltr'>Paduam,</span> <span class='ocrx_word' id='word_1_119' title='bbox 3079 2140 3455 2229; x_wconf 79' lang='lat' dir='ltr'>vicentini,</span> <span class='ocrx_word' id='word_1_120' title='bbox 3500 2145 3664 2216; x_wconf 91' lang='lat' dir='ltr'>Ter·</span> 
     </span>
     <span class='ocr_line' id='line_1_14' title="bbox 843 2262 3664 2354; baseline 0.002 -21"><span class='ocrx_word' id='word_1_121' title='bbox 843 2262 1127 2354; x_wconf 88' lang='lat' dir='ltr'>vexani,</span> <span class='ocrx_word' id='word_1_122' title='bbox 1145 2284 1374 2336; x_wconf 89' lang='lat' dir='ltr'>comes</span> <span class='ocrx_word' id='word_1_123' title='bbox 1394 2265 1622 2337; x_wconf 88' lang='lat' dir='ltr'>Sancti</span> <span class='ocrx_word' id='word_1_124' title='bbox 1642 2266 1994 2354; x_wconf 85' lang='lat' dir='ltr'>Bonifacii‚</span> <span class='ocrx_word' id='word_1_125' title='bbox 2018 2264 2326 2337; x_wconf 88' lang='lat' dir='ltr'>marchio</span> <span class='ocrx_word' id='word_1_126' title='bbox 2348 2263 2441 2337; x_wconf 91' lang='lat' dir='ltr'>de</span> <span class='ocrx_word' id='word_1_127' title='bbox 2465 2266 2586 2336; x_wconf 88' lang='lat' dir='ltr'>Est</span> <span class='ocrx_word' id='word_1_128' title='bbox 2607 2286 2765 2336; x_wconf 90' lang='lat' dir='ltr'>cum</span> <span class='ocrx_word' id='word_1_129' title='bbox 2783 2264 3159 2351; x_wconf 75' lang='lat' dir='ltr'>veneticis,</span> <span class='ocrx_word' id='word_1_130' title='bbox 3178 2263 3311 2336; x_wconf 89' lang='lat' dir='ltr'>illis</span> <span class='ocrx_word' id='word_1_131' title='bbox 3334 2265 3424 2338; x_wconf 91' lang='lat' dir='ltr'>de</span> <span class='ocrx_word' id='word_1_132' title='bbox 3442 2268 3664 2340; x_wconf 91' lang='lat' dir='ltr'>Feltro</span> 
     </span>
     <span class='ocr_line' id='line_1_15' title="bbox 844 2384 3661 2486; baseline 0.002 -30"><span class='ocrx_word' id='word_1_133' title='bbox 844 2394 913 2456; x_wconf 86' lang='lat' dir='ltr'>et</span> <span class='ocrx_word' id='word_1_134' title='bbox 943 2384 1271 2458; x_wconf 87' lang='lat' dir='ltr'>Citadella</span> <span class='ocrx_word' id='word_1_135' title='bbox 1308 2397 1375 2459; x_wconf 87' lang='lat' dir='ltr'>et</span> <span class='ocrx_word' id='word_1_136' title='bbox 1410 2388 1591 2477; x_wconf 75' lang='lat' dir='ltr'>aliie,</span> <span class='ocrx_word' id='word_1_137' title='bbox 1628 2398 1924 2459; x_wconf 82' lang='lat' dir='ltr'>castrum</span> <span class='ocrx_word' id='word_1_138' title='bbox 1954 2389 2219 2483; x_wconf 90' lang='lat' dir='ltr'>Ripalte</span> <span class='ocrx_word' id='word_1_139' title='bbox 2253 2389 2525 2460; x_wconf 88' lang='lat' dir='ltr'>Verone</span> <span class='ocrx_word' id='word_1_140' title='bbox 2555 2387 2981 2461; x_wconf 88' lang='lat' dir='ltr'>obsedebant</span> <span class='ocrx_word' id='word_1_141' title='bbox 3008 2386 3178 2482; x_wconf 80' lang='lat' dir='ltr'>(sic).</span> <span class='ocrx_word' id='word_1_142' title='bbox 3210 2388 3406 2460; x_wconf 93' lang='lat' dir='ltr'>Unde</span> <span class='ocrx_word' id='word_1_143' title='bbox 3435 2389 3661 2486; x_wconf 88' lang='lat' dir='ltr'>impe-</span> 
     </span>
     <span class='ocr_line' id='line_1_16' title="bbox 846 2510 3664 2606; baseline 0.004 -29"><span class='ocrx_word' id='word_1_144' title='bbox 846 2518 1031 2580; x_wconf 91' lang='lat' dir='ltr'>rator</span> <span class='ocrx_word' id='word_1_145' title='bbox 1052 2510 1293 2581; x_wconf 91' lang='lat' dir='ltr'>volens</span> <span class='ocrx_word' id='word_1_146' title='bbox 1312 2511 1672 2602; x_wconf 90' lang='lat' dir='ltr'>juvamina</span> <span class='ocrx_word' id='word_1_147' title='bbox 1694 2521 1992 2606; x_wconf 89' lang='lat' dir='ltr'>prestare</span> <span class='ocrx_word' id='word_1_148' title='bbox 2011 2511 2328 2601; x_wconf 88' lang='lat' dir='ltr'>Yzolino,</span> <span class='ocrx_word' id='word_1_149' title='bbox 2351 2533 2590 2583; x_wconf 92' lang='lat' dir='ltr'>mense</span> <span class='ocrx_word' id='word_1_150' title='bbox 2613 2512 3009 2584; x_wconf 90' lang='lat' dir='ltr'>novembris</span> <span class='ocrx_word' id='word_1_151' title='bbox 3038 2512 3336 2606; x_wconf 84' lang='lat' dir='ltr'>proximi</span> <span class='ocrx_word' id='word_1_152' title='bbox 3362 2514 3664 2606; x_wconf 90' lang='lat' dir='ltr'>quadam</span> 
     </span>
     <span class='ocr_line' id='line_1_17' title="bbox 845 2630 3669 2731; baseline 0.001 -26"><span class='ocrx_word' id='word_1_153' title='bbox 845 2630 961 2705; x_wconf 89' lang='lat' dir='ltr'>die</span> <span class='ocrx_word' id='word_1_154' title='bbox 994 2634 1176 2705; x_wconf 88' lang='lat' dir='ltr'>circa</span> <span class='ocrx_word' id='word_1_155' title='bbox 1209 2654 1535 2730; x_wconf 89' lang='lat' dir='ltr'>vesperas</span> <span class='ocrx_word' id='word_1_156' title='bbox 1573 2643 1801 2706; x_wconf 88' lang='lat' dir='ltr'>motus</span> <span class='ocrx_word' id='word_1_157' title='bbox 1835 2657 1876 2708; x_wconf 89' lang='lat' dir='ltr'>a</span> <span class='ocrx_word' id='word_1_158' title='bbox 1904 2634 2238 2708; x_wconf 91' lang='lat' dir='ltr'>Cremona</span> <span class='ocrx_word' id='word_1_159' title='bbox 2267 2657 2427 2707; x_wconf 90' lang='lat' dir='ltr'>cum</span> <span class='ocrx_word' id='word_1_160' title='bbox 2461 2635 2768 2707; x_wconf 86' lang='lat' dir='ltr'>exercitu</span> <span class='ocrx_word' id='word_1_161' title='bbox 2801 2636 3140 2706; x_wconf 87' lang='lat' dir='ltr'>Veronam</span> <span class='ocrx_word' id='word_1_162' title='bbox 3173 2638 3569 2731; x_wconf 89' lang='lat' dir='ltr'>properavit</span> <span class='ocrx_word' id='word_1_163' title='bbox 3600 2650 3669 2712; x_wconf 90' lang='lat' dir='ltr'>et</span> 
     </span>
     <span class='ocr_line' id='line_1_18' title="bbox 844 2757 3668 2854; baseline 0.003 -27"><span class='ocrx_word' id='word_1_164' title='bbox 844 2779 1003 2828; x_wconf 91' lang='lat' dir='ltr'>cum</span> <span class='ocrx_word' id='word_1_165' title='bbox 1039 2757 1326 2830; x_wconf 86' lang='lat' dir='ltr'>Yzolino</span> <span class='ocrx_word' id='word_1_166' title='bbox 1354 2760 1563 2850; x_wconf 84' lang='lat' dir='ltr'>juxta</span> <span class='ocrx_word' id='word_1_167' title='bbox 1595 2759 1976 2833; x_wconf 82' lang='lat' dir='ltr'>exercitum</span> <span class='ocrx_word' id='word_1_168' title='bbox 2015 2760 2454 2833; x_wconf 91' lang='lat' dir='ltr'>inimicorum</span> <span class='ocrx_word' id='word_1_169' title='bbox 2490 2782 2615 2831; x_wconf 91' lang='lat' dir='ltr'>sua</span> <span class='ocrx_word' id='word_1_170' title='bbox 2653 2768 2872 2830; x_wconf 89' lang='lat' dir='ltr'>castra</span> <span class='ocrx_word' id='word_1_171' title='bbox 2905 2760 3162 2854; x_wconf 89' lang='lat' dir='ltr'>posuit.</span> <span class='ocrx_word' id='word_1_172' title='bbox 3206 2761 3668 2854; x_wconf 79' lang='lat' dir='ltr'>Intelligentes</span> 
     </span>
     <span class='ocr_line' id='line_1_19' title="bbox 841 2882 3667 2983; baseline 0.003 -30"><span class='ocrx_word' id='word_1_173' title='bbox 841 2882 1153 2955; x_wconf 89' lang='lat' dir='ltr'>Paduani</span> <span class='ocrx_word' id='word_1_174' title='bbox 1190 2891 1257 2956; x_wconf 87' lang='lat' dir='ltr'>et</span> <span class='ocrx_word' id='word_1_175' title='bbox 1306 2884 1512 2957; x_wconf 84' lang='lat' dir='ltr'>ceteri</span> <span class='ocrx_word' id='word_1_176' title='bbox 1557 2883 2033 2980; x_wconf 87' lang='lat' dir='ltr'>imperatorem</span> <span class='ocrx_word' id='word_1_177' title='bbox 2072 2885 2480 2973; x_wconf 90' lang='lat' dir='ltr'>advenisse,</span> <span class='ocrx_word' id='word_1_178' title='bbox 2515 2885 2742 2958; x_wconf 86' lang='lat' dir='ltr'>statim</span> <span class='ocrx_word' id='word_1_179' title='bbox 2774 2884 2977 2956; x_wconf 89' lang='lat' dir='ltr'>motis</span> <span class='ocrx_word' id='word_1_180' title='bbox 3011 2906 3247 2957; x_wconf 91' lang='lat' dir='ltr'>eorum</span> <span class='ocrx_word' id='word_1_181' title='bbox 3289 2889 3667 2983; x_wconf 87' lang='lat' dir='ltr'>temptoriis</span> 
     </span>
     <span class='ocr_line' id='line_1_20' title="bbox 842 3006 3666 3107; baseline 0.003 -29"><span class='ocrx_word' id='word_1_182' title='bbox 842 3006 932 3078; x_wconf 93' lang='lat' dir='ltr'>ad</span> <span class='ocrx_word' id='word_1_183' title='bbox 978 3007 1255 3103; x_wconf 91' lang='lat' dir='ltr'>propria</span> <span class='ocrx_word' id='word_1_184' title='bbox 1288 3018 1621 3102; x_wconf 86' lang='lat' dir='ltr'>ceperunt</span> <span class='ocrx_word' id='word_1_185' title='bbox 1647 3031 1975 3083; x_wconf 89' lang='lat' dir='ltr'>remeare.</span> <span class='ocrx_word' id='word_1_186' title='bbox 2026 3011 2208 3081; x_wconf 92' lang='lat' dir='ltr'>Dum</span> <span class='ocrx_word' id='word_1_187' title='bbox 2245 3018 2479 3082; x_wconf 91' lang='lat' dir='ltr'>autem</span> <span class='ocrx_word' id='word_1_188' title='bbox 2520 3009 2622 3080; x_wconf 89' lang='lat' dir='ltr'>sic</span> <span class='ocrx_word' id='word_1_189' title='bbox 2656 3009 3080 3101; x_wconf 90' lang='lat' dir='ltr'>recederent,</span> <span class='ocrx_word' id='word_1_190' title='bbox 3116 3011 3441 3082; x_wconf 90' lang='lat' dir='ltr'>Yzolinns</span> <span class='ocrx_word' id='word_1_191' title='bbox 3478 3015 3666 3107; x_wconf 79' lang='lat' dir='ltr'>cogi·</span> 
     </span>
     <span class='ocr_line' id='line_1_21' title="bbox 841 3130 3666 3231; baseline 0.003 -30"><span class='ocrx_word' id='word_1_192' title='bbox 841 3130 1013 3201; x_wconf 86' lang='lat' dir='ltr'>tavit</span> <span class='ocrx_word' id='word_1_193' title='bbox 1074 3132 1424 3206; x_wconf 88' lang='lat' dir='ltr'>civitatem</span> <span class='ocrx_word' id='word_1_194' title='bbox 1488 3134 1778 3205; x_wconf 89' lang='lat' dir='ltr'>Vicentii</span> <span class='ocrx_word' id='word_1_195' title='bbox 1838 3156 2083 3231; x_wconf 88' lang='lat' dir='ltr'>capere</span> <span class='ocrx_word' id='word_1_196' title='bbox 2131 3156 2359 3230; x_wconf 91' lang='lat' dir='ltr'>posse.</span> <span class='ocrx_word' id='word_1_197' title='bbox 2423 3134 2847 3206; x_wconf 88' lang='lat' dir='ltr'>Festinanter</span> <span class='ocrx_word' id='word_1_198' title='bbox 2916 3156 3077 3206; x_wconf 91' lang='lat' dir='ltr'>cum</span> <span class='ocrx_word' id='word_1_199' title='bbox 3123 3135 3268 3207; x_wconf 90' lang='lat' dir='ltr'>suis</span> <span class='ocrx_word' id='word_1_200' title='bbox 3334 3137 3666 3210; x_wconf 90' lang='lat' dir='ltr'>militibus</span> 
     </span>
     <span class='ocr_line' id='line_1_22' title="bbox 842 3255 3664 3354; baseline 0.003 -29"><span class='ocrx_word' id='word_1_201' title='bbox 842 3255 1160 3348; x_wconf 88' lang='lat' dir='ltr'>equitans</span> <span class='ocrx_word' id='word_1_202' title='bbox 1184 3257 1534 3329; x_wconf 87' lang='lat' dir='ltr'>civitatem</span> <span class='ocrx_word' id='word_1_203' title='bbox 1563 3258 1855 3332; x_wconf 86' lang='lat' dir='ltr'>Vicentii</span> <span class='ocrx_word' id='word_1_204' title='bbox 1892 3258 2200 3349; x_wconf 87' lang='lat' dir='ltr'>intravit,</span> <span class='ocrx_word' id='word_1_205' title='bbox 2226 3267 2592 3354; x_wconf 87' lang='lat' dir='ltr'>postquam</span> <span class='ocrx_word' id='word_1_206' title='bbox 2628 3255 2721 3352; x_wconf 86' lang='lat' dir='ltr'>(s)</span> <span class='ocrx_word' id='word_1_207' title='bbox 2760 3258 3080 3330; x_wconf 91' lang='lat' dir='ltr'>concives</span> <span class='ocrx_word' id='word_1_208' title='bbox 3106 3256 3199 3329; x_wconf 89' lang='lat' dir='ltr'>ad</span> <span class='ocrx_word' id='word_1_209' title='bbox 3228 3259 3448 3353; x_wconf 89' lang='lat' dir='ltr'>ipsam</span> <span class='ocrx_word' id='word_1_210' title='bbox 3470 3282 3664 3333; x_wconf 91' lang='lat' dir='ltr'>acce·</span> 
     </span>
     <span class='ocr_line' id='line_1_23' title="bbox 843 3375 3669 3477; baseline 0.004 -30"><span class='ocrx_word' id='word_1_211' title='bbox 843 3375 1085 3450; x_wconf 92' lang='lat' dir='ltr'>derent</span> <span class='ocrx_word' id='word_1_212' title='bbox 1114 3379 1490 3468; x_wconf 88' lang='lat' dir='ltr'>civitatem,</span> <span class='ocrx_word' id='word_1_213' title='bbox 1517 3376 1641 3476; x_wconf 89' lang='lat' dir='ltr'>[et]</span> <span class='ocrx_word' id='word_1_214' title='bbox 1670 3382 1899 3474; x_wconf 82' lang='lat' dir='ltr'>ignem</span> <span class='ocrx_word' id='word_1_215' title='bbox 1922 3403 2252 3473; x_wconf 78' lang='lat' dir='ltr'>magnum</span> <span class='ocrx_word' id='word_1_216' title='bbox 2283 3382 2357 3453; x_wconf 90' lang='lat' dir='ltr'>in</span> <span class='ocrx_word' id='word_1_217' title='bbox 2387 3382 2607 3477; x_wconf 90' lang='lat' dir='ltr'>ipsam</span> <span class='ocrx_word' id='word_1_218' title='bbox 2635 3381 2985 3453; x_wconf 87' lang='lat' dir='ltr'>civitatem</span> <span class='ocrx_word' id='word_1_219' title='bbox 3010 3383 3350 3475; x_wconf 87' lang='lat' dir='ltr'>apposuit.</span> <span class='ocrx_word' id='word_1_220' title='bbox 3373 3383 3669 3477; x_wconf 81' lang='lat' dir='ltr'>Cognos-</span> 
     </span>
     <span class='ocr_line' id='line_1_24' title="bbox 844 3503 3666 3600; baseline 0.004 -31"><span class='ocrx_word' id='word_1_221' title='bbox 844 3508 1077 3570; x_wconf 90' lang='lat' dir='ltr'>centes</span> <span class='ocrx_word' id='word_1_222' title='bbox 1109 3521 1274 3572; x_wconf 90' lang='lat' dir='ltr'>vero</span> <span class='ocrx_word' id='word_1_223' title='bbox 1302 3503 1647 3574; x_wconf 79' lang='lat' dir='ltr'>vicentini</span> <span class='ocrx_word' id='word_1_224' title='bbox 1674 3525 1717 3575; x_wconf 86' lang='lat' dir='ltr'>a</span> <span class='ocrx_word' id='word_1_225' title='bbox 1748 3505 1953 3596; x_wconf 84' lang='lat' dir='ltr'>longe</span> <span class='ocrx_word' id='word_1_226' title='bbox 1982 3526 2218 3576; x_wconf 90' lang='lat' dir='ltr'>eorum</span> <span class='ocrx_word' id='word_1_227' title='bbox 2248 3505 2597 3577; x_wconf 89' lang='lat' dir='ltr'>civitatem</span> <span class='ocrx_word' id='word_1_228' title='bbox 2631 3513 2898 3599; x_wconf 89' lang='lat' dir='ltr'>captam</span> <span class='ocrx_word' id='word_1_229' title='bbox 2933 3506 3102 3595; x_wconf 86' lang='lat' dir='ltr'>fore,</span> <span class='ocrx_word' id='word_1_230' title='bbox 3134 3513 3389 3578; x_wconf 86' lang='lat' dir='ltr'>terrore</span> <span class='ocrx_word' id='word_1_231' title='bbox 3415 3529 3666 3600; x_wconf 81' lang='lat' dir='ltr'>magno</span> 
     </span>
     <span class='ocr_line' id='line_1_25' title="bbox 843 3623 3667 3720; baseline 0.004 -28"><span class='ocrx_word' id='word_1_232' title='bbox 843 3623 1178 3716; x_wconf 87' lang='lat' dir='ltr'>perterriti</span> <span class='ocrx_word' id='word_1_233' title='bbox 1213 3623 1306 3696; x_wconf 89' lang='lat' dir='ltr'>ad</span> <span class='ocrx_word' id='word_1_234' title='bbox 1339 3625 1511 3696; x_wconf 90' lang='lat' dir='ltr'>alias</span> <span class='ocrx_word' id='word_1_235' title='bbox 1553 3634 1783 3720; x_wconf 88' lang='lat' dir='ltr'>partes</span> <span class='ocrx_word' id='word_1_236' title='bbox 1831 3626 2282 3701; x_wconf 89' lang='lat' dir='ltr'>diverterunt.</span> <span class='ocrx_word' id='word_1_237' title='bbox 2327 3626 2596 3699; x_wconf 90' lang='lat' dir='ltr'>Eodem</span> <span class='ocrx_word' id='word_1_238' title='bbox 2637 3649 2874 3699; x_wconf 91' lang='lat' dir='ltr'>mense</span> <span class='ocrx_word' id='word_1_239' title='bbox 2922 3626 3347 3716; x_wconf 79' lang='lat' dir='ltr'>novembriS,</span> <span class='ocrx_word' id='word_1_240' title='bbox 3396 3629 3667 3702; x_wconf 89' lang='lat' dir='ltr'>Salien-</span> 
     </span>
     <span class='ocr_line' id='line_1_26' title="bbox 845 3748 3667 3847; baseline 0.004 -31"><span class='ocrx_word' id='word_1_241' title='bbox 845 3767 1095 3839; x_wconf 82' lang='lat' dir='ltr'>guerra</span> <span class='ocrx_word' id='word_1_242' title='bbox 1148 3768 1309 3819; x_wconf 89' lang='lat' dir='ltr'>cum</span> <span class='ocrx_word' id='word_1_243' title='bbox 1348 3748 1897 3822; x_wconf 89' lang='lat' dir='ltr'>Ferrariensibus</span> <span class='ocrx_word' id='word_1_244' title='bbox 1941 3751 2171 3847; x_wconf 92' lang='lat' dir='ltr'>paruit</span> <span class='ocrx_word' id='word_1_245' title='bbox 2218 3749 2561 3823; x_wconf 86' lang='lat' dir='ltr'>mandatis</span> <span class='ocrx_word' id='word_1_246' title='bbox 2609 3749 3060 3845; x_wconf 90' lang='lat' dir='ltr'>imperatoris.</span> <span class='ocrx_word' id='word_1_247' title='bbox 3112 3750 3434 3822; x_wconf 89' lang='lat' dir='ltr'>Similiter</span> <span class='ocrx_word' id='word_1_248' title='bbox 3478 3752 3667 3826; x_wconf 93' lang='lat' dir='ltr'>Ghe-</span> 
     </span>
     <span class='ocr_line' id='line_1_27' title="bbox 846 3869 3660 3968; baseline 0.003 -30"><span class='ocrx_word' id='word_1_249' title='bbox 846 3869 995 3940; x_wconf 90' lang='lat' dir='ltr'>cius</span> <span class='ocrx_word' id='word_1_250' title='bbox 1025 3870 1117 3942; x_wconf 91' lang='lat' dir='ltr'>de</span> <span class='ocrx_word' id='word_1_251' title='bbox 1142 3869 1424 3942; x_wconf 90' lang='lat' dir='ltr'>Camino</span> <span class='ocrx_word' id='word_1_252' title='bbox 1458 3893 1617 3942; x_wconf 91' lang='lat' dir='ltr'>cum</span> <span class='ocrx_word' id='word_1_253' title='bbox 1649 3872 1806 3944; x_wconf 90' lang='lat' dir='ltr'>aliis</span> <span class='ocrx_word' id='word_1_254' title='bbox 1849 3871 1939 3945; x_wconf 91' lang='lat' dir='ltr'>de</span> <span class='ocrx_word' id='word_1_255' title='bbox 1988 3873 2267 3946; x_wconf 92' lang='lat' dir='ltr'>Camino</span> <span class='ocrx_word' id='word_1_256' title='bbox 2313 3894 2549 3945; x_wconf 88' lang='lat' dir='ltr'>eorum</span> <span class='ocrx_word' id='word_1_257' title='bbox 2586 3881 2809 3945; x_wconf 88' lang='lat' dir='ltr'>castra</span> <span class='ocrx_word' id='word_1_258' title='bbox 2855 3872 3246 3968; x_wconf 90' lang='lat' dir='ltr'>imperatori</span> <span class='ocrx_word' id='word_1_259' title='bbox 3295 3874 3660 3968; x_wconf 90' lang='lat' dir='ltr'>dederunt,</span> 
     </span>
     <span class='ocr_line' id='line_1_28' title="bbox 844 3992 3667 4093; baseline 0.004 -29"><span class='ocrx_word' id='word_1_260' title='bbox 844 3992 1320 4088; x_wconf 86' lang='lat' dir='ltr'>episcopatum</span> <span class='ocrx_word' id='word_1_261' title='bbox 1367 3994 1658 4067; x_wconf 87' lang='lat' dir='ltr'>Trivixii</span> <span class='ocrx_word' id='word_1_262' title='bbox 1695 4018 1919 4091; x_wconf 90' lang='lat' dir='ltr'>nsque</span> <span class='ocrx_word' id='word_1_263' title='bbox 1962 3997 2054 4070; x_wconf 92' lang='lat' dir='ltr'>ad</span> <span class='ocrx_word' id='word_1_264' title='bbox 2098 3997 2446 4069; x_wconf 86' lang='lat' dir='ltr'>civitatem</span> <span class='ocrx_word' id='word_1_265' title='bbox 2479 3996 2935 4070; x_wconf 84' lang='lat' dir='ltr'>devastantes.</span> <span class='ocrx_word' id='word_1_266' title='bbox 2971 3997 3046 4067; x_wconf 91' lang='lat' dir='ltr'>In</span> <span class='ocrx_word' id='word_1_267' title='bbox 3087 3998 3401 4093; x_wconf 84' lang='lat' dir='ltr'>proximo</span> <span class='ocrx_word' id='word_1_268' title='bbox 3432 4023 3667 4074; x_wconf 90' lang='lat' dir='ltr'>mense</span> 
     </span>
    </p>
   </div>
   <div class='ocr_carea' id='block_1_3' title="bbox 924 4232 2028 4850">
    <p class='ocr_par' dir='ltr' id='par_1_3' title="bbox 927 4232 1614 4313">
     <span class='ocr_line' id='line_1_29' title="bbox 927 4232 1614 4313; baseline 0.004 -19"><span class='ocrx_word' id='word_1_269' title='bbox 927 4232 1012 4313; x_wconf 82' lang='lat' dir='ltr'>(a)</span> <span class='ocrx_word' id='word_1_270' title='bbox 1059 4237 1130 4295; x_wconf 88' lang='lat' dir='ltr'>In</span> <span class='ocrx_word' id='word_1_271' title='bbox 1156 4235 1358 4297; x_wconf 84' lang='lat' dir='ltr'>codice</span> <span class='ocrx_word' id='word_1_272' title='bbox 1388 4234 1614 4297; x_wconf 74' lang='lat' dir='ltr'>Gude’m.</span> 
     </span>
    </p>

    <p class='ocr_par' dir='ltr' id='par_1_4' title="bbox 925 4338 1666 4420">
     <span class='ocr_line' id='line_1_30' title="bbox 925 4338 1666 4420; baseline 0.004 -21"><span class='ocrx_word' id='word_1_273' title='bbox 925 4338 1014 4420; x_wconf 83' lang='lat' dir='ltr'>(b)</span> <span class='ocrx_word' id='word_1_274' title='bbox 1056 4343 1127 4402; x_wconf 89' lang='lat' dir='ltr'>In</span> <span class='ocrx_word' id='word_1_275' title='bbox 1155 4342 1354 4403; x_wconf 85' lang='lat' dir='ltr'>codice</span> <span class='ocrx_word' id='word_1_276' title='bbox 1378 4345 1666 4417; x_wconf 77' lang='lat' dir='ltr'>proximo.</span> 
     </span>
    </p>

    <p class='ocr_par' dir='ltr' id='par_1_5' title="bbox 924 4445 1579 4528">
     <span class='ocr_line' id='line_1_31' title="bbox 924 4445 1579 4528; baseline 0.002 -23"><span class='ocrx_word' id='word_1_277' title='bbox 924 4445 1003 4526; x_wconf 88' lang='lat' dir='ltr'>(c)</span> <span class='ocrx_word' id='word_1_278' title='bbox 1045 4448 1118 4507; x_wconf 90' lang='lat' dir='ltr'>In</span> <span class='ocrx_word' id='word_1_279' title='bbox 1147 4448 1345 4509; x_wconf 74' lang='lat' dir='ltr'>codice</span> <span class='ocrx_word' id='word_1_280' title='bbox 1365 4449 1579 4528; x_wconf 76' lang='lat' dir='ltr'>Papia.</span> 
     </span>
    </p>

    <p class='ocr_par' dir='ltr' id='par_1_6' title="bbox 929 4551 1685 4629">
     <span class='ocr_line' id='line_1_32' title="bbox 929 4551 1685 4629; baseline 0.003 -16"><span class='ocrx_word' id='word_1_281' title='bbox 929 4551 1015 4629; x_wconf 81' lang='lat' dir='ltr'>(d)</span> <span class='ocrx_word' id='word_1_282' title='bbox 1058 4553 1131 4614; x_wconf 89' lang='lat' dir='ltr'>In</span> <span class='ocrx_word' id='word_1_283' title='bbox 1158 4556 1360 4616; x_wconf 86' lang='lat' dir='ltr'>codice</span> <span class='ocrx_word' id='word_1_284' title='bbox 1391 4554 1685 4617; x_wconf 74' lang='lat' dir='ltr'>Cumanis.</span> 
     </span>
    </p>

    <p class='ocr_par' dir='ltr' id='par_1_7' title="bbox 925 4655 1519 4736">
     <span class='ocr_line' id='line_1_33' title="bbox 925 4655 1519 4736; baseline 0.007 -21"><span class='ocrx_word' id='word_1_285' title='bbox 925 4655 1004 4736; x_wconf 77' lang='lat' dir='ltr'>(e)</span> <span class='ocrx_word' id='word_1_286' title='bbox 1046 4659 1118 4718; x_wconf 92' lang='lat' dir='ltr'>In</span> <span class='ocrx_word' id='word_1_287' title='bbox 1147 4661 1346 4721; x_wconf 78' lang='lat' dir='ltr'>codice</span> <span class='ocrx_word' id='word_1_288' title='bbox 1371 4659 1519 4721; x_wconf 75' lang='lat' dir='ltr'>aliis.</span> 
     </span>
    </p>

    <p class='ocr_par' dir='ltr' id='par_1_8' title="bbox 929 4763 2028 4850">
     <span class='ocr_line' id='line_1_34' title="bbox 929 4763 2028 4850; baseline 0.002 -24"><span class='ocrx_word' id='word_1_289' title='bbox 929 4763 1022 4843; x_wconf 76' lang='lat' dir='ltr'>(J)</span> <span class='ocrx_word' id='word_1_290' title='bbox 1069 4765 1187 4827; x_wconf 83' lang='lat' dir='ltr'>Sic.</span> <span class='ocrx_word' id='word_1_291' title='bbox 1218 4767 1456 4830; x_wconf 79' lang='lat' dir='ltr'>Rectius</span> <span class='ocrx_word' id='word_1_292' title='bbox 1475 4775 1674 4830; x_wconf 82' lang='lat' dir='ltr'>tamen</span> <span class='ocrx_word' id='word_1_293' title='bbox 1700 4773 2028 4850; x_wconf 72' lang='lat' dir='ltr'>antequam.</span> 
     </span>
    </p>
   </div>
  </div>
 </body>
</html>
