4842 5802
820 691 1017 755 Iunior.
1046 689 1142 769 9.]
1218 752 1221 757 ,
1719 688 2117 752 HISTORIA
2162 690 2752 755 nn’LOMATch.
3524 690 3648 755 825

919 824 1320 920 Gregorius,
1358 844 1602 897 servus
1642 845 1996 898 servorum
2036 826 2202 917 Dei,
2237 835 2404 917 etc.,
2437 826 2843 917 Frederico,
2892 834 3025 899 etc.
3063 823 3239 897 Olim
3271 825 3476 899 nobis
3513 826 3645 899 im-

822 949 1100 1045 perialis
1136 948 1542 1027 excellentie
1580 946 1822 1021 litteris
1863 952 2274 1046 presentatis
2315 952 2389 1022 in
2428 951 2685 1046 quibus
2729 950 2907 1023 inter
2938 959 3166 1023 cetera
3201 972 3342 1044 que
3378 951 3467 1024 de
3521 961 3644 1025 tuo

822 1094 1149 1169 processu
1199 1071 1569 1168 magnifico
1614 1073 2091 1161 narrabantur,
2152 1076 2343 1148 venit
2389 1076 2463 1147 in
2521 1074 2830 1148 medium
2876 1072 3067 1169 quod
3116 1071 3207 1147 de
3249 1074 3640 1171 principum

818 1198 1109 1272 solemni
1143 1198 1432 1272 consilio
1465 1218 1673 1294 super
1704 1199 1982 1292 negotio
2009 1199 2418 1274 Lombardie
2449 1209 2518 1273 te
2544 1200 2806 1297 precise
2840 1198 2914 1270 in
2946 1198 3267 1271 manibus
3305 1200 3635 1291 Ecclesie‚

814 1324 1018 1414 juxta
1071 1320 1542 1417 compromissi
1593 1322 1876 1394 formam
1915 1345 2123 1416 quam
2173 1345 2216 1396 a
2272 1332 2340 1397 te
2390 1324 2779 1418 recepimus
2826 1322 2899 1395 in
2937 1322 3264 1414 Thuscia,
3309 1345 3635 1418 poneres,

821 1445 916 1518 ita
952 1454 1189 1517 tamen
1224 1444 1416 1539 quod
1449 1445 1801 1539 negotium
1833 1446 2059 1542 ipsum
2092 1446 2182 1519 ad
2221 1446 2547 1520 honorem
2577 1456 2773 1519 tuum
2804 1457 2876 1519 et
2905 1446 3173 1542 imperii
3203 1447 3643 1521 commodum

826 1590 1049 1663 usque
1084 1569 1176 1641 ad
1213 1569 1530 1666 proximo
1575 1570 1895 1665 preterita
1930 1571 2317 1644 Nativitatis
2352 1570 2698 1645 dominice
2734 1570 3104 1642 terminum
3146 1571 3638 1665 compleretur3

824 1692 1132 1787 alioquin
1162 1702 1452 1766 extunc
1482 1713 1571 1767 ne
1606 1694 1734 1766 tibi
1762 1704 1831 1766 et
1859 1694 2290 1790 principibus
2326 1694 2527 1766 solita
2558 1693 2789 1781 illusio
2821 1692 3014 1767 fieret
3043 1715 3163 1789 per
3191 1695 3639 1787 Lombardos‚

827 1817 1045 1890 velles
1094 1839 1255 1890 cum
1309 1818 1617 1890 exercitu
1668 1829 1894 1913 partes
1952 1818 2223 1911 ingredi
2272 1816 2717 1908 Lombardie;
2769 1818 2935 1912 quia
2981 1819 3055 1889 in
3107 1818 3372 1891 eisdem
3411 1820 3649 1892 litteris

827 1942 984 2014 talis
1015 1938 1245 2014 extitit
1286 1941 1560 2034 adjecta
1593 1942 1900 2015 conditio
1933 1964 2058 2038 per
2094 1963 2306 2036 quam
2354 1942 2920 2036 compromissum
2974 1941 3246 2036 penitus
3291 1943 3654 2016 tollebatur

827 2075 898 2139 et
933 2074 1197 2139 tantum
1231 2087 1370 2139 non
1406 2067 1775 2140 videbatur
1812 2088 2013 2162 posse
2051 2062 2404 2160 negotium
2438 2066 2820 2155 terminari,
2861 2064 3188 2138 videlicet
3228 2066 3386 2139 «ita
3414 2075 3641 2139 tamen

829 2189 1020 2286 quod
1066 2191 1296 2286 ipsum
1352 2191 1706 2286 negotium
1757 2189 1850 2263 ad
1899 2189 2229 2263 honorem
2286 2197 2481 2261 tuum
2529 2198 2598 2262 et
2648 2188 2920 2284 imperii
2976 2188 3414 2261 commodum
3473 2191 3652 2265 infra

830 2312 1094 2386 dictum
1127 2316 1379 2386 festum
1412 2313 1802 2387 Nativitatis
1827 2312 2173 2386 dominice
2206 2313 2762 2407 compleretur»,
2798 2332 2924 2384 nos
2949 2312 3425 2386 excellentiam
3459 2323 3645 2388 tuam

829 2435 1020 2532 quod
1055 2459 1266 2532 super
1307 2436 1554 2510 eodem
1601 2438 1877 2531 negotio
1912 2447 1978 2510 te
2004 2438 2213 2529 juxta
2255 2443 2701 2509 memoratam
2749 2437 3032 2509 formam
3079 2436 3346 2533 precise
3385 2448 3457 2511 et
3503 2440 3654 2514 sine

832 2561 1225 2635 conditione
1285 2562 1517 2657 aliqua
1596 2561 1668 2633 in
1736 2561 2062 2634 manibus
2128 2561 2432 2634 Ecclesie
2490 2581 2778 2656 poneres
2851 2582 2978 2657 per
3038 2559 3366 2634 dilectum
3436 2561 3655 2635 filium

831 2686 917 2757 Η.
974 2686 1378 2780 magistrum
1440 2685 1798 2782 hospitalis
1854 2688 2100 2759 Sancte
2162 2685 2376 2758 Marie
2428 2684 3005 2758 'theutonicorum
3062 2686 3353 2759 fecimus
3407 2686 3664 2761 admo-

832 2811 983 2884 neri
1019 2809 1079 2907 (4
1098 2813 1153 2908 )‚
1196 2812 1315 2907 qui
1354 2813 1446 2885 ob
1487 2810 1560 2883 id
1603 2810 1697 2885 ad
1734 2833 1862 2884 nos
1903 2833 1945 2884 a
1986 2821 2106 2883 tua
2145 2810 2556 2883 excellentia
2611 2809 2995 2883 destinatus
3046 2808 3177 2906 (2),
3230 2812 3395 2905 quia
3451 2814 3658 2885 Lom-

831 2934 1032 3008 bardi
1094 2935 1359 3008 diutius
1411 2939 1754 3031 expectati
1809 2935 2092 3008 nuntios
2145 2957 2309 3008 suos
2353 2935 2531 3008 infra
2583 2935 2950 3008 terminum
2985 2935 3120 3008 sibi
3163 2935 3402 3009 datum
3451 2958 3661 3032 super

829 3057 964 3130 hoc
1012 3058 1103 3131 ad
1153 3067 1451 3131 nostram
1509 3059 1922 3154 presentiam
1971 3080 2109 3132 non
2146 3058 2517 3150 miserunt,
2567 3057 2753 3131 dicto
2798 3059 3073 3153 negotio
3112 3059 3508 3154 imperfecto
3547 3083 3659 3134 re—

829 3182 1058 3254 cessit.
1112 3181 1422 3276 Cumque
1481 3181 1659 3255 insra
1728 3204 1982 3277 paucos
2043 3180 2191 3254 dies
2257 3190 2412 3277 post
2459 3181 2678 3277 ipsius
2747 3202 3089 3254 recessum
3155 3181 3662 3257 ambassatores

830 3303 1373 3378 Lombardorum
1416 3304 1508 3377 ad
1545 3305 1803 3398 Sedem.
1844 3305 2302 3401 Apostolicam
2340 3302 2746 3378 accedentes
2788 3327 2865 3378 se
2909 3305 3215 3398 legitimo
3269 3307 3482 3379 fuisse
3520 3307 3653 3377 im-

828 3428 1230 3525 pedimento
1274 3429 1589 3504 detentos
1620 3428 1904 3503 firmiter
1937 3439 2319 3503 assererent
2357 3440 2428 3502 et
2462 3451 2536 3503 se
2572 3429 2665 3503 ad
2698 3429 3382 3524 compromittentium
3418 3431 3488 3501 in
3527 3454 3656 3505 nos

843 3551 1109 3646 precise
1137 3560 1411 3647 paratos
1439 3551 1782 3645 offerrent,
1817 3575 1944 3626 nos
1974 3554 2324 3649 cupientes
2355 3554 2543 3649 pacis
2559 3551 2998 3626 commodum
3032 3576 3423 3649 procurare,
3456 3576 3656 3626 com-

840 3674 1250 3769 promissum
1293 3674 1676 3769 predictum
1704 3677 2089 3771 recepimus
2125 3685 2193 3748 et
2223 3678 2562 3771 prefatum
2602 3674 3004 3770 magistrum
3033 3675 3125 3749 ad
3162 3698 3289 3749 uos
3322 3675 3663 3752 duximus

839 3790 1341 3865 revocandum.
1384 3793 1516 3877 Qui
1564 3795 1977 3868 transmissis
2022 3795 2113 3868 ad
2158 3816 2283 3867 nos
2326 3794 2569 3867 litteris
2596 3794 2791 3889 quod
2825 3797 3064 3887 jussus
3101 3816 3144 3868 a
3181 3806 3251 3867 te
3283 3798 3662 3890 cogebatur

838 3915 990 3990 sine
1033 3937 1227 3989 mora
1262 3916 1526 4008 venire,
1565 3916 1657 3994 ad
1706 3924 1894 3990 tuam
1946 3917 2358 4014 presentiam
2392 3926 2499 3991 est
2532 3939 2878 3992 reversus.
2917 3920 3251 4006 Quocirca
3295 3921 3661 3993 excellen-

842 4040 1007 4113 tiam
1043 4049 1231 4112 tuam
1261 4040 1639 4134 rogandam
1673 4038 2006 4114 duximus
2028 4043 2355 4116 attentius
2385 4053 2454 4117 et
2478 4042 2885 4116 hortandam
2915 4052 3254 4138 quatenus
3284 4044 3652 4140 prudenter

840 4161 1212 4236 advertens
1246 4163 1437 4258 quod
1471 4162 1563 4237 ad
1600 4165 1991 4237 instantiam
2022 4175 2251 4254 tuam,
2290 4166 2381 4240 de
2421 4166 2711 4239 consilio
2749 4169 3031 4240 fratrum
3069 4176 3489 4259 nostrorum,
3531 4190 3660 4262 pa·

840 4287 1292 4361 triarcharum
1327 4285 1536 4360 trium
1570 4299 1637 4362 et
1673 4291 2086 4386 prelatorum
2124 4291 2436 4364 omnium
2472 4293 2592 4387 qui
2629 4299 2822 4364 erant
2858 4292 3048 4387 apud
3079 4292 3328 4366 Sedem
3364 4292 3661 4387 Aposto-

917 4613 993 4685 (⁴)
1027 4612 1109 4670 Ct'.
1137 4629 1331 4688 supra,
1360 4631 1420 4689 p.
1446 4617 1554 4673 776
1582 4623 1637 4674 et
1663 4623 1773 4676 not.
1806 4625 1858 4677 ⁴.

916 4712 996 4782 (Ξ)
1025 4712 1210 4770 Mense
1231 4712 1510 4771 novembri
1530 4714 1653 4771 anni
1672 4717 2037 4790 praecedentis
2054 4719 2392 4776 Hermannus
2409 4717 2468 4774 in
2486 4715 2634 4775 curia
2653 4714 2991 4792 imperatoris
3009 4715 3151 4791 apud
3173 4715 3468 4791 Augustam
3485 4720 3664 4780 adhuc

843 4809 1173 4868 morabatur.
1193 4840 1266 4852 —
1283 4809 1363 4869 Cf.
1389 4827 1573 4886 supra,
1602 4830 1657 4889 p.
1684 4816 1813 4875 793.

1041 4910 1151 4973 lv.
1189 4924 1301 4970 ru·
1323 4923 1370 4968 a.
3240 4923 3356 4977 104
