4842 5802
1209 565 1329 627 672
2237 561 2582 622 mmmm
2632 561 2970 623 SEPTffll
3646 560 3807 642 [Arm.
3846 563 4018 624 1234.

1211 698 1479 795 imperii
1505 698 1615 771 sui
1643 695 1961 771 fidelibus
1994 697 2283 791 gratiam
2316 719 2514 770 suam
2557 706 2626 770 et
2655 718 2861 770 omne
2903 697 3189 769 bonum.
3228 696 3468 768 lunata
3502 696 3704 768 nobis
3737 698 4025 790 requirit

1211 823 1599 916 benignitas
1630 820 2033 894 devotorum
2066 830 2450 894 nostrorum
2486 834 2554 893 et
2589 822 2856 917 imperii
2893 821 3144 894 devota
3176 818 3511 914 obsequia
3541 841 3784 893 sereno
3820 820 4024 892 vultu

1211 947 1548 1041 respicere
1581 955 1650 1018 et
1675 966 1907 1017 eorum
1934 944 2483 1039 promotionibus
2504 951 2694 1016 tanto
2709 943 3007 1038 amplius
3043 942 3397 1015 intendere
3429 950 3690 1037 quanto
3717 943 4021 1037 ipsorum

1211 1070 1619 1164 obsequiosa
1659 1069 1979 1140 voluntas
2022 1090 2098 1141 se
2142 1068 2464 1140 servilem
2501 1065 2770 1139 studuit
2793 1065 3149 1139 exhibere.
3194 1065 3368 1136 Hinc
3399 1075 3505 1137 est
3538 1065 3731 1160 quod
3767 1086 3893 1137 uos
3923 1075 4026 1137 at-

1214 1194 1571 1265 tendentes
1618 1191 1848 1264 fidelia
1898 1192 2235 1287 obsequia
2283 1201 2353 1264 et
2405 1191 2657 1264 devota
2705 1211 2845 1285 que
2881 1188 3109 1262 fidelis
3144 1197 3373 1261 noster
3406 1209 3637 1261 comes
3665 1188 3899 1283 Egeno
3933 1187 4024 1260 de

1212 1316 1502 1410 Friburg
1526 1325 1594 1388 et
1627 1314 1716 1387 de
1743 1315 1963 1387 Urach
1991 1316 2063 1387 in
2091 1314 2385 1389 diversis
2409 1313 2700 1407 agendis
2723 1314 2925 1387 nobis
2946 1322 3016 1385 et
3042 1312 3332 1407 imperio
3360 1312 3692 1385 hactenus
3705 1311 4026 1386 exhibuit

1214 1452 1444 1537 etque
1471 1463 1596 1513 sua
1628 1440 1908 1513 devotio
1944 1440 2017 1510 in
2047 1450 2247 1513 antea
2284 1440 2533 1536 poterit
2558 1439 2925 1529 exhibere,
2962 1439 3190 1533 ipsum
3222 1437 3359 1510 hiis
3392 1438 3796 1511 fluminibus
3831 1438 4025 1509 Ren-

1214 1567 1507 1656 cbeutal,
1543 1564 1807 1650 Wiseu‚
1843 1563 2121 1657 Brigen,
2161 1561 2550 1635 Kinzechen
2587 1584 2810 1657 usque
2839 1560 3330 1656 Gengenbach,
3357 1570 3428 1633 et
3463 1562 3864 1634 nominatim
3895 1560 4023 1634 Mi-

1214 1689 1540 1777 lenbacb,
1583 1687 1866 1775 Elzach,
1900 1687 2307 1782 Treysouia‚
2342 1687 2558 1781 Brega
2594 1695 2664 1759 et
2696 1686 3012 1758 Danubio
3042 1706 3266 1780 usque
3302 1684 3393 1757 ad
3419 1684 3972 1779 Ymmeudingen
3995 1737 4015 1775 ‚

1216 1833 1373 1884 cum
1403 1810 1922 1884 universisrivis
1939 1809 2060 1904 qui
2091 1810 2414 1905 predictis
2438 1808 2841 1881 fluminibus
2872 1808 3297 1904 recipiuntur
3332 1816 3401 1880 et
3427 1828 3587 1880 cum
3623 1806 4024 1880 eorumdem

1214 1936 1450 2009 fundis
1484 1957 1751 2009 necnon
1785 1934 2130 2007 universis
2165 1934 2510 2007 montanis
2538 1931 2802 2006 eisdem
2831 1932 3235 2004 fluminibus
3266 1940 3335 2003 et
3369 1931 3541 2003 rivis
3583 1932 4023 2026 superjacen-

1215 2061 1432 2152 tibus,
1471 2060 1775 2133 maxime
1808 2081 1964 2130 cum
1995 2057 2084 2130 de
2112 2067 2344 2130 nostro
2369 2056 2661 2129 fideliter
2691 2056 2778 2127 sit
2809 2055 3094 2127 consilio
3126 2064 3193 2127 et
3216 2053 3306 2126 de
3332 2063 3563 2126 nostra
3597 2054 3686 2125 sit
3719 2053 3977 2125 familia
3999 2106 4020 2143 ,

1217 2185 1307 2258 de
1337 2185 1528 2278 regia
1560 2181 2028 2255 munificentia
2062 2181 2386 2254 eumdem
2423 2179 2758 2253 duximus
2787 2177 3314 2251 infeodandum.
3345 2177 3666 2251 volentes
3709 2186 3789 2249 ut
3827 2176 4029 2269 quid*

1215 2308 1388 2403 quid
1447 2306 1623 2380 auri·
1652 2306 1722 2378 in
1784 2304 2197 2401 supradictis
2251 2303 2655 2376 fluminibus
2714 2303 2863 2375 sive
2918 2302 2989 2373 in
3045 2301 3215 2373 rivis
3272 2322 3356 2373 ac
3407 2299 3749 2372 universis
3792 2297 4028 2370 fundis

1219 2430 1619 2505 eorumdem
1652 2429 1992 2503 invenerit
2025 2437 2094 2501 et
2127 2426 2475 2522 quidquid
2513 2426 2854 2499 invenerit
2897 2426 3165 2518 argenti
3205 2425 3280 2496 in
3319 2424 3694 2512 montanis,
3753 2423 3883 2494 hec
3936 2419 4027 2492 ad

1220 2577 1418 2627 suam
1464 2573 1889 2646 suorumque
1932 2551 2266 2623 heredum
2304 2551 2462 2643 jure
2492 2548 2743 2622 feodali
2778 2548 2930 2619 sine
2967 2549 3156 2619 omni
3209 2545 3746 2620 contradictione
3781 2543 4030 2617 cedant

1220 2679 1604 2751 utilitatem.
1650 2677 1737 2749 Ut
1786 2685 2018 2747 autem
2065 2673 2373 2768 predicta
2428 2680 2656 2745 nostra
2714 2671 2934 2764 gratia
2992 2670 3221 2743 eidem
3265 2679 3541 2745 maneat
3584 2669 4023 2758 inconcussa,

1225 2808 1572 2896 presentes
1606 2798 1671 2870 ei
1709 2797 1956 2870 damus
1984 2797 2243 2869 litteras
2277 2797 2504 2890 sigillo
2530 2804 2760 2868 nostro
2796 2794 3172 2867 roboratas.

1320 2924 1490 2996 Acta
1522 2931 1685 2995 sunt
1714 2923 1848 2993 hec
1876 2942 2060 2994 anuo
2089 2922 2185 2993 Μ.
2217 2920 2343 2992 CC.
2376 2919 2597 2992 XXX.
2632 2919 2775 2989 1111.

1320 3046 1570 3117 Datum
1597 3045 1789 3141 apud
1815 3045 2067 3138 Egram
2085 3097 2107 3137 ,
2144 3043 2202 3114 11
2232 3041 2392 3114 idus
2415 3041 2607 3134 julii,
2644 3038 3020 3113 indictione
3050 3037 3365 3133 septima.

856 3643 1112 3749 „5322ae
1333 3618 1700 3705 Henricus
1723 3676 1747 3721 ‚
1803 3613 2323 3697 Romanorum
2375 3634 2507 3691 rex
2533 3669 2557 3714 ,
2616 3629 2842 3713 super
2892 3601 3023 3684 lite
3073 3600 3270 3681 inter
3320 3594 3712 3679 ecclesiam
3765 3593 4034 3677 Halis—

862 3754 914 3794 ¹⁶
937 3754 1134 3805 ⁸⁰⁸⁰⁸²¹·
1231 3758 1745 3841 brunnensem
1802 3741 2342 3857 (Heilsbronn)
2390 3751 2465 3822 et
2515 3738 2827 3822 viduam
2882 3730 3266 3817 Cuonradi
3319 3730 3416 3812 de
3467 3726 3884 3832 Anindorf‚
3941 3728 4036 3809 de

1235 3887 1454 3972 bonis
1492 3881 1954 3993 quibusdam
1973 3938 1997 3983 ‚
2038 3901 2295 3959 coram
2348 3870 2697 3955 Heinrico
2751 3870 2848 3951 de
2909 3863 3152 3950 Niffen
3204 3862 3548 3971 cognita,
3590 3858 4037 3943 sententiam

1237 4022 1414 4125 fert,
1456 4026 1542 4099 ut
1576 4015 1778 4097 filius
1812 4011 2085 4094 viduae
2122 4009 2287 4116 ipsa
2330 4005 2534 4087 bona
2568 4012 2869 4085 tantum
2906 3998 3005 4080 ad
3040 3997 3201 4079 dies
3243 3994 3440 4075 vitae
3471 4000 3748 4091 teneat,
3790 3999 3865 4072 et
3898 4014 4038 4096 pro

1237 4155 1388 4236 illis
1426 4147 1820 4235 annuatim
1855 4144 1980 4226 LX
2016 4139 2368 4223 denarios
2407 4135 2762 4218 ecclesiae
2808 4131 3076 4214 solvat.

1399 4363 1585 4442 (Edit.
1619 4362 1682 4419 in
1703 4356 2088 4425 Wotcnnm
2111 4349 2331 4410 Hister.
2362 4343 2617 4409 Not-imb.
2639 4340 2900 4423 diplom„
2929 4347 2976 4401 t.
3004 4340 3085 4412 Π,
3106 4355 3167 4415 p.
3190 4343 3290 4409 95,
3310 4343 3376 4394 n‘
3403 4341 3556 4393 9.-
3574 4331 3830 4404 Sunurz,
3860 4328 4033 4407 Com.

1471 4468 1628 4529 Hist.
1655 4456 2014 4529 Brandcnb„
2041 4456 2282 4534 Syllog„
2315 4462 2415 4527 71,
2448 4461 2516 4512 n⁰
2544 4459 2642 4512 34.
2665 4481 2743 4495 -
2765 4446 3091 4509 correctius
3117 4448 3347 4519 autem,
3378 4439 3689 4516 praecipue
3712 4439 3775 4496 iu
3798 4437 4038 4496 testium

1472 4569 1830 4645 nominibus,
1860 4581 1958 4642 ap.
1987 4563 2248 4623 Menum.
2281 4559 2444 4620 Boic.
2457 4602 2479 4633 ,
2508 4564 2654 4618 tom.
2686 4554 2889 4625 XXX,
2920 4565 3057 4628 pars
3095 4549 3171 4622 1⁸,
3200 4564 3256 4625 p.
3293 4553 3432 4619 214,
3461 4553 3530 4604 n‘
3559 4551 3666 4604 721
3694 4585 3714 4621 ,
3741 4558 3818 4603 ex
3849 4542 4039 4619 origi-

1470 4678 1592 4739 nali
1619 4678 1790 4753 cujus
1817 4671 2075 4751 sigillum
2100 4667 2318 4745 periit.)
