4842 5802
1110 609 1233 670 560
2155 611 2497 671 HENRICI
2542 611 2880 671 SEPTIMI
3565 614 3726 691 [Ass.
3769 617 3937 678 1231.

1108 745 1305 838 qnod
1342 745 1796 818 inhabitantes
1835 745 2148 839 ejusdem
2186 746 2318 818 loci
2358 745 2558 817 nobis
2591 744 2989 819 fidelitatem
3017 749 3257 838 jurent
3296 749 3545 841 pariter
3576 758 3644 820 et
3679 750 3936 842 abbati,

1102 868 1334 961 judex
1387 870 1594 941 etiam
1646 870 1958 942 eamdem
2015 892 2226 964 quam
2282 869 2482 942 nobis
2538 867 2931 941 fidelitatem
2989 869 3224 941 abbati
3284 871 3483 943 faciet
3538 883 3934 947 memorato.

1113 992 1532 1085 Adjicientes
1556 1016 1835 1087 quoque
1860 1003 1929 1067 et
1961 1017 2083 1090 per
2117 1015 2400 1089 presens
2432 993 2762 1088 scriptum
2798 991 3081 1064 firmiter
3104 994 3571 1088 promittentes
3604 1005 3682 1065 ut
3711 996 3937 1091 ipsum

1109 1116 1446 1211 oppidum
1484 1139 1837 1211 nunquam
1872 1140 1914 1189 a
1950 1118 2150 1190 nobis
2185 1118 2296 1190 vel
2331 1116 2706 1190 heredibus
2735 1117 2980 1189 nostris
3021 1117 3401 1190 debeamus
3435 1127 3559 1189 aut
3594 1120 3939 1213 possimus

1113 1239 1601 1313 infeudationis
1626 1295 1644 1329 ,
1706 1241 2132 1331 collationiS,
2191 1240 2610 1313 venditionis
2669 1263 2792 1313 seu
2852 1241 3289 1334 obligationis
3351 1243 3546 1315 titulo
3608 1243 3929 1315 alienare.

1110 1363 1489 1436 Statuimus
1533 1385 1814 1458 quoque
1875 1373 1944 1437 et
1993 1363 2124 1436 sub
2179 1364 2733 1437 interminatione
2787 1365 3007 1457 gratie
3058 1374 3290 1436 nostre
3354 1364 3660 1437 districte
3709 1367 3938 1460 preci-

1108 1487 1339 1580 pimus
1377 1495 1454 1559 ut
1493 1488 1683 1559 nulla
1724 1510 2031 1582 unquam
2069 1509 2359 1584 persona
2395 1487 2676 1560 humilis
2707 1486 2818 1560 vel
2856 1489 3028 1578 alta,
3077 1488 3534 1560 ecclesiastica
3571 1489 3685 1561 vel
3732 1512 3935 1562 secu·

1111 1609 1307 1698 laris,
1351 1632 1526 1682 ausu
1561 1610 1769 1684 ducta
1809 1612 2166 1684 temerario
2204 1619 2441 1683 contra
2473 1620 2776 1707 tenorem
2827 1609 3036 1701 hujus
3085 1610 3431 1706 privilegii
3462 1619 3531 1683 et
3556 1612 3930 1685 libertatem

1111 1735 1360 1805 factam
1408 1735 1694 1807 ecclesie
1747 1735 2171 1808 Morbacensi
2210 1735 2322 1808 vel
2362 1743 2440 1806 ut
2486 1756 2697 1830 supra
2737 1732 2999 1806 dictum
3049 1742 3154 1805 est
3187 1734 3428 1805 venire
3478 1734 3771 1822 audeat,
3821 1737 3934 1807 vel

1111 1859 1489 1953 dampnum
1542 1860 1605 1930 ei
1646 1859 1717 1929 in
1780 1858 1916 1930 hiis
1972 1869 2091 1929 aut
2133 1879 2508 1952 gravamen
2558 1854 2839 1950 aliquod
2890 1856 3215 1951 irrogare.
3268 1855 3472 1940 Quod
3526 1858 3650 1950 qui
3713 1859 3935 1930 facere

1110 1982 1632 2077 presumpserit,
1681 1981 2222 2075 indignationem
2272 1980 2757 2075 omnipotentis
2802 1980 2921 2052 Dei
2955 1989 3322 2074 nostreque
3357 1978 3781 2051 celsitudinis
3814 1982 3934 2052 of-

1109 2106 1371 2176 fensam
1404 2126 1480 2176 se
1508 2105 1777 2177 noverit
1811 2106 2278 2177 incursurum.

1206 2231 1453 2301 Actum
1490 2229 1683 2324 apud
1719 2230 2139 2321 Hagenowe,
2176 2250 2356 2300 anno
2381 2227 2722 2300 dominice
2754 2226 3239 2299 incarnationis
3263 2227 3355 2298 M.
3376 2225 3771 2298 CC.XXXll
3798 2225 3923 2321 (a),

1112 2352 1335 2446 pridie
1373 2352 1702 2425 kalendas
1723 2353 2057 2445 januarii,
2093 2352 2466 2425 indictione
2501 2351 2767 2445 quinta.

1208 2476 1439 2547 Testes
1486 2475 1589 2546 hii
1634 2487 1796 2547 sunt
1847 2502 1863 2545 :
1911 2478 1989 2546 B.
2043 2476 2459 2549 venerabilis
2511 2476 3028 2568 Argentinensis
3075 2476 3483 2570 episcopus,
3535 2476 3660 2546 Th.
3715 2475 3930 2548 abbas

1108 2599 1494 2686 Lutrensis‚
1544 2599 1625 2669 E.
1664 2599 1881 2671 abbas
1921 2600 2457 2689 Hornbacensis,
2501 2600 2574 2669 C.
2621 2597 2774 2670 dux
2803 2597 2894 2670 de
2919 2598 3160 2688 Tecke,
3194 2600 3279 2669 Η.
3326 2598 3630 2670 marchio
3666 2598 3756 2670 de
3790 2600 3930 2668 Ba-

1110 2723 1245 2796 den
1273 2776 1292 2813 ,
1354 2725 1435 2795 R.
1497 2723 1835 2818 palatinus
1889 2744 2118 2795 comes
2168 2723 2259 2795 de
2304 2724 2676 2815 Twingen,
2741 2742 2968 2793 comes
3021 2722 3403 2793 Willelmus
3454 2722 3659 2792 frater
3706 2742 3921 2807 suus,

1111 2868 1340 2919 comes
1372 2846 1459 2919 A.
1501 2846 1592 2920 de
1622 2849 1979 2945 Hausperg
2011 2848 2138 2945 (b),
2181 2868 2412 2920 comes
2440 2847 2526 2918 A.
2569 2846 2657 2919 de
2695 2846 3103 2939 Rotenberg,
3142 2866 3373 2918 comes
3408 2844 3480 2917 C.
3521 2843 3612 2917 de
3644 2844 3928 2917 Eichel-

1111 2972 1310 3065 berg,
1346 2972 1702 3044 Heinricus
1738 2970 1828 3045 de
1861 2972 2118 3061 Niffen,
2156 2971 2229 3043 C.
2275 2972 2604 3066 pincerna
2637 2969 2726 3041 de
2764 2968 3253 3063 Clingenberc,
3297 2968 3655 3040 Heinricus
3689 2988 3924 3040 came-

1111 3094 1336 3167 rarius
1362 3094 1452 3168 de
1489 3097 1953 3191 Ravensperg,
1996 3093 2376 3190 Liupoldus
2404 3092 2495 3166 de
2523 3092 2959 3180 Grindelach,
3000 3101 3070 3164 et
3104 3092 3217 3164 alii
3256 3093 3726 3187 quamplures,

1908 3578 2134 3640 ANNO
2189 3577 2385 3640 1232.
2416 3610 2501 3626 —
2540 3574 3021 3638 INDICTIONE
3069 3574 3132 3637 5.

1209 4055 1615 4156 HenricuS,
1651 4051 2171 4135 Romanorum
2235 4074 2364 4130 rex
2383 4108 2407 4154 ,
2447 4046 2932 4129 donationem
3003 4068 3235 4152 quam
3309 4051 3522 4150 pater
3592 4064 3776 4121 suus
3848 4049 3923 4120 et
3949 4020 3979 4049 ³

993 4199 1006 4212 ’
1103 4187 1265 4297 ipse
1309 4188 1649 4270 fecerunt
1690 4181 2047 4292 hospitali
2105 4181 2424 4263 Sanctae
2464 4179 2744 4262 Mariae
2796 4176 3436 4259 Theutonicorum
3480 4173 3576 4253 de
3610 4170 3922 4254 ecclesia

1103 4321 1403 4428 Kunitz,
1445 4320 1698 4400 denuo
1733 4315 2159 4417 confirmat,
2196 4339 2352 4396 non
2371 4309 2852 4394 obstantibus
2886 4307 3154 4390 litteris
3173 4332 3309 4415 per
3343 4305 3689 4413 iniquam
3716 4330 3919 4413 sug-

1101 4455 1518 4565 gestionem
1555 4478 1600 4534 a
1638 4476 1719 4532 se
1754 4448 2082 4532 obtentis
2125 4446 2241 4529 vel
2288 4471 2485 4555 quae
2519 4444 2600 4525 in
2635 4451 3024 4552 posterum
3059 4439 3343 4521 fuerint
3377 4437 3753 4520 obtentae.

1182 4641 1268 4723 (a)
1309 4641 1479 4701 Unde
1508 4641 1692 4717 liquet
1717 4637 2012 4697 notarium
2032 4650 2191 4694 anno
2216 4634 2547 4695 nativitatis
2571 4646 2748 4693 usum
2770 4630 2973 4693 fuisse.

1180 4744 1260 4825 (b)
1305 4745 1442 4806 Sine
1468 4742 1649 4804 dubio
1674 4736 1947 4802 albertus
1972 4736 2043 4799 de
2072 4735 2398 4818 Habsburq.
