4842 5802
1160 591 1282 652 596
2210 586 2555 648 HENRICI
2613 586 2950 647 SEPTIMI
3610 592 3772 669 [Anu.
3813 593 3988 654 1232.

1167 724 1622 818 cognovimus
1652 744 1746 796 ex
1775 724 1995 796 relatu
2027 721 2217 818 quod
2252 721 2631 816 prelibatus
2659 722 3028 816 episcopus
3062 721 3156 794 ad
3193 735 3684 798 nocumentum
3718 727 3990 822 predic-

1166 855 1389 919 torum
1427 846 1687 918 civium
1731 855 2122 919 nostrorum
2174 852 2575 939 magnatum
2621 865 2704 916 ac
2763 845 3099 918 baronum
3143 847 3337 941 regui
3383 848 3591 921 vestri
3643 851 3986 923 auxilium

1163 971 1438 1042 invocet
1484 978 1553 1042 et
1595 971 1938 1064 requirat,
1979 969 2440 1041 sinceritatem
2483 976 2783 1041 vestram
2815 990 3141 1063 rogamus
3166 991 3327 1042 cum
3361 972 3687 1045 instantia
3721 983 3791 1046 et
3822 995 3985 1047 mo-

1156 1114 1402 1166 nemus
1429 1101 1774 1188 quateuus
1802 1092 2152 1186 sepedicto
2183 1089 2508 1186 episcopo
2544 1099 2780 1163 contra
2819 1113 2944 1165 nos
2978 1101 3048 1165 et
3092 1095 3406 1167 comitem
3453 1097 3856 1169 Barrensem
3902 1118 3984 1169 ac

1157 1215 1348 1286 cives
1390 1215 1730 1288 Metenses
1780 1215 2048 1286 nullum
2097 1235 2379 1310 prorsus
2421 1214 2787 1286 consilium
2843 1216 2953 1287 vel
3008 1217 3351 1288 auxilium
3402 1218 3816 1314 impendatis
3863 1232 3984 1292 aut

1152 1337 1551 1409 hominibus
1580 1339 1777 1430 regni
1806 1338 2015 1411 vestri
2044 1336 2445 1432 impendere
2477 1337 2915 1430 permittatis,
2970 1340 3294 1413 memorie
3337 1351 3567 1415 nostre
3619 1343 3982 1416 salubriter

1152 1471 1554 1534 revocantes
1589 1461 1780 1555 quod
1790 1512 2526 1533 ..........

1250 1581 1549 1681 [Henrici
1575 1586 1952 1656 litterarum
1974 1585 2124 1677 finis
2149 1585 2412 1655 omnino
2442 1583 2862 1655 desideratur
2891 1584 2951 1681 (l
2971 1582 3056 1681 ).]

1251 1707 1426 1793 Quia
1457 1707 1670 1799 igitur
1697 1707 2007 1802 predicto
2027 1708 2173 1802 regi
2205 1707 2439 1780 stricto
2463 1708 2653 1802 pacis
2669 1717 2740 1780 et
2766 1708 3070 1781 amicitie
3101 1708 3333 1782 federe
3357 1718 3670 1783 tenemur
3692 1711 3973 1799 astricti,

1150 1832 1356 1905 vobis
1386 1833 1802 1907 mandamus
1846 1841 1917 1907 et
1965 1831 2361 1905 inhibemus
2398 1854 2488 1905 ne
2533 1842 2767 1905 contra
2814 1832 3136 1906 eumdem
3175 1855 3406 1928 regem
3445 1836 3554 1907 vel
3592 1834 3978 1931 predictum

1152 1957 1467 2029 comitem
1520 1958 1709 2028 Barri
1773 1978 1897 2028 seu
1955 1956 2145 2030 cives
2190 1957 2526 2030 Metenses
2583 1957 2949 2030 consilium
3001 1957 3112 2029 vel
3163 1958 3505 2030 auxilium
3565 1959 3981 2055 impendatis

1154 2083 1482 2179 episcopo
1518 2090 1913 2154 memorato.

1251 2205 1496 2278 Actum
1556 2205 1746 2300 apud
1801 2207 2124 2277 Sanctum
2173 2204 2590 2276 Germanum
2644 2204 2717 2276 in
2768 2206 2988 2300 Laya,
3058 2226 3242 2278 anno
3291 2206 3565 2279 Domini
3617 2207 3975 2279 millesimo

1157 2330 1627 2403 ducentesimo
1656 2328 2007 2422 trigesimo
2042 2326 2385 2420 secundo,
2427 2349 2664 2400 mense
2691 2328 3034 2420 januario.

1152 2634 1316 2692 modo
1345 2631 1645 2708 [Henricus]
1675 2648 1858 2689 comes
1895 2632 2042 2689 Barri
2073 2632 2385 2706 episcopum
2413 2632 2687 2702 deseruit,
2734 2638 2790 2688 et
2813 2631 3080 2689 mediante
3121 2634 3346 2705 pecunia
3370 2633 3698 2691 Metensssms
3715 2649 3852 2706 quos
3876 2633 3974 2689 im-

1147 2730 1423 2805 pugnabat
1458 2728 1832 2786 recouciliatus
1872 2733 1928 2783 et
1966 2728 2043 2783 eis
2084 2728 2408 2798 associatus,
2447 2727 2615 2784 multa
2641 2734 2820 2785 castra
2855 2728 2976 2784 urbi
3009 2728 3276 2785 contraria
3313 2728 3523 2801 dejecit.
3563 2730 3888 2803 Episcopum
3919 2738 3974 2787 et

1149 2828 1341 2884 ducem
1366 2826 1691 2881 Matthaeum
1715 2829 1963 2896 nepotem
1989 2840 2145 2879 suum
2180 2824 2539 2897 impugnavit,
2573 2824 2743 2881 donec
2764 2825 2871 2881 dux
2902 2825 3018 2898 ipse
3047 2825 3228 2881 relicto
3253 2825 3529 2898 episcope,
3561 2826 3628 2882 de
3655 2827 3973 2883 necessitate

1147 2923 1523 2981 reconciliatus
1545 2927 1632 2978 est
1652 2921 1941 2991 avunculo,
1976 2928 2033 2978 et
2059 2922 2134 2979 ita
2161 2921 2333 2979 sactus
2361 2929 2446 2978 est
2470 2922 2724 2980 metensis
2750 2922 2978 2995 adjutor.
3005 2942 3032 2975 ιο
3055 2923 3315 2979 Amnum.
3345 2924 3687 2980 Tamuronr.
3705 2966 3720 2994 ,
3752 2924 3820 2980 ad
3843 2939 3992 2979 aun..

1151 3022 1323 3090 ⁴232,
1372 3036 1460 3091 ap.
1491 3020 1782 3087 Lmnmrz,
1830 3019 2058 3089 Acce-3⁸„
2107 3026 2237 3076 tom.
2279 3020 2346 3076 11.
2393 3020 2578 3076 Castra
2616 3026 2794 3076 autem
2839 3021 2907 3077 de
2930 3019 3129 3092 quibus
3152 3020 3293 3093 apud
3323 3020 3626 3077 Albericum
3662 3022 3863 3077 mentio
3883 3019 3969 3093 fit,

1152 3122 1307 3174 erant
1331 3116 1473 3171 dicta
1504 3114 1789 3186 Florange,
1835 3115 2018 3188 Virey‚
2052 3115 2363 3172 Neufohatel
2406 3121 2463 3171 et
2495 3117 2691 3189 Saucy.
2730 3116 2896 3174 Paulo
2939 3123 3062 3189 post
3102 3117 3209 3173 dux
3255 3115 3652 3189 Lotharingiae,
3698 3117 3974 3172 Barrensis

1151 3228 1335 3271 comes
1365 3218 1420 3268 et
1455 3213 1724 3270 Metenses
1750 3212 2063 3269 coadunatis
2102 3213 2306 3270 viribus
2339 3221 2576 3270 castrum
2606 3214 2783 3270 Sancti
2810 3213 3066 3270 Germani
3094 3214 3149 3270 vi
3180 3220 3459 3288 ceperunt.
3482 3213 3630 3271 Bello
3657 3220 3835 3270 tamen
3865 3230 3972 3285 quo

1148 3309 1354 3368 tamdiu
1392 3314 1576 3382 partes
1603 3309 1737 3365 istae
1759 3309 2100 3380 ferbuerant,
2128 3310 2254 3367 finis
2277 3327 2416 3367 anno
2454 3311 2592 3368 ⁴234
2622 3310 2869 3383 imposita
2894 3316 2995 3368 est.
3026 3310 3106 3368 Cf.
3136 3312 3462 3382 Ducnsssun,
3490 3310 3636 3366 Hist.
3662 3309 3725 3366 de
3751 3311 3886 3378 Bar,
3916 3315 3973 3366 et

1152 3407 1302 3466 Hist.
1332 3404 1396 3461 de
1425 3407 1567 3462 Μαι
1584 3422 1693 3479 par
1719 3407 1810 3463 des
1832 3407 1990 3480 reliq.
2024 3407 2366 3475 benedictina,
2390 3413 2432 3463 t.
2458 3408 2551 3478 111,
2578 3407 2797 3481 passim.

1224 3504 1295 3575 (4)
1332 3503 1508 3572 Quum
1533 3503 1587 3558 in
1615 3503 1769 3576 copia
1794 3504 1881 3560 bic
1909 3505 2113 3577 legatur
2143 3526 2170 3558 α
2203 3504 2419 3561 dechire
2446 3520 2542 3561 sur
2574 3503 2861 3577 l'original,
2893 3524 2920 3557 n
2945 3521 3115 3578 pauca
3150 3506 3434 3564 admodum
3472 3521 3599 3579 spes
3629 3511 3872 3562 remanet
3905 3505 3973 3563 de

1148 3601 1482 3676 reperiendis
1520 3600 1734 3658 aliunde
1774 3601 2160 3675 chronologicis
2181 3603 2341 3659 notis.
2372 3603 2601 3659 Litteras
2637 3608 2814 3661 tamen
2846 3603 2987 3660 circa
3011 3620 3207 3660 annum
3236 3606 3373 3662 ⁴232
3411 3609 3691 3660 exeuntem
3709 3645 3723 3674 ,
3754 3607 3867 3658 tum
3903 3618 3970 3659 ex

1148 3716 1328 3759 rerum
1365 3699 1506 3756 serie
1525 3742 1539 3770 ,
1567 3706 1682 3755 tum
1717 3716 1785 3756 ex
1814 3700 1934 3774 ipso
1980 3699 2235 3757 Ludovici
2272 3701 2399 3757 noni
2441 3700 2722 3772 mandato,
2768 3718 2876 3759 uon
2915 3702 3096 3775 inepte
3137 3701 3470 3775 reponendas
3509 3715 3628 3757 esse
3663 3715 3966 3757 censemus,

1146 3797 1448 3857 Ludovicus
1488 3798 1651 3868 enim,
1683 3815 1824 3857 anno
1861 3805 2044 3858 nostra
2074 3799 2467 3873 computatione
2492 3801 2631 3858 ⁴233
2659 3799 2894 3868 ineunte,
2926 3799 3069 3874 apud
3101 3799 3356 3858 Sanctum
3389 3797 3715 3856 Germanum
3742 3799 3796 3853 in
3824 3799 3971 3872 Laya

1150 3910 1339 3952 revera
1368 3895 1697 3954 morabatur.
