4842 5802
1208 565 1330 626 968
2122 573 2378 633 INDEX
2426 573 3134 635 DOCUMENTORUM.

1233 768 1450 843 1252

1272 904 1422 972 sept.
1598 895 1854 973 Capuae.
1973 931 2055 943 —
2093 899 2434 960 Hermanno
2469 902 2754 978 magistro
2780 900 3089 976 hospitalis
3113 901 3610 963 'theutonicorum
3635 910 3695 964 et
3722 921 4034 966 successo-

2053 995 2217 1056 ribus
2238 999 2365 1074 ejus
2391 995 2768 1056 medietatem
2811 999 2989 1057 castri
3031 999 3122 1057 sui
3166 997 3540 1058 Muntickelli
3574 1002 3750 1076 Juxta
3774 1000 4028 1061 Radico-

2052 1093 2351 1169 phanum,
2380 1092 2942 1170 Castellumcellum,
2969 1093 3215 1154 Fabrica
3253 1100 3314 1154 et
3352 1093 3702 1155 Crusianum
3736 1112 3874 1156 cum
3901 1114 4027 1158 om-

2051 1187 2224 1248 nibus
2251 1204 2451 1247 earum
2477 1194 2761 1248 terrarum
2796 1191 3183 1265 pertinentiis,
3211 1192 3273 1249 in
3303 1197 3651 1267 perpetuum
3676 1194 3944 1253 concedit
3971 1202 4031 1253 et

2053 1282 2384 1343 confirmat.
3911 1297 4024 1350 392

1248 1386 1285 1436 4
1322 1382 1440 1438 oct.
1559 1371 1899 1456 [Capuaei]
1975 1410 2052 1422 —
2091 1380 2333 1441 Nicolao
2384 1379 2462 1439 de
2504 1379 2763 1439 Bisantio
2820 1383 3181 1456 procuratori
3234 1381 3637 1443 demaniorum
3685 1384 4030 1444 Basilicatae

2054 1476 2293 1536 mandat
2321 1482 2389 1536 ut
2411 1476 2741 1536 Johannem
2785 1476 3056 1536 abbatem
3104 1481 3442 1538 monasterii
3481 1479 3681 1539 Sancti
3729 1480 4030 1541 Michaelis

2052 1573 2126 1632 de
2155 1572 2356 1632 Monte
2382 1573 2642 1633 Caveoso
2683 1580 2743 1632 et
2769 1580 3123 1633 conventum
3152 1575 3280 1650 ejus
3308 1577 3371 1633 in
3398 1576 3820 1650 possessionem
3848 1575 4025 1635 liber-

2054 1673 2244 1727 tatum
2272 1674 2332 1727 et
2359 1670 2585 1745 jurium
2614 1673 3018 1728 revocatorum
3048 1671 3205 1746 apud
3231 1670 3496 1731 Montem
3523 1670 3878 1743 Caveosum,
3907 1671 4025 1732 Po-

2050 1766 2337 1824 maricum
2365 1771 2425 1824 et
2451 1764 2774 1825 Genusium
2802 1767 3091 1825 restituat.
3910 1775 4023 1827 395

1221 1856 1467 1918 octobri.
1566 1855 1896 1940 [Capuaei]
1973 1891 2054 1905 —
2091 1860 2304 1920 Omnia
2355 1859 2513 1921 bona
2576 1860 2652 1921 ab
2706 1877 2821 1921 avo
2874 1878 2982 1922 suo
3033 1861 3329 1922 Friderlco
3380 1862 3412 1920 Ι
3465 1862 3697 1923 indulta
3756 1862 4027 1923 abbatiae

2052 1956 2513 2016 Knechstedensi
2535 1959 2714 2034 Juxta
2753 1958 2909 2017 Zons
2942 1955 3275 2031 confirmat,
3307 1963 3368 2017 et
3410 1973 3542 2017 eam
3582 1974 3720 2019 cum
3762 1962 4025 2035 personIs

2052 2060 2113 2114 et
2139 2052 2313 2114 rebus
2338 2053 2452 2114 sub
2478 2057 2835 2131 protectione
2861 2070 2969 2116 sua
2992 2054 3226 2130 speciali
3253 2056 3477 2130 recipit.
3908 2063 4023 2116 398

1224 2158 1294 2211 15
1324 2164 1464 2211 nov.
1587 2150 1862 2228 Foggiae.
1971 2182 2050 2195 —
2090 2149 2397 2211 Universis
2426 2151 2697 2227 praelatis
2739 2158 2798 2210 et
2840 2151 3134 2211 nobilibus
3170 2152 3336 2228 regni
3374 2151 3746 2229 Burgundiae
3782 2152 4025 2212 mandat

2050 2253 2118 2307 ut
2142 2247 2218 2307 ad
2258 2264 2321 2307 se
2346 2248 2407 2306 in
2437 2249 2593 2307 maio
2619 2250 2891 2324 proximo
2913 2263 3053 2307 cum
3077 2254 3434 2307 armatorum
3474 2248 3753 2307 comitiva
3779 2251 4024 2309 veniant

2048 2351 2108 2403 et
2152 2359 2328 2420 super
2372 2343 2631 2404 subsidio
2677 2342 3009 2403 exhibendo
3053 2342 3267 2403 Calliae
3310 2342 3386 2402 de
3428 2343 3664 2404 Gurzan
3707 2342 4023 2405 efficaciter

2048 2440 2374 2500 intendant.
3903 2451 4019 2500 403

1198 2535 1474 2597 novemb.
1605 2536 1834 2616 Fogiae.
1967 2569 2050 2580 —-
2088 2535 2379 2596 Omnibus
2406 2533 2755 2596 officialibus
2791 2537 2913 2596 suis
2940 2537 3002 2595 in
3029 2551 3211 2612 regno
3236 2533 3467 2595 Siciliae
3508 2535 3753 2597 mandat
3791 2553 3869 2596 ne
3908 2538 4019 2597 ab·

2045 2632 2243 2692 batem
2281 2638 2341 2691 et
2378 2638 2734 2692 conventum
2773 2633 3106 2692 monasterii
3150 2631 3400 2692 Sanctae
3438 2632 3699 2692 Marinae
3742 2632 3816 2692 de
3842 2631 4019 2694 Stella

2046 2731 2109 2788 in
2130 2727 2365 2806 juribus
2408 2735 2469 2789 et
2514 2727 2980 2807 possessionibus
3018 2744 3218 2788 eorum
3255 2727 3561 2788 molestare
3597 2735 3975 2805 praesumant
3994 2774 4013 2804 ,

2045 2826 2355 2904 eldemque
2392 2827 2750 2886 monasterio
2796 2825 3064 2903 plancam
3119 2825 3277 2901 apud
3328 2824 3623 2904 Malorum
3675 2825 4017 2907 confirmat,

2044 2939 2164 2983 non
2190 2923 2461 2983 obstante
2487 2923 2646 3001 quod
2670 2921 3028 2983 Amalfitana
3051 2923 3290 2983 ecclesia
3318 2923 3411 2983 vel
3436 2922 3551 2983 alia
3576 2939 3822 3000 persona
3847 2925 4017 3000 plan-

2043 3034 2143 3079 cas
2165 3036 2303 3079 suas
2329 3022 2394 3078 in
2418 3020 2576 3079 dicta
2596 3025 2751 3079 terra
2779 3019 3013 3079 habeat.
3666 3027 3783 3079 404
3813 3026 3872 3080 et
3899 3029 4013 3080 942

1208 3111 1468 3172 decemb.
1633 3114 1811 3192 Apud
1967 3147 2043 3158 —
2085 3117 2202 3175 Pro
2227 3117 2409 3192 gratis
2438 3117 2690 3175 servitiis
2715 3116 2970 3174 Eccclini
3007 3116 3081 3175 de
3122 3115 3388 3176 Romano
3429 3120 3490 3174 et
3522 3114 3778 3176 Alberlci
3822 3116 4018 3178 fratris

1558 3213 1883 3275 Precinam.
2044 3215 2199 3290 ejuS‚
2233 3214 2390 3288 ipsos
2417 3227 2552 3271 cum
2580 3227 2781 3272 eorum
2809 3211 3143 3272 hominibus
3167 3219 3229 3273 et
3259 3211 3718 3289 possessionibus
3739 3212 3851 3273 sub
3877 3229 4015 3289 pro-

2042 3310 2295 3368 tectione
2322 3323 2430 3367 sua
2456 3306 2690 3383 speciali
2718 3309 2943 3384 recipit.
3895 3318 4012 3369 406

1236 3410 1272 3460 3
1297 3401 1426 3464 dec.
1566 3403 1861 3466 Precinae.
1964 3436 2040 3449 —
2081 3405 2385 3482 Paduano,
2418 3405 2730 3465 Vieentino
2770 3411 2831 3463 et
2854 3405 3162 3465 Tarvisino
3185 3407 3469 3483 episcopis
3496 3404 3762 3466 notfficat
3799 3421 3863 3466 se
3901 3406 4016 3465 Ec-

2039 3502 2290 3561 celinum
2317 3507 2376 3559 et
2401 3500 2741 3561 Albericum
2783 3501 2860 3561 de
2896 3500 3163 3561 Romano
3203 3502 3316 3561 sub
3362 3518 3471 3562 sua
3509 3503 3748 3578 speciali
3780 3509 4013 3580 protec-

2038 3599 2198 3657 tione
2226 3599 2511 3673 recepisse
2527 3640 2546 3670 ,
2576 3603 2637 3657 et
2660 3596 2905 3657 mandat
2935 3599 3020 3657 eis
3046 3603 3114 3656 ut
3139 3599 3473 3658 solemniter
3496 3600 3868 3677 privilegium
3895 3616 4012 3675 pu-

2035 3693 2253 3754 blicare
2274 3694 2546 3753 debeant.
3891 3703 4008 3754 408

1230 3796 1263 3847 3
1294 3787 1423 3846 dec.
1558 3790 1857 3852 Precinae.
1957 3820 2037 3835 -—
2076 3791 2355 3867 Gregorio
2398 3804 2583 3864 papae
2626 3788 2701 3848 de
2746 3787 3052 3848 individua
3092 3790 3305 3850 unione
3349 3789 3656 3851 sacerdotii
3696 3797 3756 3852 et
3781 3793 4009 3869 imperii

2034 3886 2268 3958 scribit,
2299 3886 2556 3945 suadens
2584 3891 2652 3945 ut
2679 3888 3019 3946 commissos
3063 3886 3175 3945 sibi
3220 3893 3280 3946 et
3313 3903 3498 3963 papae
3521 3888 3746 3964 gladios
3769 3891 3833 3948 in
3873 3904 4005 3964 per-

2035 3998 2298 4041 versores
2323 3980 2461 4040 ssdei
2489 3987 2550 4040 et
2575 3980 2817 4041 rebelles
2864 3982 3096 4057 imperii
3129 3984 3486 4042 unanimiter
3512 3989 3833 4056 exacuant,
3864 3986 4005 4042 mit-

2031 4078 2221 4154 titque
2262 4077 2487 4153 legatos
2526 4077 2628 4153 qui
2671 4093 2856 4154 papae
2891 4083 2951 4137 et
2989 4078 3380 4138 cardinalibus
3407 4094 3576 4140 suam
3604 4080 3868 4155 aperiant
3894 4096 4003 4141 vo-

2031 4173 2340 4233 luntatem.
3710 4185 3852 4249 408,
3887 4186 4004 4239 409

1193 4267 1457 4329 decemb.
1616 4272 1793 4348 Apud
1950 4301 2031 4313 —
2068 4270 2165 4330 Ad
2190 4271 2676 4347 supplicationem
2700 4274 3012 4349 praepositi
3041 4279 3101 4334 et
3125 4275 3368 4352 capituli
3409 4275 3607 4336 Sancti
3647 4274 3897 4336 servatii
3940 4277 4006 4335 in

1541 4367 1866 4427 Precinam.
2030 4369 2320 4444 Trajecto,
2352 4366 2726 4444 privilegium
2751 4368 2827 4428 ab
2853 4368 3108 4430 Henrico
3133 4378 3344 4448 quarto
3380 4372 3780 4433 Romanorum
3817 4376 4007 4448 impe-

2026 4470 2217 4524 ratore
2242 4481 2399 4524 anno
2443 4473 2589 4524 1087
2625 4465 2814 4525 eidem
2839 4467 3115 4528 ecclesiae
3135 4468 3467 4546 indultum,
3494 4476 3738 4529 renovat
3762 4476 3823 4528 et
3846 4469 4004 4527 inse·

1205 4529 1429 4605 ¹255
2025 4560 2207 4619 rendo
2235 4559 2567 4620 confirmat.
3709 4573 3850 4642 411,
3887 4572 4001 4624 412

1204 4665 1279 4716 26
1297 4663 1427 4735 jan.
1624 4658 1780 4718 Bari.
1944 4687 2022 4704 —
2063 4657 2158 4717 Ad
2204 4659 2500 4734 querelam
2541 4661 2751 4736 prioris
2776 4659 2976 4721 Sancti
3001 4660 3429 4722 Bar-tholomaei
3455 4661 3530 4721 de
3555 4662 3837 4739 Trisulto,
3862 4663 4007 4736 jus-

1914 4920 1951 4937 ‚a
