4842 5802
840 1159 911 1216 [al
939 1160 1152 1203 octobri·-

813 1213 863 1257 1·
890 1210 1177 1269 novenum]

824 3304 878 3348 1⁶
894 3302 1147 3345 novembri·

877 3355 935 3398 ad
956 3356 1090 3397 finem

1220 601 1344 663 924
2218 604 2654 668 FRIDERICI
2703 603 3052 665 suenum
3661 606 3822 683 [Anu.
3859 605 4030 669 1236.

1335 1148 1526 1230 Cum
1564 1150 1904 1233 marchio
1940 1149 2334 1255 [Estensis]
2373 1161 2450 1232 et
2482 1150 2823 1233 Paduani
2868 1147 3371 1232 communiter
3415 1148 3790 1232 Rivaltam
3838 1175 4035 1261 quae

1223 1290 1337 1361 est
1374 1306 1601 1389 super
1636 1280 1981 1387 Athesim
2024 1282 2493 1388 obsiderent,
2517 1281 2868 1363 Ecelinus
2895 1294 2969 1363 et
2995 1279 3461 1363 Veronenses
3489 1281 3862 1363 miserunt
3893 1307 4033 1390 pro

1222 1411 1576 1494 Federico
1645 1412 2122 1521 imperatore.
2210 1476 2229 1495 .
2262 1476 2281 1495 .
2313 1476 2333 1495 .
2407 1414 2557 1511 Qui
2619 1413 2870 1497 subito
2940 1412 3246 1495 veniens
3311 1412 3434 1521 (1)
3506 1438 3684 1494 cum
3765 1412 4036 1495 militia

1223 1543 1858 1627 Theutonicorum
1895 1556 1970 1626 et
2012 1544 2364 1628 Ecelinus
2408 1572 2583 1628 cum
2637 1545 2922 1653 populo
2982 1544 3395 1627 Veronensi
3431 1545 3851 1653 impetuose
3892 1544 4035 1626 Vi-

1220 1674 1547 1756 centiam
1584 1674 2091 1783 intraverunt,
2133 1703 2456 1787 eamque
2518 1678 2894 1784 capientes
2946 1676 3026 1756 in
3083 1675 3275 1758 festo
3340 1675 3708 1761 Omnium
3777 1675 4030 1757 Sanc-

1220 1815 1475 1889 torum
1537 1808 1938 1890 crudeliter
1990 1809 2575 1892 combusserunt
2626 1808 2780 1919 (2).
2820 1808 3157 1891 Monach.
3207 1814 3469 1888 Patav.
3534 1809 3839 1916 chron„
3898 1834 4021 1916 ap.

1218 1937 1636 2045 Mumroa1‚
1692 1939 2013 2048 script„
2063 1951 2118 2022 t.
2164 1940 2366 2049 VIII,
2406 1967 2485 2050 p.
2528 1944 2715 2024 675.
2748 1987 2858 2002 —
2892 1940 2959 2021 A
3009 1940 3382 2021 Cremona
3426 1941 3665 2022 movit
3715 1940 3838 2023 die
3881 1966 4030 2023 ve-

1224 2070 1427 2152 neris
1465 2070 1598 2180 (51
1639 2071 1975 2181 octobr.)
2014 2082 2089 2154 et
2121 2072 2326 2155 venit
2369 2098 2614 2180 usque
2650 2072 2750 2153 ad
2785 2071 3149 2153 Sanctum
3187 2070 3701 2181 Bonifacium,
3743 2074 3839 2155 de
3873 2098 4028 2182 quo

1218 2213 1431 2311 parte
1465 2202 1895 2310 combusta,
1934 2204 2041 2285 ibi
2084 2230 2320 2312 prope
2361 2204 2786 2310 hospitatus
2830 2212 2970 2284 est.
3021 2265 3040 2284 .
3074 2266 3093 2283 .
3126 2265 3146 2284 .
3200 2203 3617 2311 Imperator
3666 2204 3790 2285 die
3843 2203 4032 2286 sab-

1217 2333 1374 2416 bati
1414 2334 1532 2443 (1⁰
1570 2333 1965 2443 novemb.)
2004 2335 2390 2444 praevenit
2441 2334 2747 2417 eosdem
2764 2396 2787 2440 ‚
2838 2336 3047 2444 quod
3092 2345 3264 2417 ante
3310 2335 3454 2418 fuit
3500 2337 3600 2418 ad
3652 2335 4028 2419 civitatem

1217 2464 1681 2570 [Vicentiam]
1718 2491 1896 2548 cum
1931 2466 2158 2575 pleno
2193 2467 2524 2549 exercitu
2569 2492 2807 2575 quam
2857 2466 3198 2549 marchio
3233 2467 3461 2547 etiam
3511 2467 3887 2550 currendo
3924 2466 4028 2549 ibi

1215 2598 1584 2705 potuisset
1637 2598 1924 2681 adesse.
1988 2602 2305 2681 Gerard.
2358 2598 2671 2682 Mauris.
2735 2596 2908 2680 hist.
2969 2624 3092 2706 ap.
3145 2597 3551 2706 Mum-0111,
3613 2598 4025 2708 scriptor„

1215 2743 1273 2812 t.
1319 2730 1636 2839 V111,p.
1680 2733 1814 2812 44.

3175 3010 3572 3026 ἡ

1325 3280 1740 3386 Imperator
1790 3277 2106 3359 dimisso
2158 3277 2534 3361 Gulielmo
2588 3278 2685 3360 de
2720 3277 3225 3361 Vicedominis
3272 3303 3412 3386 pro
3460 3285 3825 3385 potestate
3878 3274 4025 3357 Vi-

1218 3410 1506 3493 centiae
1556 3409 1725 3492 loco
1760 3407 1919 3514 sui,
1976 3434 2152 3489 cum
2199 3408 2526 3491 exercitu
2586 3409 2791 3492 venit
2852 3409 2931 3490 in
2994 3411 3513 3517 episcopatum
3550 3408 3855 3491 Paduae
3905 3408 4032 3490 die

1215 3544 1345 3628 XV
1400 3541 1834 3627 novembris
1858 3602 1882 3648 ,
1940 3551 2016 3623 et
2083 3541 2499 3624 devastavit
2554 3542 3032 3647 Carturium3
3090 3542 3362 3624 deinde
3426 3541 3525 3622 ad
3582 3540 4029 3624 Citadellam

1215 3687 1290 3759 et
1324 3686 1586 3784 postea
1631 3675 1730 3756 ad
1769 3675 2120 3756 Castrum
2155 3673 2628 3779 Franchum,
2667 3684 2743 3755 et
2776 3673 2882 3756 ibi
2921 3674 3123 3755 stetit
3175 3699 3311 3780 per
3344 3672 3547 3754 diem
3585 3681 3659 3753 et
3694 3681 4017 3754 noctem.

1216 3807 1502 3891 Deinde
1545 3805 1679 3888 ivit
1724 3803 2142 3887 Tervisium
2186 3814 2262 3885 et
2311 3804 2418 3887 ibi
2483 3805 2682 3886 stetit
2740 3830 2875 3913 per
2926 3803 3184 3912 plures
3246 3802 3408 3884 dies
3455 3801 3675 3911 juxta
3738 3801 4030 3886 Fonta-

1294 4122 1365 4196 (⁴)
1407 4142 1434 4176 α
1463 4121 1637 4180 Veluti
1665 4120 1889 4178 hirundo
1916 4135 2015 4194 per
2042 4119 2258 4176 aethera
2280 4119 2547 4177 volitando
2576 4138 2603 4172 ι
2622 4161 2636 4189 ,
2660 4123 2721 4175 ut
2742 4118 2869 4176 dicit
2892 4118 3155 4176 Antonius
3186 4117 3397 4190 GoduS,
3417 4117 3709 4193 imperator
3736 4119 3896 4176 unius
3920 4119 4027 4177 diei

1220 4228 1276 4280 et
1301 4220 1472 4277 noctis
1493 4219 1687 4292 spatio,
1714 4216 1927 4290 triginta
1959 4214 2069 4274 fere
2095 4216 2273 4274 leucas
2296 4232 2419 4273 curn
2454 4231 2552 4274 sua
2584 4215 2771 4273 militia
2801 4216 3076 4289 equitavit.
3108 4217 3177 4274 Et
3197 4217 3326 4274 dum
3348 4218 3500 4290 juxta
3530 4218 3785 4274 Sanctum
3808 4217 4028 4275 Bonifa-

1218 4321 1360 4378 cium
1377 4320 1432 4375 in
1457 4323 1610 4391 prato
1637 4316 1871 4391 Aycardi
1896 4314 2134 4386 sisteret,
2168 4334 2196 4369 α
2223 4320 2431 4371 tantum
2464 4314 2572 4372 illic
2597 4330 2748 4371 mora
2782 4314 2920 4372 sacta
2943 4322 3026 4372 est
3059 4319 3321 4388 quantum
3345 4314 3470 4387 quis
3492 4313 3676 4372 cibare
3701 4330 3895 4388 panem
3929 4330 4025 4388 po-

1219 4417 1320 4474 tuit
1344 4415 1670 4472 festinanter.
1694 4432 1719 4466 υ
1747 4412 1827 4469 CI.
1856 4412 2165 4468 Romnum.
2195 4427 2283 4485 ap.
2311 4412 2602 4468 Manu-on.
2631 4411 2922 4485 Scriptum,
2949 4416 2992 4467 t.
3016 4412 3159 4481 VIII,
3183 4428 3240 4483 p.
3261 4411 3388 4468 207.

1292 4514 1362 4587 (2)
1403 4514 1478 4568 De
1505 4510 1746 4584 captione
1765 4515 1821 4567 et
1852 4509 2259 4584 depraedatione
2280 4507 2577 4579 vicentiae,
2604 4507 2672 4564 cf.
2702 4507 3001 4564 Gerardum
3021 4507 3356 4577 Maur-isium,
3384 4505 3656 4564 oculatum
3690 4510 3900 4571 testem,
3932 4519 4020 4577 ap.

1217 4615 1533 4674 Mnemon.
1552 4610 1843 4682 scriptor„
1864 4614 1903 4664 t.
1936 4606 2082 4678 v111,
2105 4623 2163 4681 p.
2193 4607 2375 4677 ⁴⁴45,
2392 4611 2449 4664 et
2469 4605 2813 4663 Godefridum
2847 4604 3214 4664 coloniensem
3240 4618 3331 4676 ap.
3360 4603 3646 4673 Romu,
3668 4602 3875 4672 Fontoe,
3899 4605 3939 4656 t.
3955 4600 4023 4672 11,

1212 4724 1271 4782 p.
1306 4708 1427 4762 370.
