4842 5802
820 1465 1078 1519 Spigelberg
1088 1496 1103 1520 ‚

835 1520 890 1561 2³
917 1520 1085 1573 aprilis.

1195 612 1318 673 610
2237 617 2580 679 mmmm
2639 616 2976 679 SEP‘run
3641 620 3804 697 [Amr.
3842 620 4017 684 1233.

1295 747 1546 819 Datum
1597 747 1791 843 apud
1835 750 2275 845 Ratisponam
2299 809 2317 841 ,
2357 775 2545 827 anno
2594 753 2941 841 dominice
2990 751 3475 837 incarnationis
3520 752 4013 848 MCCXXXIII,

1195 869 1287 945 1v
1324 869 1488 944 idus
1521 870 1759 968 aprilis
1795 871 1929 969 (t),
1974 873 2390 964 [indictione
2417 877 2574 967 V1.]

2867 1186 3246 1197 „w
3258 1186 3300 1195 nn-
3311 1185 3578 1195 ..η--ιοοαο

1300 1453 1671 1536 Heuricus
1696 1514 1721 1561 ,
1795 1455 2318 1538 Romanorum
2390 1481 2524 1538 rex
2550 1518 2573 1565 ,
2639 1454 2964 1539 Henrico
3030 1454 3588 1539 Constantiensi
3667 1459 4020 1569 episcopo

1193 1587 1539 1669 concedit
1602 1585 2031 1670 libertatem
2098 1589 2586 1673 construendi
2638 1599 2713 1672 et
2788 1587 3126 1676 habendi
3197 1589 3452 1674 forum
3525 1592 4019 1701 septimanale

1193 1718 1273 1799 in
1311 1718 1681 1802 suburbio
1716 1720 1947 1801 castri
1980 1720 2405 1830 Mersburg.

1357 1935 1595 2014 (Inedlt.
1626 1952 1700 1997 ex
1731 1932 2001 1997 Char-tul.
2030 1935 2338 2014 episcopat.
2375 1934 2857 2002 Con-standands,
2891 1932 2995 1995 tol.
3032 1943 3172 2008 106,
3198 1935 3263 1995 in
3289 1933 3529 1996 archivo
3555 1933 4014 2015 Carlsruhensi.)

1289 2123 1411 2212 H„
1450 2122 1576 2195 Dei
1612 2122 1830 2217 gratia
1862 2122 2323 2195 Romanorum
2371 2143 2500 2194 rex
2540 2131 2609 2194 et
2639 2143 2913 2217 semper
2944 2130 3307 2216 augustus,
3357 2122 3698 2195 universis
3741 2123 4016 2217 imperii

1193 2246 1514 2320 fidelibus
1545 2247 1802 2340 quibus
1837 2248 1969 2319 hee
1996 2247 2191 2321 litere
2226 2255 2498 2320 ostense
2524 2247 2801 2337 fuerint,
2835 2248 3126 2341 gratiam
3156 2269 3353 2321 suam
3381 2258 3448 2320 et
3485 2269 3690 2320 omne
3721 2247 4007 2319 bonum.

1190 2370 1265 2442 Si
1319 2370 1574 2444 devote
1618 2370 1817 2443 nobis
1860 2379 1928 2442 et
1962 2369 2255 2443 fideliter
2298 2371 2792 2444 famulantibus
2841 2369 2934 2443 de
2987 2370 3425 2467 providentia
3480 2371 3748 2444 consilii
3801 2371 4014 2445 nostri

1191 2494 1478 2586 gratiam
1540 2494 2006 2589 impendimus
2073 2495 2439 2589 specialem
2462 2548 2483 2586 ,
2546 2516 2686 2568 non
2746 2495 3165 2589 ambigimus
3218 2518 3344 2591 per
3399 2495 3534 2569 hoc
3592 2496 3856 2569 alienos
3921 2493 4015 2568 ad

1102 2632 1107 2635 ·
1187 2618 1606 2713 promptiora
1649 2617 1980 2711 obsequia
2026 2617 2340 2689 invitare.
2384 2617 2560 2690 Hinc
2607 2626 2711 2690 est
2752 2616 2945 2712 quod
2990 2640 3119 2691 nos
3164 2618 3593 2692 attendentes
3636 2619 4016 2714 preclaram

1189 2739 1402 2814 fidem
1439 2750 1508 2813 et
1555 2742 2039 2836 obsequiosam
2091 2740 2530 2814 devotionem
2578 2740 2811 2814 dilecti
2856 2741 3187 2837 principis
3224 2741 3438 2816 nostri
3473 2742 3558 2813 Η.
3601 2740 4018 2815 venerabilis

1188 2863 1723 2939 constantiensis
1769 2864 2122 2961 episcopi,
2159 2864 2451 2958 gratiam
2502 2863 2566 2937 ei
2603 2865 2808 2939 talem
2841 2865 3130 2937 fecimus
3162 2874 3232 2937 et
3268 2863 3590 2938 dedimus
3637 2862 4015 2937 libertatem

1190 2988 1630 3062 construendi
1680 2999 1749 3061 et
1787 2988 2095 3063 habendi
2148 2990 2370 3060 forum
2416 2988 2866 3084 septimanale
2916 2988 2988 3060 in
3022 2989 3358 3061 suburbio
3404 2989 3605 3062 castri
3639 2988 3749 3060 sui
3793 2989 4018 3062 Mers-

1182 3135 1366 3210 purg
1416 3114 1489 3185 in
1559 3134 1645 3186 ea
1695 3111 1818 3186 die
1876 3113 2055 3185 sicut
2110 3111 2200 3185 de
2257 3112 2544 3185 consilio
2600 3133 2730 3185 suo
2776 3111 3060 3186 duxerit
3111 3112 3553 3186 statuendum
3583 3167 3603 3203 ,
3661 3112 3738 3185 id
3786 3113 4015 3208 ipsum

1185 3239 1414 3310 forum
1468 3238 1534 3309 ei
1589 3237 1874 3332 suisque
1928 3236 2441 3310 successoribus
2490 3238 2893 3310 auctoritate
2949 3238 3140 3331 regia
3189 3235 3692 3308 confirmantes.
3738 3236 3889 3320 Qua
3929 3234 4017 3308 de

1186 3377 1264 3429 re
1320 3355 1735 3429 mandamus
1783 3356 1917 3428 sub
1981 3354 2535 3428 interminatione
2598 3355 2816 3449 gratie
2878 3365 3108 3428 nostre
3145 3354 3516 3428 districtius
3562 3354 4016 3449 precipientes

1189 3488 1269 3551 ut
1303 3481 1531 3552 nullus
1583 3480 1674 3553 sit
1724 3480 1848 3575 qui
1885 3478 2294 3571 ,iamdictam
2341 3478 2726 3574 principem
2761 3487 3075 3553 nostrum
3116 3499 3420 3574 suosque
3466 3498 3898 3552 successores
3946 3479 4017 3549 in

1190 3604 1409 3698 gratia
1446 3625 1490 3677 a
1530 3612 1762 3676 nostra
1813 3601 2222 3676 celsitudine
2271 3602 2401 3674 sibi
2454 3603 2617 3675 data
2675 3602 2929 3678 audeat
2979 3601 3322 3697 imffidire
3361 3601 3474 3674 vel
3519 3600 3904 3696 dampnum
3952 3601 4018 3672 ei

1190 3729 1476 3823 suisque
1522 3728 2033 3802 successoribus
2077 3735 2198 3800 aut
2248 3748 2624 3821 gravamen
2673 3724 2959 3821 aliquod
3003 3727 3332 3819 irrogare.
3392 3723 3594 3809 Quod
3662 3724 3787 3818 qui
3841 3744 4020 3796 ausu

1192 3853 1446 3928 ductus
1501 3854 1857 3928 temerario
1909 3855 2132 3926 facere
2180 3852 2710 3948 presumpserit,
2764 3852 2939 3923 iram
2994 3859 3297 3923 nostram
3346 3869 3628 3943 gravem
3669 3847 3920 3919 sentiat
3953 3852 4020 3917 et

1193 3976 1551 4052 offensam,
1590 3974 1703 4050 Ad
1751 3978 1860 4069 cuj
1871 4000 1952 4048 us
2001 3976 2165 4049 facti
2216 3975 2430 4048 nostri
2476 3975 2691 4048 robur
2741 3974 2814 4046 in
2866 3983 3219 4068 posterum
3260 3970 3675 4061 valiturum,
3741 3988 4020 4064 presens

1194 4100 1642 4198 privilegium
1676 4099 2013 4171 conscribi
2048 4110 2116 4171 et
2149 4098 2377 4191 sigillo
2410 4106 2643 4169 nostro
2678 4095 3011 4168 duximus
3048 4092 3392 4185 insigniri.

1296 4224 1472 4300 Acta
1502 4230 1665 4297 sunt
1695 4222 1827 4295 hec
1860 4222 1934 4293 in
1963 4230 2183 4295 castro
2208 4221 2674 4316 Spiegelberc,
2709 4219 2940 4291 multis
2967 4217 3400 4314 presentibus
3421 4234 3717 4308 quorum
3742 4210 4019 4283 nomina

1280 4536 1351 4610 (4)
1387 4535 1555 4592 Notas
1578 4528 1982 4602 chronologicas
2024 4542 2165 4599 quae
2206 4525 2421 4584 omnino
2456 4525 2600 4598 apud
2631 4526 2874 4583 Martene
2905 4524 3293 4593 desiderantur,
3317 4536 3460 4579 nunc
3507 4519 3740 4594 primum
3783 4515 4018 4587 integras

1207 4633 1471 4705 addimus,
1496 4648 1563 4691 ex
1586 4630 1771 4688 notitia
1797 4626 2001 4686 archivi
2024 4625 2267 4683 Vaticani
2297 4640 2385 4699 ap.
2413 4625 2612 4694 Psnrz,
2632 4623 2859 4695 Archiv,
2890 4628 2932 4679 t.
2952 4624 3154 4697 V11,p.
3182 4624 3269 4680 30.
3294 4619 3506 4696 Optime
3532 4616 3676 4675 enim
3702 4622 3818 4673 tum
3842 4626 4022 4671 rerum

1210 4725 1404 4802 ordini,
1434 4735 1549 4786 tum
1571 4727 1745 4784 itineri
1773 4724 1986 4783 Henrici
2008 4722 2149 4796 regis
2176 4722 2515 4779 conveniunt.
