4842 5802
894 694 1088 755 Inmcr.
1122 692 1211 777 9.]
1802 699 2194 761 HISTORIA
2242 698 2833 761 mPLOMATicA.
3593 705 3714 767 853

895 850 1049 898 rum
1085 828 1407 901 noticiam
1433 831 1823 926 principum
1856 834 2195 907 adversus
2248 887 2264 902 .
2323 886 2341 902 .
2404 886 2425 902 .
2479 830 2577 927 (a)
2605 833 2855 906 ducem
2887 831 3161 905 Austris
3198 837 3551 910 materiam
3577 863 3708 935 pu-

892 951 1075 1023 blice
1127 952 1507 1044 questionis
1555 954 1835 1047 afferre,
1894 957 2094 1048 cujus
2134 956 2380 1028 levitas
2453 953 2663 1026 ducta
2717 954 3025 1026 motibus
3080 957 3481 1030 inconsultis
3533 961 3709 1035 adeo

891 1074 1224 1169 processit
1262 1076 1333 1146 in
1368 1076 1751 1169 publicum,
1782 1089 1853 1151 et
1889 1081 2040 1171 ejus
2076 1078 2448 1167 temeritas,
2485 1090 2718 1149 contra
2756 1076 3084 1151 honorem
3123 1089 3431 1152 nostrum
3466 1094 3536 1155 et
3570 1086 3708 1156 im-

891 1198 1061 1291 perii
1092 1197 1494 1291 dignitatem
1535 1203 1744 1274 verbo
1786 1214 1855 1276 et
1901 1224 2109 1299 opere
2149 1212 2513 1291 attentata,
2571 1222 2698 1273 nos
2741 1211 2880 1274 tam
2917 1203 3215 1294 graviter
3260 1209 3702 1299 provocavit,

892 1320 1081 1413 quod
1120 1323 1408 1395 transire
1452 1345 1591 1397 non
1642 1334 2010 1419 possumus
2045 1326 2332 1399 ulterius
2373 1326 2786 1397 incorrectos
2834 1347 2960 1398 sue
3003 1327 3301 1399 levitatis
3348 1351 3700 1403 excessus.

889 1442 1152 1517 Revera
1177 1447 1343 1540 quia
1382 1448 1759 1522 dileximus
1794 1461 2057 1545 patrem
2089 1472 2331 1537 suum,
2373 1450 2618 1522 merito
2650 1450 2914 1543 paterni
2958 1451 3220 1522 servitii
3259 1452 3453 1525 cordi
3506 1456 3704 1527 nobis

890 1576 994 1637 est
1030 1578 1099 1638 et
1134 1590 1298 1640 cure
1343 1571 1413 1641 in
1452 1573 1753 1646 eundem
1805 1574 2054 1647 ducem
2088 1584 2157 1646 et
2205 1571 2427 1644 filium
2466 1575 2616 1665 ejus
2656 1572 2958 1644 favorem
2998 1581 3279 1667 paterne
3319 1574 3706 1648 dilectionis

888 1690 1277 1783 effundere,
1319 1704 1388 1766 et
1417 1696 1849 1770 affectionem
1889 1707 2190 1770 nostram
2225 1718 2391 1790 erga
2421 1717 2628 1767 suum
2655 1694 3093 1768 commodum
3132 1705 3202 1767 et
3229 1696 3559 1770 honorem
3594 1719 3705 1771 os-

889 1815 1171 1888 tendere
1208 1837 1367 1888 cum
1416 1817 1689 1892 effectu.
1733 1821 1972 1915 Itaque
2018 1842 2179 1893 cum
2229 1816 2419 1915 apud
2472 1820 2873 1891 Ravennam
2928 1818 3210 1890 curiam
3240 1819 3699 1896 indixerimus

885 1939 1409 2029 celebrandam,
1474 1943 1883 2015 vocavimus
1933 1945 2199 2039 ipsum,
2268 1943 2450 2014 sicut
2505 1952 2765 2013 ceteros
2819 1941 3195 2036 principes,
3263 1953 3342 2014 ut
3392 1945 3692 2038 veniret,

884 2073 1345 2158 proponentes
1402 2086 1566 2138 eum
1620 2088 1850 2139 amore
1907 2078 2189 2162 paterno
2238 2067 2541 2159 recipere
2591 2085 2673 2136 ac
2719 2065 2977 2136 fovere.
3039 2064 3177 2138 Sed
3223 2067 3465 2159 majori
3501 2079 3696 2163 parte

884 2186 1277 2280 principum
1310 2187 1384 2258 in
1436 2190 1673 2261 multis
1722 2190 2069 2262 laboribus
2110 2201 2180 2262 et
2223 2187 2551 2282 expensis
2596 2187 3039 2259 venientibus
3069 2208 3111 2259 a
3138 2189 3448 2277 remotis,
3501 2190 3691 2285 ipse,

883 2309 1004 2401 qui
1038 2319 1468 2403 opportunus
1493 2312 1734 2384 venire
1768 2323 2064 2407 poterat,
2102 2334 2310 2385 suum
2351 2310 2722 2403 denegavit
2762 2331 3139 2383 accessum.
3178 2311 3444 2384 Deinde
3496 2314 3694 2385 nobis

885 2432 1397 2504 transeuntibus
1431 2433 1903 2528 Aquilegiam,
1966 2456 2125 2506 cum
2174 2456 2335 2506 eum
2386 2432 2644 2505 ibidem
2705 2431 2942 2505 videre
2977 2434 3342 2520 vellemus,
3408 2445 3694 2507 vocatus

880 2556 1119 2628 venire
1152 2556 1503 2650 pueriliter
1539 2559 1907 2630 recusavit.
1947 2557 2153 2643 Quod
2190 2567 2260 2630 et
2300 2578 2462 2644 nos,
2518 2556 2852 2627 habentes
2885 2566 3269 2651 respectum
3297 2557 3390 2629 ad
3416 2569 3695 2652 paterna

766 2667 775 2672 ⁸
881 2679 1196 2766 servitia,
1253 2679 1691 2753 dissimulare
1737 2681 2118 2771 voluimuS,
2172 2681 2370 2753 etatis
2421 2702 2549 2752 sue
2602 2679 2901 2752 motibus
2942 2677 3452 2768 adscribentes3
3517 2684 3690 2776 quin

877 2803 1107 2897 potius
1160 2811 1235 2872 ut
1277 2824 1361 2874 eo
1412 2825 1551 2875 non
1605 2804 2079 2877 recederemus
2131 2804 2394 2891 inviso,
2457 2803 2874 2875 contulimus
2927 2825 3052 2875 nos
3101 2805 3546 2897 personaliter
3597 2806 3690 2878 ad

877 2937 1127 2999 terram
1163 2949 1360 3000 suam
1390 2929 1632 3000 Portus
1666 2929 1920 3001 Naonis
1945 2929 2057 3022 (b),
2095 2951 2306 3022 quam
2332 2929 2630 3001 habebat
2653 2928 2724 2998 in
2753 2928 2926 3000 Foro
2952 2929 3147 3015 Julii3
3191 2938 3260 3000 et
3295 2930 3391 3000 ibi
3426 2952 3686 3003 moram

876 3051 1241 3142 trahenteS,
1263 3052 1577 3123 misimus
1604 3073 1729 3147 pro
1758 3051 2030 3140 eodem,
2052 3063 2129 3123 ut
2150 3053 2209 3124 si
2236 3053 2593 3124 molestum
2623 3051 2755 3123 sibi
2775 3051 2996 3122 fuerat
3019 3051 3090 3121 in
3114 3052 3512 3126 civitatibus
3538 3076 3686 3126 nos·

874 3175 958 3245 tri
994 3175 1265 3268 imperii
1310 3197 1436 3248 nos
1471 3175 1771 3266 vidisse,
1813 3176 1907 3249 ad
1944 3186 2187 3248 terram
2226 3197 2426 3248 suam
2466 3196 2590 3269 pro
2622 3174 2821 3247 nobis
2867 3175 3194 3247 accedere
3233 3197 3370 3248 non
3409 3178 3679 3251 vitaret.

872 3297 1094 3381 Quem
1135 3298 1527 3371 venientem
1566 3301 1940 3372 venerabili
1993 3297 2349 3372 affectione
2388 3299 2801 3393 recepimuS,
2846 3308 3233 3391 satagentes
3267 3301 3332 3372 ei
3371 3302 3585 3373 verbo
3617 3314 3687 3374 et

871 3437 1078 3513 opere
1102 3421 1527 3514 complacere
1545 3447 1564 3507 ;
1590 3430 1847 3492 tantam
1873 3424 2153 3517 insuper
2172 3423 2305 3495 sibi
2333 3423 2623 3515 gratiam
2655 3421 2980 3493 facientes
2998 3421 3186 3514 quod
3205 3443 3332 3517 pro
3349 3424 3683 3517 sopienda

872 3541 1022 3631 lite,
1056 3563 1266 3634 quam
1301 3545 1372 3613 in
1405 3545 1769 3616 exactione
1803 3544 1985 3616 dotis
2010 3542 2314 3643 [sororis]
2346 3566 2474 3617 sue
2507 3543 2689 3616 filius
2721 3552 2954 3616 noster
2976 3597 2995 3615 .
3034 3596 3051 3614 .
3090 3598 3107 3615 .
3143 3543 3232 3640 (c)
3255 3555 3489 3617 contra
3521 3569 3679 3618 eum

861 3666 1018 3755 jure
1039 3673 1107 3736 et
1127 3665 1397 3738 viribus
1420 3668 1819 3758 attentabat,
1837 3677 1992 3741 octo
2011 3665 2113 3764 (d)
2128 3670 2317 3741 milia
2344 3669 2776 3741 marcharum
2793 3667 3232 3762 promisimus
3245 3668 3674 3759 exhibenda;

866 3807 1004 3859 non
1033 3787 1424 3860 omittentes
1456 3789 1519 3861 ei
1549 3790 1942 3863 satisfacere
1973 3790 2063 3863 de
2087 3791 2394 3886 pulchris
2419 3792 2621 3885 equis
2655 3800 2726 3863 et
2758 3792 2911 3863 aliis
2944 3790 3313 3881 donativis,
3356 3813 3439 3864 ac
3456 3793 3677 3866 liben-

865 3909 1127 3982 tissime
1169 3932 1539 4006 procurare
1585 3914 1804 4006 parati
1846 3935 1987 4007 que
2018 3915 2165 3988 suis
2199 3924 2395 4009 grata
2447 3922 2675 3988 essent
2723 3913 3082 3987 affectibus
3120 3923 3188 3986 et
3238 3926 3514 4011 accepta
3532 3970 3553 4008 ,
3608 3929 3680 3989 ut

864 4052 1026 4105 eum
1073 4033 1521 4108 redderemus
1556 4037 1804 4109 nostris
1844 4039 2234 4132 aspectibus
2266 4039 2663 4131 gratiorem.
2699 4038 2932 4133 Nuper
2965 4046 3193 4109 autem
3229 4040 3301 4109 in
3341 4040 3679 4112 Alaman-

947 4257 1030 4336 (α)
1072 4261 1142 4321 In
1164 4263 1464 4338 impressis
1493 4261 1830 4336 Hem-icum,
1852 4265 2028 4341 maie,
2045 4262 2191 4324 dum
2210 4262 2286 4323 de
2310 4262 2607 4323 Fridcrlco
2627 4266 2859 4339 agatur.
2883 4259 2955 4319 In
2980 4258 3280 4320 codicibus
3299 4275 3440 4320 vero
3461 4275 3675 4320 nomen

860 4369 1095 4438 punctis
1120 4367 1437 4443 suppletur.

943 4466 1026 4547 (b)
1067 4471 1183 4547 Ap.
1213 4473 1377 4533 Petr.
1407 4473 1482 4533 de
1507 4472 1648 4535 Vin.
1679 4471 1864 4535 Porto
1888 4473 2064 4548 Nove,
2093 4474 2262 4534 male.
2297 4473 2392 4535 Cf.
2431 4489 2608 4550 supra
2637 4489 2699 4548 p.
2736 4481 2878 4547 363,
2902 4477 3027 4532 not.
3066 4481 3119 4532 1.

941 4573 1016 4650 (c)
1060 4577 1170 4652 Ap.
1216 4579 1375 4639 Petr.
1410 4579 1485 4639 de
1519 4579 1657 4638 Vin.
1702 4577 2031 4655 Com-adm,
2058 4580 2243 4654 male,
2272 4578 2419 4640 dum
2445 4578 2521 4639 ds
2553 4579 2809 4639 Heni-ico
2845 4583 3110 4654 patenter
3140 4584 3371 4657 agatur.
3402 4579 3475 4640 In
3500 4578 3675 4640 codi-

861 4676 1029 4738 cibus
1058 4696 1274 4742 nomen
1302 4686 1541 4760 punctis
1574 4684 1898 4761 suppletur.

946 4780 1035 4863 (d)
1076 4786 1149 4846 ln
1175 4788 1304 4849 cod.
1339 4789 1527 4851 Paris.
1560 4798 1699 4864 ⁴55,
1728 4797 1960 4869 septem.
