4842 5802
1175 628 1297 691 660
2206 630 2552 691 namurci
2602 629 2936 691 sarum
3611 633 3772 710 [Am.
3812 634 3982 698 1234.

1176 771 1400 836 tarum
1437 762 1634 835 nobis
1689 818 1707 834 .
1770 816 1790 834 .
1849 820 1866 836 .
1924 764 2268 838 abbatisse
2294 774 2363 836 et
2392 772 2771 835 conventus
2804 761 3192 833 monasterii
3214 763 3425 834 Vallis
3445 766 3691 839 Sancte
3719 766 3981 859 Crucis,

1177 886 1598 980 presentium
1649 887 2048 960 anctoritate
2096 888 2322 960 locum
2373 888 2604 982 ipsum
2653 895 2720 957 et
2773 904 3099 979 personas
3142 906 3299 956 cum
3345 887 3669 960 omnibus
3721 912 3860 984 que
3914 891 3986 961 in

1175 1008 1675 1103 presentiarum
1699 1009 2052 1102 possident
2090 1019 2211 1083 aut
2243 1012 2312 1080 in
2346 1012 2651 1080 futurum
2685 1006 2889 1100 justis
2931 1008 3157 1080 modis
3190 1016 3511 1102 poterunt
3532 1010 3824 1105 adipisci
3851 1012 3986 1085 sub

1172 1138 1471 1203 nostram
1503 1139 1570 1202 et
1603 1130 1872 1225 imperii
1901 1132 2263 1226 specialem
2291 1132 2678 1227 recepimus
2721 1131 3236 1224 protectionem.
3284 1133 3355 1203 Si
3401 1155 3576 1226 quos
3604 1155 3769 1208 vero
3800 1157 3981 1207 nun-

1169 1252 1310 1325 cios
1368 1275 1493 1348 pro
1534 1254 1680 1325 suis
1730 1255 2249 1327 necessitatibus
2298 1253 2393 1327 ad
2443 1253 2861 1345 colligendas
2909 1253 3315 1326 elemosinas
3367 1256 3439 1326 in
3484 1256 3742 1329 finibus
3788 1260 3983 1353 regni

1168 1376 1381 1447 nostri
1414 1376 1755 1468 miserint,
1798 1378 1929 1449 sub
1961 1378 2201 1450 eadem
2225 1378 2644 1471 protectione
2666 1385 2897 1449 nostra
2917 1377 3283 1471 recipimus
3308 1390 3378 1451 et
3406 1380 3754 1453 conductu
3781 1405 3800 1469 ;
3854 1403 3981 1455 vo-

1164 1499 1380 1571 lentes
1419 1510 1498 1571 ut
1533 1499 1624 1572 ad
1661 1500 1892 1573 omnia
1941 1501 2214 1592 agenda
2249 1522 2376 1573 sua
2407 1521 2762 1593 egressum
2802 1500 3096 1572 liberum
3133 1501 3432 1575 habeant
3463 1514 3531 1575 et
3558 1526 3970 1598 regressum.

1160 1623 1571 1695 Mandemus
1617 1624 1850 1718 itaque
1894 1625 2026 1696 sub
2062 1645 2236 1719 pena
2283 1625 2502 1718 gratie
2546 1634 2774 1697 nostre
2813 1623 3096 1697 firmiter
3141 1627 3591 1721 precipientes
3635 1637 3977 1722 quatenus

1160 1746 1394 1817 nullus
1418 1745 1508 1815 sit
1531 1747 1652 1838 qui
1672 1746 2019 1839 predictas
2040 1747 2462 1820 abbatissam
2492 1756 2560 1818 et
2587 1756 3002 1819 conventum
3040 1749 3433 1820 monasterii
3471 1750 3781 1843 prelibati
3811 1773 3977 1846 pre-

1154 1877 1384 1941 sumat
1418 1868 1529 1940 vel
1563 1868 1816 1941 audeat
1857 1870 2242 1942 molestare.
2286 1869 2490 1954 Quod
2536 1869 2659 1963 qui
2695 1870 2931 1941 fecerit
2964 1870 3230 1942 noverit
3277 1892 3320 1943 a
3362 1872 3737 1964 majestatis
3783 1874 3974 1966 regie

1158 1992 1376 2085 gratia
1411 2013 1487 2065 se
1520 1993 1906 2064 exclusum.

1251 2117 1499 2188 Datum
1529 2115 1718 2210 apud
1751 2116 2195 2208 Nurimberg‚
2253 2115 2436 2187 XVII
2481 2115 2810 2188 kalendas
2850 2116 3043 2208 julii,
3096 2137 3278 2189 anno
3311 2116 3793 2189 incarnationis
3819 2120 3971 2191 Do-

1150 2238 1320 2309 mini
1344 2239 1441 2312 Μο
1458 2238 1584 2311 CC⁰
1605 2239 1942 2310 XXX1111⁰
1964 2292 1985 2329 ,
2025 2239 2399 2313 indictione
2419 2239 2587 2310 vlr.

1249 2777 1617 2859 Henricus
1642 2837 1666 2883 ‚
1724 2777 2244 2860 Romanorum
2307 2803 2439 2859 rex
2465 2839 2489 2885 ‚
2546 2775 2955 2859 Bertholdo
3019 2774 3551 2883 Argentinensi
3615 2777 3963 2887 episcopo

1143 2917 1219 2991 et
1260 2909 1617 2990 ecclesiae
1671 2907 1835 3016 ejus
1889 2909 2266 3018 quidquid
2302 2909 2499 3017 juris
2551 2909 2632 2989 in
2686 2916 2933 2989 castro
2975 2907 3073 2988 de
3120 2908 3379 2988 Tanne
3415 2906 3720 3016 (Thau)
3765 2934 3964 2991 novo

1143 3040 1262 3123 vel
1300 3040 1614 3149 antiquo
1651 3039 1812 3146 ipse
1839 3066 1970 3121 rex
2007 3039 2301 3142 habuit,
2344 3041 2671 3145 confert,
2710 3038 3230 3147 promittitque
3257 3038 3365 3119 eis
3401 3049 3664 3120 contra
3699 3039 3958 3147 impe-

1142 3170 1483 3253 titionem
1520 3170 1577 3252 F
1580 3171 2076 3253 erretensium
2111 3172 2338 3253 etiam
2375 3172 2456 3252 in
2484 3170 2775 3280 judicio
2812 3196 2893 3252 se
2926 3170 3089 3252 fore
3125 3169 3641 3252 favorabilem.

1308 3374 1512 3448 (Edid.
1541 3375 1873 3449 LAeunu,
1904 3374 2155 3435 Histoire
2180 3371 2463 3447 d’Alsace,
2494 3380 2542 3434 t.
2572 3375 2654 3450 11,
2683 3389 2969 3451 preuves,
3000 3390 3063 3451 p.
3097 3371 3225 3452 38.)

1237 3561 1603 3652 Hem-icus,
1646 3561 1769 3633 Dei
1807 3561 2021 3654 gratia
2046 3563 2505 3633 Romanorum
2540 3582 2664 3632 rex
2704 3568 2774 3633 et
2808 3579 3078 3654 semper
3113 3569 3473 3652 augustus.
3506 3557 3616 3630 Ad
3645 3559 3956 3631 notitiam

1141 3685 1573 3778 singulorum
1609 3687 1932 3757 volumus
1966 3685 2325 3779 pervenire
2368 3683 2562 3777 quod
2608 3705 2738 3756 nos
2782 3681 2876 3755 ad
2909 3681 3402 3755 declarandum
3436 3682 3712 3776 plenum
3742 3684 3957 3776 gratie

1140 3819 1374 3882 nostre
1405 3812 1707 3882 favorem
1738 3809 1919 3881 circa
1952 3809 2277 3881 dilectum
2309 3810 2691 3903 principem
2730 3815 3036 3879 nostrum
3072 3808 3151 3876 B.
3194 3804 3767 3899 Argentinensem
3809 3806 3955 3899 epi-

1143 3953 1427 4026 scopum
1459 3943 1527 4004 et
1568 3954 1765 4005 suam
1818 3933 2211 4023 ecclesiam,
2269 3933 2684 4004 contulimus
2723 3941 2793 4001 et
2842 3929 3255 4002 donavimus
3289 3930 3354 3999 ei
3392 3938 3459 3999 et
3501 3948 3627 3999 sue
3672 3927 3956 3998 ecclesie

1141 4055 1477 4149 quicquid
1496 4055 1674 4148 juris
1701 4057 1771 4127 in
1800 4065 2021 4127 castro
2057 4054 2147 4128 de
2172 4058 2403 4126 Tanne
2427 4074 2613 4126 novo
2656 4053 2769 4125 vel
2807 4053 3091 4146 antiquo
3133 4051 3504 4123 habuimus
3554 4048 3665 4120 vel
3700 4047 3955 4119 habere

1141 4177 1581 4272 aliquomodo
1610 4177 2020 4250 videbamur
2053 4188 2124 4248 et
2169 4197 2404 4248 eorum
2434 4174 2877 4271 pertinentias
2907 4175 3289 4246 universas.
3325 4172 3438 4245 Ad
3488 4171 3618 4243 hec
3639 4170 3954 4264 promisi·

1142 4322 1300 4371 mus
1335 4300 1668 4373 adhibere
1713 4301 1871 4372 totis
1918 4298 2279 4373 desideriis
2323 4309 2394 4370 et
2437 4297 2796 4371 conatibus
2831 4317 3112 4390 operam
3154 4296 3498 4366 efficacem
3530 4291 3720 4386 quod
3764 4291 3954 4363 idem

1146 4422 1511 4516 episcopus
1532 4432 1600 4493 et
1637 4421 1923 4494 ecclesia
1946 4442 2069 4492 sua
2103 4442 2310 4516 super
2359 4421 2512 4515 ipso
2546 4428 2764 4491 castro
2800 4429 2869 4490 et
2896 4418 3041 4489 suis
3081 4415 3508 4511 pertinentiis
3547 4414 3639 4487 ab
3676 4414 3952 4509 impeti-

1147 4546 1330 4618 tione
1358 4555 1426 4617 et
1458 4545 1950 4640 conquestione
1989 4544 2372 4617 Ferracensi
2397 4543 2491 4640 (a)
2515 4536 3044 4638 absolvant[ur].
3071 4539 3273 4626 Quod
3295 4540 3349 4613 si
3378 4541 3545 4614 forte
3569 4539 3791 4613 facere
3812 4560 3949 4612 non

1232 4718 1314 4800 (a)
1357 4722 1591 4784 Scilicet
1620 4724 1888 4784 comicum
1911 4721 2156 4783 Fer-reti.
