4842 5802
1216 636 1332 698 746
2209 643 2630 702 r’nmmucl
2674 641 3016 703 sssctmm
3656 644 3813 723 [Aure.
3852 648 4022 710 1235.

1215 771 1486 844 servilis
1505 773 1920 847 conditionis
1940 776 2255 850 homines
2280 778 2352 849 iu
2365 778 2594 849 causis
2623 799 2764 850 non
2791 778 3252 873 superiorum,
3291 777 3419 850 sed
3444 800 3731 852 suornm
3757 783 4027 876 parium

1206 895 1678 970 admittantur.

1310 1019 1384 1091 Si
1423 1041 1588 1093 vero
1619 1030 1810 1116 pater
1844 1032 2058 1111 etate,
2101 1023 2532 1114 infirmitate,
2576 1023 2973 1118 captivitate
3009 1024 3237 1096 aliave
3282 1024 3583 1119 legitima
3629 1048 3838 1101 causa
3891 1029 4025 1101 im-

1215 1142 1490 1236 peditus
1532 1165 1730 1216 suam
1766 1165 1901 1217 non
1956 1147 2203 1241 poterit
2260 1147 2582 1239 injuriam
2632 1147 2987 1240 prosequi,
3053 1147 3305 1242 aliquis
3359 1152 4022 1245 consanguineorum

1211 1267 1428 1361 ipsius
1457 1265 2024 1361 impedimentum
2055 1271 2266 1365 patris
2296 1291 2702 1366 expressum
2735 1271 3121 1363 juramento
3151 1270 3542 1366 declarans,
3582 1274 3676 1348 ad
3706 1274 4021 1348 eamdem

1208 1390 1543 1463 actionem
1580 1390 2133 1486 prosequendam
2175 1393 2424 1466 debeat
2467 1396 2794 1487 tanquam
2836 1403 3029 1489 pater
3072 1392 3387 1486 admitti,
3437 1398 3623 1469 omni
3680 1397 3812 1470 sibi
3860 1399 4020 1491 jure

1209 1535 1533 1587 concesso
1558 1515 1748 1608 qnod
1773 1517 1948 1611 patri
1979 1527 2419 1612 competeret.
2459 1518 2609 1590 Hiis
2634 1518 2957 1590 omnibus
2978 1519 3396 1613 specialibus
3430 1520 3499 1592 in
3524 1520 3766 1594 odium
3785 1532 3855 1595 et
3882 1522 4021 1597 de·-

1210 1640 1631 1711 testationem
1660 1640 1963 1712 criminis
2017 1650 2252 1713 contra
2297 1640 2519 1714 divini
2569 1652 2638 1715 et
2681 1641 2966 1713 humani
2999 1641 3178 1735 J'uris
3219 1646 3603 1719 naturalem
3646 1647 4017 1741 equitatem

1206 1761 1486 1835 admissi
1526 1764 1934 1854 generaliter
1966 1774 2296 1860 perpetuo
2325 1767 2665 1839 valituris.

1305 1889 1425 1962 ⁴2.
1480 1889 1574 1958 De
1597 1888 2203 1981 proscriptionibus.
2235 1889 2574 1962 Penarum
2611 1899 2715 1963 est
2752 1911 2875 1984 pro
2921 1891 3254 1983 qualitate
3293 1892 3681 1964 nocentium
3735 1892 4016 1967 inventa

1202 2010 1591 2083 diversitas.
1622 2009 1821 2083 Unde
1855 2022 1923 2083 et
1938 2013 2355 2107 proscriptos
2384 2023 2714 2107 tanquam
2730 2013 3084 2108 publicum
3111 2014 3373 2087 crimen
3404 2016 3908 2110 prosequimur,
3933 2028 4012 2090 ut

1200 2135 1458 2230 quibus
1489 2135 1876 2209 immanitas
1912 2135 2151 2229 flagitii
2184 2136 2472 2231 patriam
2508 2136 2901 2230 interdixit,
2940 2138 3243 2233 impunis
3277 2138 3484 2211 etiam
3526 2139 3854 2212 inferatur
3881 2143 4004 2213 of-

1203 2262 1417 2334 fensa.
1472 2261 1784 2335 Firmiter
1815 2263 2027 2356 igitur
2058 2271 2128 2335 et
2176 2261 2483 2335 districte
2521 2263 2939 2358 precipimus
2981 2272 3050 2338 et
3083 2264 3450 2337 statuimus
3495 2264 4009 2360 proscriptionis

1199 2387 1600 2459 senteutiam
1635 2409 1676 2460 a
1704 2386 2063 2477 judicibus
2092 2387 2163 2457 in
2191 2387 2360 2458 locis
2396 2394 2659 2458 tantum
2694 2385 2990 2482 publicis
3028 2388 3647 2483 promulgandam;
3682 2410 3810 2462 nec
3840 2387 4001 2485 pro·

1194 2510 1474 2605 scriptio
1508 2511 1882 2601 relaxetur,
1911 2510 2043 2581 nisi
2081 2509 2444 2582 sufficienti
2464 2510 2779 2582 cantione
2810 2509 3141 2605 premissa
3167 2511 3361 2605 quod
3386 2513 3758 2586 satisfaciat
3785 2514 4002 2585 actori

1196 2633 1579 2706 secundum
1605 2632 2169 2706 consuetudinem
2205 2642 2409 2704 terre.
2444 2631 2645 2716 Quod
2674 2632 2733 2705 si
2753 2632 2979 2725 judex
3005 2653 3143 2705 non
3197 2635 3467 2724 fecerit,
3518 2657 3646 2707 nos
3697 2635 4009 2730 requisiti

1187 2757 1495 2849 judicem
1537 2764 1616 2828 ut
1646 2757 1909 2847 jastum
1961 2767 2067 2828 est
2116 2756 2439 2829 eumdem
2492 2757 2884 2851 puniemus.
2927 2756 3092 2828 Item
3129 2756 3435 2830 districte
3478 2758 3895 2853 precipimus
3928 2768 4006 2830 ut

1195 2882 1417 2954 omnis
1436 2879 1662 2971 judex
1687 2889 1824 2951 tam
1848 2881 2166 2974 princeps
2197 2901 2406 2973 qnam
2443 2879 2721 2952 inferior
2755 2880 3013 2952 nemini
3042 2879 3164 2975 qui
3191 2904 3234 2955 a
3262 2881 3751 2976 proscriptione
3775 2881 4004 2956 absol-

1195 3005 1421 3094 vitur,
1465 3004 1728 3077 relaxet
1762 3023 2006 3097 penam
2042 3023 2181 3096 qne
2208 3002 2463 3075 dicitur
2497 3012 2741 3095 wette,
2780 3011 2857 3075 ut
2888 3003 3111 3094 magis
3140 3004 3347 3077 ceteri
3394 3004 3681 3076 timeant
3711 3025 3800 3076 ne
3832 3024 4005 3098 pro-

1196 3125 1681 3220 scriptionibus
1717 3125 2179 3196 involvantur.

1298 3249 1465 3320 Item
1498 3248 1863 3319 statuimus
1892 3259 1968 3319 nt
2002 3248 2427 3343 quicumque
2463 3268 2587 3344 per
2622 3268 2879 3320 aunum
2911 3254 2979 3320 et
3014 3245 3200 3319 diem
3234 3247 3307 3319 iu
3343 3248 3835 3343 proscriptione
3875 3249 4005 3320 im·
4068 3225 4079 3232 ’

1197 3373 1526 3467 peratoris
1565 3373 1967 3467 perstiterit,
2026 3373 2086 3443 si
2131 3380 2319 3445 actor
2364 3369 2457 3443 ad
2505 3372 2706 3465 cujus
2747 3372 3096 3465 querelam
3134 3371 3264 3443 fuit
3290 3371 3708 3467 proscriptus
3740 3371 3832 3446 de
3866 3374 3998 3445 hoc

1200 3497 1427 3592 ipsum
1465 3496 1765 3591 legitime
1788 3497 2161 3570 convicerit
2195 3517 2425 3567 coram
2460 3496 2691 3587 nobis,
2745 3516 2867 3591 per
2899 3497 3305 3568 sententiam
3329 3504 3627 3568 nostram
3654 3497 3919 3570 erenlos
3939 3507 4007 3568 et

1196 3621 1448 3693 rehtlos
1469 3620 1982 3716 pronuncietur.

1293 3747 1464 3816 Item
1501 3747 1925 3839 quicumque
1960 3745 2327 3840 impetetur
2361 3745 2453 3816 ab
2487 3743 2622 3815 alio
2659 3752 3064 3838 provocatus
3094 3742 3186 3815 ad
3223 3743 3530 3816 duellum
3563 3765 3688 3838 pro
3720 3743 4005 3815 crimine

1196 3871 1336 3943 lese
1349 3869 1743 3960 majestatiS,
1769 3879 2093 3962 tanquam
2118 3867 2401 3940 consilio
2414 3868 2522 3939 vel
2539 3865 2804 3939 auxilio
2821 3876 3054 3940 contra
3068 3888 3198 3938 nos
3213 3876 3334 3938 aut
3355 3866 3719 3960 imperium
3733 3866 3995 3959 aliquid

1198 3994 1703 4087 attemptaverit
1727 3994 2120 4081 factiosum,
2161 3993 2220 4064 si
2243 3991 2566 4085 legitimis
2583 3991 2718 4063 sibi
2745 3991 3041 4064 induciis
3069 3990 3348 4084 prefixis
3375 4011 3513 4061 non
3542 3990 3998 4082 comparuerit

1194 4140 1391 4191 suam
1427 4117 1882 4190 innocentiam
1915 4125 2357 4211 purgaturuS‚
2404 4137 2525 4210 per
2549 4116 2951 4189 sententiam
2981 4125 3281 4187 nostram
3331 4113 3598 4185 erenlos
3642 4121 3712 4185 et
3741 4111 3997 4184 rehtlos

1186 4243 1562 4335 judicetur.
1597 4241 1791 4339 [Item
1833 4262 1956 4335 pro
1979 4239 2265 4335 perfidia
2299 4242 2412 4311 vel
2447 4240 2819 4312 homicidio
2845 4239 3037 4334 quod
3069 4237 3321 4309 dicitur
3354 4233 3590 4333 mort.]

1294 4368 1413 4438 ⁴3.
1467 4368 1562 4436 De
1581 4365 1998 4457 proscriptis,
2035 4361 2456 4456 Precipimns
2482 4370 2549 4433 et
2571 4361 2852 4434 firmiter
2880 4361 3270 4433 inhibemus
3296 4359 3560 4452 nequis
3586 4358 3999 4453 proscriptos

1192 4511 1403 4562 mauu
1445 4498 1669 4561 teneat
1704 4488 1815 4560 vel
1847 4491 2140 4559 scienter
2174 4486 2472 4579 bospitio
2509 4485 2812 4578 recipiat.
2852 4483 3052 4568 Quod
3080 4487 3137 4555 si
3173 4484 3407 4556 fecerit
3432 4492 3500 4554 et
3538 4482 3627 4555 de
3659 4482 3791 4554 hoc
3818 4483 3995 4575 legi-

1192 4614 1357 4686 time
1390 4615 1744 4686 convictus
1773 4610 2010 4702 fuerit,
2057 4618 2379 4703 tanquam
2418 4609 2830 4704 proscriptus
2857 4609 3216 4703 puniatur,
3267 4607 3399 4678 nisi
3444 4607 3733 4701 septima
3785 4627 3993 4678 manu

1193 4735 1636 4832 synodalium
1689 4736 2046 4808 hominum
2082 4735 2328 4826 integri
2385 4742 2600 4807 status
2645 4732 3095 4828 ignorantiam
3148 4752 3346 4806 suam
3391 4730 3613 4826 primo
3668 4728 3992 4823 declaret.
