4842 5802
1133 635 1255 697 582
2173 633 2519 696 numum
2568 638 2902 702 SEPTIMI
3573 648 3732 734 [Anu.
3772 652 3950 717 1232.

1133 788 1371 840 norem
1398 773 1705 838 nostrum
1736 774 1808 837 et
1841 763 2060 860 ipsius
2084 764 2390 862 episcopi
2419 766 2512 840 de
2539 776 2722 842 statu
2755 771 3053 847 civitatis
3086 775 3410 850 ordinent
3442 787 3514 851 et
3550 779 3946 877 disponant.

1130 892 1218 966 Et
1252 891 1574 963 volumus
1615 898 1693 962 ut
1730 911 1859 963 vos
1893 889 2145 962 talibus
2179 892 2579 967 eorumdem
2608 894 3159 974 ordinationibus
3183 900 3480 975 sinere„
3521 955 3540 973 .
3603 942 3632 976 .‹
3681 956 3702 977 .
3764 957 3783 978 .

1131 1014 1398 1086 catione
1432 1012 1848 1086 unanimiter
1873 1012 2237 1086 obediatis.

1229 1139 1478 1211 Datum
1516 1137 1705 1234 apud
1735 1137 2205 1212 Frankenfurd
2225 1190 2248 1230 ,
2300 1139 2359 1210 11
2383 1160 2604 1213 nonas
2627 1144 2941 1237 augusti,
2980 1090 3355 1222 indictione
3376 1147 3647 1243 quinta.

1244 1698 1612 1783 Henricus
1628 1763 1651 1808 ,
1712 1699 2231 1784 Romanorum
2273 1725 2446 1808 rex,
2494 1723 2634 1808 pro
2679 1700 2918 1809 gratis
2979 1709 3056 1784 et
3112 1703 3520 1812 praeclaris
3572 1705 3956 1816 obsequiis

1146 1833 1475 1917 Conradi
1531 1832 1830 1916 abbatis
1874 1832 2131 1916 Sancti
2177 1831 2373 1917 Galli
2396 1895 2420 1941 ,
2471 1831 2763 1916 curiam
2810 1858 3031 1927 suam
3074 1836 3281 1945 apud
3327 1836 3714 1923 Griessern
3777 1865 3956 1923 cum

1136 1964 1493 2049 omnibus
1531 1964 1982 2075 appenditiis
2016 1964 2261 2048 eidem
2290 1962 2613 2048 confert.

1302 2174 1512 2255 (Edld.
1549 2174 1873 2253 Nsucnr,
1905 2172 2047 2237 Coa.
2072 2171 2382 2237 Alcmana.
2406 2171 2734 2255 diplomat„
2764 2178 2812 2235 t.
2842 2173 2927 2250 11,
2954 2191 3016 2253 p.
3050 2176 3219 2257 166.)
3353 2164 3358 2173 ’

1235 2361 1359 2450 Η.,
1393 2360 1516 2434 Dei
1551 2361 1772 2455 gratia
1802 2360 2263 2434 Romanorum
2296 2381 2427 2434 rex
2470 2369 2541 2434 et
2574 2381 2845 2457 semper
2869 2370 3252 2456 augustuS,
3302 2362 3644 2436 universis
3688 2364 3958 2459 imperii

1150 2483 1474 2557 fidelibus
1510 2485 1770 2580 quibus
1797 2483 1929 2558 hee
1958 2485 2181 2558 littere
2214 2493 2485 2558 ostense
2517 2484 2770 2557 fuerint
2796 2486 3084 2578 gratiam
3111 2507 3310 2560 suam
3338 2494 3408 2559 et
3435 2508 3640 2561 omne
3664 2486 3950 2561 bonum.

1140 2609 1734 2702 Recognoscentes
1785 2617 1978 2703 grata
2028 2617 2097 2681 et
2148 2608 2460 2704 preclara
2512 2607 2844 2702 obsequia
2882 2629 3022 2703 que
3063 2607 3352 2680 dilectus
3378 2610 3700 2704 princeps
3733 2620 3963 2683 noster

1145 2732 1218 2804 C.
1263 2734 1679 2807 venerabilis
1716 2731 1932 2807 abbas
1972 2732 2202 2805 Sancti
2239 2730 2413 2804 Galli
2456 2731 2713 2826 pluries
2752 2729 2954 2804 nobis
2977 2730 3294 2805 exhibuit
3325 2738 3395 2804 et
3423 2730 3708 2805 exhibet
3735 2733 3959 2808 inces-

1148 2866 1411 2950 santer,
1455 2856 1547 2931 de
1568 2855 1999 2954 plenitudine
2029 2854 2290 2929 consilii
2315 2853 2532 2929 nostri
2560 2853 2975 2928 contulimus
3010 2854 3076 2929 ei
3118 2854 3380 2929 curiam
3421 2862 3721 2928 nostram
3767 2855 3961 2952 apud

1144 2980 1580 3054 Criesserrun
1607 2980 1704 3077 (4)
1732 3002 1892 3054 cnm
1921 2980 2243 3054 omnibus
2281 2977 2700 3078 appenditiis
2722 2979 2902 3073 suis,
2939 2978 3267 3053 videlicet
3299 2978 3731 3071 hominibuS,
3772 2980 3961 3071 agris

1145 3104 1347 3178 cultis
1380 3113 1451 3176 et
1473 3104 1783 3198 incultis,
1825 3105 2071 3199 pratiS,
2125 3105 2436 3201 pascuis,
2482 3104 2682 3198 aquis
2722 3124 3202 3199 aquarumque
3244 3102 3685 3196 decursibus,
3745 3103 3963 3177 libere

1141 3227 1513 3301 tenendam
1564 3237 1635 3302 et
1687 3238 2018 3325 perpetuo
2071 3227 2585 3326 possidendam.
2635 3225 3043 3302 Mandantes
3096 3235 3168 3301 et
3226 3226 3359 3301 sub
3414 3226 3964 3302 interminatione

1153 3351 1369 3444 gratie
1405 3362 1635 3426 nostre
1678 3351 2068 3425 firmissime
2108 3350 2564 3447 precipientes
2609 3360 2687 3423 nt
2724 3352 2957 3423 nullus
2997 3350 3088 3424 sit
3120 3350 3242 3445 qui
3275 3349 3539 3425 dictum
3576 3350 3961 3446 principem

1146 3485 1452 3548 nostrum
1487 3477 1555 3548 in
1587 3476 1923 3572 prelibata
1957 3476 2148 3549 curia
2184 3475 2523 3571 impedire
2560 3474 2818 3549 audeat
2852 3483 2975 3549 aut
3009 3475 3391 3571 dampnum
3423 3475 3492 3548 ei
3536 3475 3650 3548 vel
3700 3496 3962 3569 grava-

1142 3623 1303 3674 men
1346 3600 1633 3696 aliquod
1669 3601 1997 3694 irrogare.
2032 3600 2146 3675 Ad
2182 3601 2381 3693 cujus
2423 3600 2631 3674 etiam
2675 3599 2912 3695 scripti
2948 3598 3164 3673 nostri
3222 3599 3432 3671 robur
3478 3599 3554 3671 in
3604 3608 3962 3694 posterum

1146 3727 1557 3821 valiturum,
1623 3738 2007 3822 presentem
2073 3725 2139 3800 ei
2190 3726 2483 3800 litteram
2546 3724 2883 3799 conscribi
2932 3733 3001 3799 et
3051 3724 3281 3820 sigillo
3337 3732 3568 3798 nostro
3624 3725 3963 3817 jussimus

1140 3849 1482 3943 insigniri.

1237 3975 1486 4050 Datum
1521 3976 1710 4072 apud
1746 3975 2084 4069 Thungen
2127 3974 2201 4046 in
2240 3973 2479 4047 castris
2523 3969 2668 4069 (2),
2720 3971 2845 4045 XV
2896 3971 3229 4045 kalendas
3252 3968 3695 4067 septembris,
3738 3967 3962 4042 indic-

1144 4099 1330 4172 tione
1356 4098 1465 4172 v·.

1142 4282 1247 4295 ...ω-

1218 4382 1291 4457 (4)
1329 4384 1611 4444 Griessem
1646 4379 1903 4455 parochia
1942 4381 2011 4437 ad
2055 4377 2328 4437 sinistram
2357 4376 2530 4436 Rheni
2562 4376 2768 4451 ripam,
2796 4390 2959 4450 supra
2987 4375 3165 4434 lacum
3192 4375 3533 4434 Bodamicum
3564 4374 3621 4431 in
3645 4373 3784 4431 valle
3808 4372 3964 4432 Rhe-

1149 4495 1307 4538 nana.
1339 4480 1634 4553 Neuoartii
1659 4484 1806 4535 nota.
1832 4506 1906 4521 -
1928 4476 2106 4533 Curtis
2142 4474 2440 4546 Cressaris,
2472 4473 2776 4542 Griossoen,
2815 4472 2884 4530 ad
2912 4472 3084 4531 Rheni
3106 4473 3254 4532 littus
3283 4489 3315 4530 e
3340 4472 3560 4547 regione
3584 4470 3766 4545 oppidi
3801 4469 3964 4527 Feld·

1150 4575 1303 4635 kirch
1337 4577 1443 4634 sita
1456 4619 1470 4646 ,
1496 4577 1681 4651 plures
1705 4574 2156 4649 complectebatur
2179 4572 2615 4643 communitates,
2652 4570 2901 4629 videlicet
2932 4570 3258 4645 Montlingen
3273 4611 3289 4643 ,
3321 4568 3582 4628 Oberried
3597 4610 3613 4641 ‚
3643 4567 3961 4626 Kobelwald

1144 4680 1203 4730 et
1224 4679 1462 4731 montem
1488 4675 1689 4731 Kamor
1704 4678 1762 4730 et
1793 4672 1910 4730 loca
1935 4678 2083 4729 trans
2107 4670 2372 4728 Rhenum.
2395 4669 2600 4725 Pertzii
2623 4673 2776 4725 nota.

1220 4771 1294 4843 (2)
1330 4769 1536 4826 Scilicet
1562 4769 1662 4827 Thi
1670 4786 1836 4842 enqen
1862 4769 1916 4826 in
1943 4767 2215 4844 provincia
2233 4766 2376 4824 dicta
2403 4764 2887 4840 Schwarzenberg,
2909 4765 3064 4839 juxta
3087 4762 3377 4824 Walchbut
3397 4762 3469 4820 ad
3492 4754 3767 4822 dexteram
3791 4759 3965 4818 Rheni
