4842 5802
1154 591 1277 655 620
2195 599 2539 663 HENRICI
2588 601 2916 662 SEPTIMI
3596 600 3758 678 [Anu.
3797 601 3968 664 1233.

1157 723 1293 833 qui
1328 733 1633 834 propter
1672 735 1997 809 mortem
2033 729 2271 838 patris
2309 732 2428 813 sui
2471 759 2627 816 non
2662 733 2856 816 bene
2906 730 3272 814 sentiebat
3321 757 3499 814 cum
3541 758 3747 843 rege.
3800 733 3975 816 Dux

1159 867 1416 939 autem
1487 883 1642 939 non
1715 859 1976 942 valens
2049 863 2420 949 sustinere
2480 874 2774 951 tantam
2837 865 3401 949 multitudinem
3462 876 3539 951 et
3602 865 3974 976 impetum

1160 989 1363 1099 regis
1417 998 1492 1071 et
1555 1015 1869 1073 suorum
1896 1054 1921 1100 ,
1997 995 2196 1077 datis
2249 998 2643 1083 obsidibus
2705 999 2912 1084 venit
2982 1001 3081 1082 ad
3151 1000 3610 1083 deditionem
3674 1008 3749 1081 et
3800 997 3977 1080 fecit

1159 1146 1453 1229 pacem.
1504 1126 1770 1204 Annal.
1820 1126 2195 1233 Arqentin.
2258 1154 2381 1237 ap.
2435 1131 2820 1234 Boanum,
2870 1131 3181 1229 Ibidem,
3228 1142 3287 1213 t.
3320 1132 3477 1236 ΠΙ,
3518 1159 3596 1242 p.
3648 1132 3827 1213 107.
3867 1176 3978 1191 -

1160 1253 1431 1337 Postea
1464 1281 1598 1336 rex
1632 1255 2024 1339 Heinricus
2059 1259 2534 1367 imperatoris
2573 1263 2777 1345 filius
2814 1289 2992 1345 cum
3027 1263 3356 1345 exercitu
3394 1288 3679 1372 magno
3714 1270 3979 1344 contra

1163 1388 1438 1469 ducem
1491 1386 1876 1472 Bawariae
1928 1392 2284 1498 perrexit,
2343 1395 2740 1504 coegitque
2773 1420 2947 1477 eum
3005 1396 3214 1503 quod
3277 1421 3357 1477 se
3409 1394 3758 1504 potestati
3796 1418 3980 1475 suae

1164 1519 1502 1603 tradidit.
1554 1520 1838 1602 Hister.
1891 1521 2158 1632 imper.
2213 1552 2337 1635 ap.
2389 1526 2776 1633 Mamm,
2821 1527 3150 1636 Script.‚
3200 1535 3258 1609 t.
3312 1526 3449 1632 ΙΙΙ,
3498 1554 3577 1635 p.
3627 1529 3806 1609 126.
3854 1524 3971 1607 Cf.

1166 1652 1407 1762 Epist.
1447 1661 1677 1735 Henr.
1723 1653 1922 1763 reqis
1961 1660 2063 1735 ad
2107 1657 2433 1768 episcop.
2476 1659 2856 1768 fliedena„
2897 1686 3094 1768 quae
3131 1660 3367 1767 infra,
3408 1662 3460 1739 2
3500 1668 3690 1767 sept.
3738 1659 3970 1739 1234.

2500 1979 2724 1989 ——-·-——
2739 1979 3354 1989 ffl‘-—-—-—————--—
3367 1981 3474 1988 —---
3487 1981 3525 1988 —

783 2269 1078 2378 {faffoffi‚
1269 2266 1671 2371 HenricuS‚
1701 2265 2221 2349 Romanorum
2246 2291 2411 2370 rex,
2432 2263 2814 2376 Rudigero
2838 2267 3260 2350 Pataviensi
3291 2267 3641 2377 episcopo
3666 2270 3982 2350 mandat

748 2377 794 2419 ¹⁰
821 2377 1103 2430 ..pamm
1166 2410 1252 2481 ut
1279 2398 1884 2509 jurisdictionem
1932 2399 2013 2478 in
2078 2398 2415 2479 cometiis
2469 2398 2709 2508 ipsius
2766 2393 2840 2480 et
2892 2399 3248 2481 ecclesiae
3300 2400 3464 2509 ejus
3518 2408 3856 2484 exerceat
3907 2409 3984 2481 et

1164 2532 1559 2614 exercendi
1612 2530 2049 2612 facultatem
2113 2529 2428 2635 habeat,
2478 2557 2633 2612 non
2679 2530 3156 2615 obstantibus
3207 2531 3474 2614 litteris
3528 2559 3728 2643 quae
3790 2559 3984 2642 sup-

1166 2688 1428 2773 presso
1465 2687 1732 2743 earum
1775 2672 2030 2742 tenore
2068 2685 2115 2739 a
2148 2685 2327 2768 rege
2362 2660 2644 2742 fuerint
2677 2661 3145 2769 impetratae.

1336 2878 1528 2959 (Edit.
1560 2894 1660 2956 ap.
1688 2877 1952 2938 Menum.
1982 2877 2167 2952 Boio„
2196 2884 2244 2939 t.
2279 2878 2509 2954 XXXI,
2538 2894 2676 2957 pars
2708 2885 2787 2954 1⁸,
2816 2894 2873 2956 p.
2914 2886 3058 2952 557,
3086 2894 3120 2937 e
3145 2877 3278 2940 cod.
3309 2878 3588 2954 Passav„
3622 2879 3742 2954 ΠΙ,
3775 2887 3875 2943 72.
3905 2913 3984 2926 —

1410 2986 1758 3046 Extractum
1784 2989 1979 3045 autem
2007 2983 2084 3045 ab
2108 2986 2408 3045 Aventino
2433 2986 2497 3043 in
2523 2985 2834 3064 Emer-ptis
2861 2985 3124 3059 Passav„
3155 3001 3250 3064 ap.
3278 2985 3534 3061 Ourna,
3565 2986 3620 3059 Ι,
3652 2993 3791 3059 715,
3819 2987 3904 3058 a.)

1272 3169 1672 3260 HeinricuS,
1734 3169 1861 3241 Dei
1915 3169 2134 3261 gratia
2178 3170 2639 3241 Romanorum
2693 3193 2816 3244 rex
2875 3181 2944 3244 et
2996 3192 3266 3266 semper
3308 3179 3684 3264 augustus,
3742 3169 3990 3243 dilecto

1176 3293 1472 3390 principi
1516 3314 1646 3365 suo
1702 3294 1784 3365 R.
1848 3293 2222 3365 venerabili
2283 3293 2607 3389 episcopo
2663 3295 3049 3368 Pataviensi
3100 3294 3391 3387 gratiam
3440 3315 3639 3364 suam
3684 3304 3752 3364 et
3787 3314 3992 3365 omne

1179 3419 1469 3491 bonum.
1511 3417 1722 3489 Iustis
1769 3417 2147 3512 petentium
2189 3417 2553 3489 desideriis
2591 3427 2727 3490 tam
2782 3419 2985 3511 vigor
3026 3417 3345 3511 equitatis
3391 3439 3518 3489 nos
3558 3416 3826 3489 inducit
3856 3439 3991 3488 an-

1184 3563 1400 3614 nuere
1435 3562 1646 3635 quam
1693 3538 1867 3613 ordo
1918 3539 2136 3632 exigit
2179 3540 2483 3611 rationis.
2519 3542 2894 3636 Eapropter
2947 3541 3253 3637 petitioni
3309 3550 3425 3614 tue
3465 3550 3659 3633 grato
3708 3562 3992 3612 concur-

1184 3672 1412 3737 rentes
1448 3686 1767 3753 assensu,
1806 3663 2219 3735 mandamus
2252 3663 2377 3734 tibi
2412 3686 2536 3758 per
2571 3664 2859 3757 gratiam
2895 3673 3196 3737 nostram
3232 3662 3517 3734 firmiter
3539 3663 3992 3758 precipientes

1188 3784 1321 3885 [ut]
1339 3787 1887 3878 jurisdictionem
1923 3794 2106 3858 tuam
2136 3786 2208 3856 in
2233 3786 2557 3858 comeciis
2582 3788 2718 3858 tuis
2749 3796 2817 3858 et
2842 3787 3129 3859 ecclesie
3147 3795 3290 3876 tue,
3317 3785 3629 3858 faciendo
3647 3784 3992 3875 judicium

1190 3920 1258 3984 et
1264 3911 1602 4004 justitiam
1630 3932 1674 3983 a
1702 3919 1768 3983 te
1793 3910 2321 4003 requirentibus,
2353 3932 2677 3983 exerceas
2697 3920 2766 3982 et
2798 3910 3169 3983 exercendi
3196 3910 3454 3981 habeas
3468 3909 3756 3979 liberam
3779 3907 3991 3977 facul·

1192 4043 1439 4124 tatem,
1472 4055 1613 4107 non
1648 4032 2076 4106 obstantibus
2105 4033 2344 4105 litteris
2375 4055 2514 4127 que
2553 4055 2918 4129 suppresso
2943 4034 3191 4107 harum
3216 4041 3453 4105 tenore
3485 4052 3529 4103 a
3576 4036 3810 4101 nostra
3848 4047 3995 4098 ma-

1184 4160 1430 4251 jestate
1449 4157 1702 4229 fuerint
1728 4157 2109 4251 impetrate.

1292 4284 1545 4356 Datum
1597 4300 1781 4352 anno
1830 4279 2173 4352 dominice
2237 4279 2719 4353 incarnationis
2777 4280 3261 4368 MCCXXXJH,
3323 4276 3397 4348 in
3469 4271 3708 4346 castris
3766 4272 4000 4343 Ratis-

1201 4429 1381 4505 pone
1415 4405 1557 4503 (t),
1597 4403 1915 4477 kalendis
1942 4403 2383 4499 septembris,
2417 4404 2788 4478 indictione
2818 4406 2933 4478 Vl.

1275 4713 1349 4789 (⁴)
1388 4714 1468 4770 Ex
1488 4713 1681 4771 litteris
1701 4713 1971 4772 Bertholdi
1994 4713 2394 4787 Argentinensis
2408 4713 2647 4788 episcopi
2671 4712 3033 4772 visitatoribus
3053 4709 3389 4787 Apostolicae
3412 4705 3567 4766 Sedis
3592 4718 3754 4779 super
3777 4702 4006 4760 claustro
