4842 5802
843 634 1043 694 Immo-r.
1077 630 1170 708 9.]
1743 626 2135 689 HISTORIA
2183 624 2769 687 DIPLOMATICA.
3545 626 3667 690 889

844 761 1371 857 benbergensis,
1429 763 1500 832 S.
1565 759 2076 855 Ratisponensis
2132 759 2506 855 imperialis
2558 760 2716 832 aule
2768 758 3251 846 cancellarius,
3309 759 3390 831 R.
3449 760 3661 833 Pata-

841 888 1099 962 viensis
1121 940 1141 977 ,
1198 885 1273 957 C.
1341 883 1795 976 Frisingensis
1867 892 1939 955 et
1995 884 2081 955 Η.
2144 884 2613 955 Seccowensis
2670 882 3018 979 episcopi,
3066 883 3152 953 Η.
3209 882 3513 955 marchio
3566 883 3657 957 (16

840 1010 1112 1100 Baden,
1150 1011 1233 1080 Η.
1279 1028 1509 1080 comes
1554 1006 1908 1096 Senensis,
1955 1005 2030 1077 C.
2069 1005 2526 1079 burchravius
2569 1005 2660 1078 de
2702 1005 3141 1097 Nurnberch,
3200 1005 3273 1077 C.
3331 1006 3658 1101 pincerna

842 1130 933 1202 de
964 1128 1361 1200 Winterstet
1393 1135 1462 1197 et
1488 1123 1815 1197 Gerlacus
1853 1124 1943 1197 de
1971 1124 2343 1218 Butingen,
2381 1133 2454 1198 et
2485 1125 2603 1198 alii
2636 1125 3104 1218 quamplures,

937 1254 1187 1324 Datum
1237 1249 1428 1347 apud
1478 1249 1769 1339 Werde,
1832 1270 2014 1320 anno
2068 1248 2417 1322 dominice
2465 1250 2950 1321 incarnationis
3002 1249 3098 1321 Μ.
3129 1249 3253 1321 CC.
3282 1249 3500 1321 XXX.
3528 1250 3654 1338 vl,

841 1402 1078 1455 mense
1100 1380 1283 1473 julii,
1319 1399 1500 1451 none
1527 1376 1946 1450 indictionis,

1283 1681 2605 1695 —w—m-——m—fflffl
2614 1681 2727 1689 ..ι-ι-
2736 1681 3221 1690 ψ--ω---

946 1944 1408 2049 Fridericu5‚
1448 1942 1971 2026 Romanorum
2007 1940 2447 2049 imperator,
2490 1941 2891 2024 Gebhardo
2926 1943 3021 2024 de
3057 1943 3413 2025 Arnstein
3450 1971 3665 2027 nun-
3763 1944 4026 2048 ,„ffi‚

839 2077 978 2158 tiat
1031 2103 1149 2181 se,
1206 2076 1380 2157 licet
1444 2082 1775 2183 quatuor
1834 2074 2203 2156 exercitus
2266 2073 2346 2154 in
2403 2072 2791 2155 Austriam
2846 2075 3394 2180 transmiserit,
3454 2103 3660 2159 nunc
3799 2051 3848 2092 ¹¹
3873 2051 3997 2103 ’ω

838 2234 1015 2290 cum
1060 2208 1395 2290 maximo
1429 2214 1822 2314 potentatu
1857 2231 2120 2289 versus
2155 2206 2452 2287 Italiam
2490 2205 2589 2287 ab
2627 2206 2975 2315 Augusta
3010 2216 3258 2288 castra
3295 2232 3433 2290 sua
3469 2234 3656 2291 mo-

838 2366 1037 2448 vere,
1080 2341 1579 2447 hortaturque
1617 2339 1816 2419 utin
1860 2365 2000 2422 suo
2042 2339 2342 2421 servitio
2378 2338 2871 2422 confortetur.

999 2566 1242 2645 (Inedit.
1286 2584 1362 2628 ex
1399 2567 1602 2627 codice
1629 2568 1857 2626 Musaei
1895 2566 2160 2626 Britann.
2201 2566 2519 2626 HarleIano
2563 2575 2749 2645 3678,
2790 2567 2890 2628 fol.
2934 2575 3001 2627 21
3046 2573 3227 2640 recto,
3257 2571 3426 2645 quus
3460 2569 3656 2630 docu-

1074 2676 1257 2732 menti
1298 2672 1702 2750 apographum
1743 2673 1835 2731 vir
1863 2673 2131 2750 egregius
2159 2671 2242 2732 M.
2277 2671 2481 2731 Amarl
2496 2713 2514 2745 ‚
2555 2688 2741 2748 nuper
2772 2673 2850 2732 ab
2885 2673 3105 2751 Anglta
3143 2689 3443 2752 reversus,
3482 2675 3655 2737 nobis

1080 2775 1344 2855 detulit.)

929 2971 1073 3058 Fr„
1114 2969 1237 3042 Dei
1273 2967 1496 3062 gratia
1533 2968 1993 3040 Romanorum
2040 2967 2408 3063 imperator
2452 2989 2724 3063 semper
2760 2982 3128 3062 augustuS,
3173 2974 3545 3048 Jerusalem
3583 2986 3655 3050 et

832 3094 1059 3165 Sicilie
1113 3115 1275 3183 rex,
1337 3090 1701 3165 Gaboardo
1759 3089 1850 3162 de
1895 3091 2267 3163 Harnesten
2329 3090 2516 3163 fideli
2570 3112 2698 3164 suo
2754 3094 3041 3185 gratiam
3089 3118 3288 3168 suam
3330 3107 3398 3170 et
3445 3119 3650 3174 omne

831 3217 1118 3288 bonum.
1162 3217 1420 3287 llariter
1466 3223 1535 3287 et
1577 3215 1876 3307 benigne
1915 3214 2299 3308 recepimus
2341 3224 2460 3285 tue
2496 3213 2883 3288 devotionis
2932 3218 3185 3290 litteras
3230 3229 3460 3294 nostro
3507 3227 3649 3296 cul-

832 3339 999 3409 mini
1049 3338 1423 3411 destinatas
1476 3345 1546 3409 et
1602 3358 1839 3409 earum
1895 3345 2197 3408 tenorem
2244 3337 2714 3411 intelleximus
2768 3338 3129 3433 diligenter
3169 3343 3362 3436 qnod
3419 3349 3649 3418 conti-

832 3462 1127 3533 nebatur
1158 3462 1228 3531 in
1261 3461 1362 3532 eis
1394 3480 1668 3531 rumore
1696 3468 1895 3531 tenus
1929 3460 2066 3532 dici
2099 3482 2223 3553 per
2259 3460 2741 3533 Lombardiam
2781 3463 2971 3555 quod
3003 3464 3180 3536 facta
3213 3464 3491 3540 Austrie
3522 3491 3649 3542 nos

834 3583 1134 3655 debeant
1164 3583 1615 3677 personaliter
1640 3583 1962 3654 retinere.
1989 3583 2278 3655 Noveris
2312 3593 2384 3655 et
2409 3584 2587 3656 scire
2620 3586 2830 3656 facias
2852 3587 3213 3659 universos
3244 3588 3460 3681 quod,
3489 3591 3648 3664 licet

830 3708 947 3780 1111
1012 3707 1357 3780 exercitus
1410 3704 1962 3778 ordinaverimus
2015 3707 2087 3776 in
2131 3704 2480 3777 Austriam
2538 3708 3104 3798 transmittentes,
3161 3711 3645 3790 nichilominus

831 3854 989 3902 cum
1033 3830 1341 3902 maximo
1378 3839 1731 3924 potentatu
1771 3829 1885 3901 die
1923 3828 2195 3902 veneris
2227 3829 2321 3900 XI
2360 3829 2616 3901 mensis
2645 3831 2979 3925 presentis
3009 3833 3167 3923 julii
3203 3835 3293 3907 ab
3329 3836 3641 3931 Augusta

829 3976 1189 4026 movemus
1227 3954 1513 4026 feliciter
1565 3963 1787 4025 castra
1837 3962 2103 4043 nostra,
2154 3973 2394 4024 versus
2441 3953 2701 4025 Italiam
2752 3954 3070 4028 felicibus
3112 3960 3441 4054 auspiciis
3484 3986 3641 4057 pro·

828 4087 1167 4170 perantes.
1213 4078 1402 4149 Scias
1442 4077 1723 4171 insuper
1767 4077 1957 4170 quod
1990 4096 2115 4170 pro
2143 4076 2563 4147 exercitibus
2591 4076 2821 4147 missis
2854 4078 2926 4148 in
2961 4079 3335 4168 Austriam,
3379 4086 3637 4158 nedum

824 4202 1013 4294 quod
1072 4202 1447 4273 minoratus
1506 4201 1595 4271 sit
1648 4221 1977 4272 numerus
2038 4199 2330 4269 militum
2385 4220 2545 4269 cum
2595 4199 2851 4291 quibus
2902 4200 3112 4295 Alpes
3168 4205 3637 4300 disposuimus

826 4346 1148 4419 prospera
1184 4333 1366 4396 sorte
1399 4324 1720 4414 transire,
1757 4325 1967 4395 immo
1998 4322 2239 4417 pocius
2288 4323 2538 4413 crevit,
2588 4332 2664 4393 ut
2701 4332 2934 4418 pateat
2981 4326 3327 4401 universis
3376 4341 3634 4407 tantam

824 4448 1089 4541 imperii
1141 4469 1294 4520 6666
1332 4449 1699 4541 potentiam
1747 4445 1937 4540 quod
1985 4446 2294 4518 diversos
2327 4446 2675 4518 exercitus
2721 4447 2947 4521 facere
2991 4472 3357 4544 possumus
3402 4465 3471 4527 et
3507 4457 3634 4531 ha-

823 4568 1010 4641 bere.
1029 4572 1130 4641 Tu
1166 4571 1374 4664 igitur
1400 4592 1559 4641 cum
1587 4570 1917 4665 premissa
1945 4569 2237 4640 militum
2268 4569 2589 4640 comitiva
2621 4569 2690 4639 in
2715 4580 2945 4643 nostro
2976 4574 3268 4647 servicio
3295 4580 3628 4654 conforte-

824 4687 917 4758 ris
939 4696 1007 4759 et
1031 4688 1237 4761 etiam
1258 4711 1395 4781 que
1416 4699 1726 4762 nostrum
1759 4698 1826 4761 et
1857 4688 2127 4782 imperii
2160 4687 2488 4759 honorem
2520 4683 2640 4786 [et]
2673 4691 3154 4765 exaltationem
3181 4711 3630 4789 promoveant

983 4811 1084 4872 IV.
1129 4827 1241 4871 rm
1265 4830 1308 4872 2.
3202 4826 3310 4878 112
