4842 5802
850 636 1048 698 Innrcr.
1088 637 1209 715 10.]
1745 635 2145 699 HISTORIA
2183 638 2775 702 DIPLOMATICA.
3549 641 3670 702 923

853 772 1099 843 nostris
1133 778 1451 865 respectu
1500 769 1683 840 illius
1724 770 1976 862 injurie
2010 782 2418 869 reputantur
2454 795 2592 868 que
2631 775 2927 849 Creatori
2966 788 3192 848 nostro
3240 777 3311 847 in
3347 776 3479 848 hoc
3513 778 3670 849 evi-

852 894 1124 968 dentius
1166 895 1537 987 irrogatur,
1588 894 1780 987 quod
1825 896 2043 969 turbis
2095 897 2570 994 undicumque
2624 901 2927 972 collectis
2971 898 3285 972 crucifixi
3342 898 3552 973 fidem
3600 913 3669 973 et

851 1039 1100 1091 nomen
1150 1017 1426 1113 publice
1478 1015 1820 1111 predicari
1851 1039 1941 1092 ne
1975 1041 2114 1113 qua
2150 1044 2242 1094 ex
2296 1023 2428 1096 hoc
2463 1033 2585 1097 tuo
2617 1025 3016 1118 contingant
3053 1044 3267 1119 regno
3304 1024 3667 1119 dispendia

851 1162 990 1212 non
1018 1140 1446 1236 permittens,
1465 1142 2050 1233 recuperationem
2080 1146 2284 1219 Terre
2312 1148 2557 1227 Sancte
2593 1157 2661 1220 et
2692 1147 2914 1218 crucis
2945 1148 3295 1242 negotium
3328 1147 3662 1242 impedis3

851 1261 942 1334 ad
980 1263 1179 1354 cujus
1224 1262 1883 1343 consummationem
1922 1276 2156 1341 contra
2194 1270 2556 1341 consilium
2593 1278 2789 1342 tuum
2824 1269 2913 1342 de
2947 1271 3148 1342 bonis
3185 1280 3459 1347 tuorum
3503 1291 3669 1342 con-

851 1385 1012 1457 ferri
1041 1382 1351 1457 fidelium
1387 1385 1763 1459 interdicis.
1809 1388 2144 1472 Quocirca
2193 1392 2673 1481 celsitudinem
2707 1405 2894 1466 tuam
2926 1394 3302 1489 rogandam
3338 1393 3670 1468 duximus

853 1516 923 1579 et
970 1507 1383 1583 monendam
1416 1520 1758 1603 quatenus
1792 1513 1923 1584 sub
1957 1516 2215 1607 potenti
2248 1537 2460 1589 manu
2496 1502 2631 1589 Dei'
2667 1517 2780 1590 oui
2831 1518 3015 1590 clara
3057 1528 3221 1591 sunt
3268 1519 3671 1597 abscondita

854 1631 1314 1720 tenebrarum,
1344 1633 1445 1704 sic
1468 1631 1814 1706 humiliari
1851 1658 2197 1731 procures,
2231 1640 2332 1710 sic
2356 1662 2595 1712 omnes
2621 1661 2872 1736 sponse
2905 1663 3033 1714 sue
3063 1641 3350 1733 injurias
3385 1644 3669 1717 studeas

853 1753 1222 1827 emendare
1253 1755 1443 1847 quod
1482 1766 1546 1826 te
1583 1757 1806 1853 taliter
1831 1760 2171 1833 exaltasse
2207 1783 2366 1833 eum
2407 1785 2849 1857 nequaquam
2888 1765 3193 1859 peniteat
3241 1775 3311 1838 et
3354 1788 3479 1839 sue
3522 1790 3670 1840 ma-

844 1878 1109 1971 jestatis
1148 1878 1383 1950 oculos
1433 1900 1474 1950 a
1524 1879 1659 1950 tuis
1705 1882 2140 1975 processibus
2196 1906 2333 1956 non
2389 1896 2691 1976 avertat,
2744 1908 3007 1981 nosque
3056 1888 3147 1961 de
3201 1888 3668 1985 imperialibus

853 2001 1272 2096 profectibus
1303 2002 1647 2094 possimus
1683 1992 1821 2073 non
1856 2004 2192 2079 immerito
2228 2007 2299 2077 in
2328 2009 2620 2080 Domino
2655 2009 2957 2103 gloriari.

948 2123 1198 2194 Datum
1233 2124 1467 2214 Reate,
1504 2125 1572 2195 X
1607 2125 1938 2200 kalendas
1968 2130 2389 2219 novembris,
2433 2131 2872 2226 pontificatus
2897 2136 3105 2207 nostri
3139 2156 3321 2208 anno
3355 2138 3443 2208 X.

2652 2434 3240 2449 -mm-——o—-o-

960 2699 1437 2810 [Imperator]
1505 2706 1640 2790 ivit
1690 2709 2024 2793 Brixiam
2097 2740 2234 2823 per
2283 2716 2776 2801 Mantuanam
2838 2722 3099 2804 omnia
3158 2725 3620 2810 devastando
3642 2788 3667 2831 ‚

853 2841 928 2913 et
980 2833 1253 2919 deinde
1328 2839 1783 2924 Cremonam
1806 2906 1829 2950 ,
1907 2855 1982 2927 et
2052 2844 2159 2929 ibi
2213 2849 2499 2932 mansit
2549 2877 2685 2961 per
2736 2863 2983 2937 totum
3046 2881 3387 2940 mensem
3442 2870 3670 2942 octo-

853 2962 1011 3045 bris
1067 2965 1218 3076 (1).
1302 2972 1644 3055 chronic.
1707 2982 1968 3058 Patav.
2032 3004 2156 3088 ap.
2208 2980 2614 3090 MunArom,
2661 2987 2903 3095 Antiq.
2962 2993 3140 3070 Ital.
3201 2995 3391 3072 med.
3453 2991 3660 3089 aevi,

850 3105 905 3176 t.
951 3096 1080 3205 IV,
1120 3126 1198 3207 p.
1250 3105 1482 3187 1155.
1515 3152 1626 3168 —
1660 3107 2075 3218 Imperator
2111 3117 2527 3221 procedens
2564 3118 2768 3200 ultra
2810 3119 3147 3203 Brixiam
3191 3123 3674 3231 pertransivit

850 3237 925 3309 et
986 3254 1068 3311 se
1121 3257 1299 3314 cum
1357 3260 1498 3318 sua
1532 3249 1755 3348 gente
1791 3239 2067 3325 locavit
2127 3254 2203 3328 et
2261 3248 2517 3354 posuit
2577 3250 2657 3330 in
2727 3251 3099 3336 Cremona
3122 3316 3146 3362 ,
3205 3256 3339 3340 ubi
3393 3257 3674 3339 mansit

851 3381 1099 3466 usque
1168 3389 1305 3470 per
1376 3391 1715 3450 mensem
1788 3372 2119 3455 octobris
2193 3380 2601 3485 sequentiS.
2660 3382 3097 3493 Romnum„
3144 3386 3280 3469 lib.
3342 3387 3482 3495 III,
3540 3415 3663 3499 ap.

851 3487 1224 3573 Monimou.
1298 3500 1711 3608 Scriptor.,
1793 3512 1849 3583 t.
1911 3504 2105 3614 VIII,
2169 3536 2246 3616 p.
2310 3513 2495 3591 207.
2548 3558 2654 3575 -
2699 3516 2958 3624 Legati
3014 3518 3231 3601 Urbis
3303 3530 3378 3603 et
3440 3521 3671 3605 totius

851 3618 1354 3709 Lombardjae
1405 3640 1482 3711 et
1534 3629 1848 3715 Tusciae
1905 3631 2020 3718 ‘ad
2071 3637 2606 3746 imperatorem
2655 3643 2968 3731 vadunt.
3040 3651 3294 3734 Mense
3337 3654 3669 3738 octobris

853 3778 946 3834 ex
981 3767 1195 3862 parte
1236 3760 1665 3846 Casinensis
1700 3780 2115 3880 conventus
2161 3775 2260 3856 ad
2304 3800 2484 3858 eum
2537 3805 2843 3889 quoque
2886 3784 3042 3866 duo
3088 3786 3472 3869 vadunt...
3519 3789 3668 3886 Qui

852 3895 1105 3968 tamen
1161 3915 1339 3972 cum
1395 3893 1721 3978 aliarum
1776 3893 2062 3984 nuntiis
2116 3904 2506 3989 civitatum
2561 3937 2803 4020 usque
2869 3903 3320 3999 Cremonam
3383 3946 3666 4028 proce-

850 4018 1115 4101 dentes
1159 4032 1234 4104 et
1286 4024 1527 4129 ultra,
1577 4028 1829 4135 ipsum
1882 4033 2137 4117 videre
2190 4063 2346 4122 non
2399 4052 2836 4152 potuerunt,
2896 4075 3136 4156 quum
3190 4077 3450 4160 mense
3502 4081 3662 4138 no—

850 4149 1197 4233 vembris
1241 4167 1461 4263 capta
1514 4157 1813 4244 civitate
1871 4162 2303 4276 Vincentiae
2351 4187 2667 4283 propere
2719 4176 2823 4258 in'
2855 4153 3413 4267 Alemanniam'
3440 4161 3660 4269 redi-

846 4279 1103 4365 visset.
1145 4284 1345 4370 Rrec.
1389 4315 1480 4380 ns
1518 4290 1598 4376 S.
1646 4283 1883 4382 Galim.
1920 4299 2371 4413 chronicon,
2409 4306 2511 4390 ad
2546 4332 2729 4392 ann.

862 4500 929 4510 ι-

1179 4509 3657 4564 emm-*m

923 4621 997 4693 (l)
1034 4625 1147 4682 Hoc
1169 4627 1288 4700 ipso
1310 4643 1514 4705 mense,
1543 4635 1633 4693 die
1658 4643 1847 4698 octavo
1871 4641 2109 4717 decimo,
2135 4645 2326 4707 civitas
2351 4647 2688 4724 Bergomum,
2716 4661 2777 4711 ut
2808 4672 2908 4715 nos
2934 4659 3214 4720 Ronchetti
3248 4674 3445 4738 monet,
3477 4669 3657 4728 Fride·

852 4718 963 4776 rico
985 4721 1244 4798 adhaesit,
1276 4729 1695 4793 Lombardorum
1718 4739 1971 4800 societate
1995 4742 2261 4804 derelicta.
