4842 5802
795 2448 1067 2499 Interamna,

834 2500 1035 2556 lojnss.

1151 615 1273 680 870
2137 613 2577 677 rmnssmct
2624 615 2972 678 saeuum
3581 619 3741 697 [An.
3783 620 3960 686 1236.

1157 747 1607 822 Tannenrode
1621 800 1643 839 ,
1695 746 2107 824 Godefridus
2160 750 2251 824 de
2292 750 2643 824 Hoenloch
2682 772 2912 825 comes
2953 751 3349 825 Romaniole
3365 806 3386 845 ,
3437 752 3825 828 Fridericus
3873 755 3963 829 de

1153 871 1716 968 Trnhendingen,
1757 872 2109 947 Conradus
2137 874 2466 970 pincerna
2506 874 2597 947 de
2629 874 3112 968 Winterstede,
3148 883 3219 948 et
3248 876 3364 949 alii
3391 880 3859 974 quamplures.

1251 997 1541 1090 Signum
1574 996 1834 1069 domini
1870 996 2196 1070 Friderici
2239 998 2562 1085 secundi,
2607 999 2728 1071 Dei
2766 998 2984 1093 gratia
3026 998 3459 1072 invictissimi
3501 1002 3958 1076 Romanorum

1158 1118 1584 1216 imperatoris
1610 1117 2153 1215 (Monoqramma)
2182 1141 2456 1215 semper
2485 1122 2795 1214 augusti,
2826 1123 3200 1195 Jerusalem
3240 1129 3310 1194 et
3338 1123 3569 1196 Sicilie
3601 1125 3808 1219 regis.

1253 1243 1426 1317 Acta
1484 1251 1647 1316 sunt
1702 1242 1833 1316 hec
1894 1264 2077 1318 anno
2134 1241 2481 1316 dominice
2529 1244 3014 1318 incarnationis
3075 1245 3435 1318 millesimo
3489 1246 3962 1324 ducentesimo

1163 1367 1508 1442 tricesimo
1549 1367 1692 1460 ΥΡ,
1742 1388 1981 1441 mense
2012 1367 2221 1462 junii,
2276 1388 2459 1442 none
2495 1367 2921 1459 indictionis,
2973 1368 3350 1464 imperante
3399 1368 3682 1443 domino
3730 1382 3963 1445 nostro

1160 1492 1529 1583 Friderico,
1547 1491 2035 1585 gloriosissimo
2058 1491 2519 1564 Romanorum
2536 1491 2944 1587 imperatore
2968 1512 3238 1587 semper
3253 1501 3570 1586 augusto,
3588 1494 3959 1568 Jerusalem

1159 1627 1230 1690 et
1261 1616 1488 1689 Sicilie
1528 1637 1691 1710 rege
1739 1614 2228 1707 invictissimo,
2266 1635 2451 1688 anno
2497 1616 2781 1688 Romani
2813 1615 3082 1711 imperii
3129 1617 3279 1709 ejus
3322 1616 3612 1711 septimo
3661 1618 3956 1711 decimo,

1164 1741 1361 1833 regni
1397 1739 1761 1813 Ierusalem
1791 1738 1936 1827 XI‘,
1968 1738 2162 1832 regni
2193 1758 2362 1811 vero
2385 1738 2613 1811 Sicilie
2642 1739 3006 1812 XXXVIr.
3041 1738 3289 1813 Amen.

1253 1866 1502 1936 Datum
1546 1861 1735 1958 apud
1778 1860 2128 1953 Werdam,
2171 1882 2379 1953 anno,
2416 1882 2654 1935 mense
2691 1871 2761 1934 et
2798 1862 3171 1936 indictione
3199 1862 3617 1960 prescriptis.

1266 2434 1677 2547 Gregorius
1720 2460 1918 2545 papa
1964 2433 2344 2519 Friderico
2397 2435 2917 2520 Romanorum
2961 2435 3398 2544 imperatori
3441 2435 3743 2519 nuntiat
3787 2434 3966 2544 epi-

1160 2593 1475 2679 scopum
1541 2568 2067 2652 Prenestinum
2132 2594 2179 2650 a
2229 2593 2310 2650 se
2373 2567 2473 2649 ad
2526 2578 2777 2676 partes
2839 2567 3338 2652 Lombardiae
3383 2569 3478 2651 de
3530 2593 3716 2677 pace
3767 2593 3966 2677 pro·-

1162 2703 1538 2786 movenda
1591 2700 1825 2783 fuisse
1877 2700 2335 2783 destinatum
2351 2761 2375 2807 ,
2432 2699 2934 2809 hortaturque
2986 2709 3074 2782 ut
3123 2701 3577 2810 magistrum
3630 2701 3969 2784 Theuto-

1160 2837 1509 2920 nieorum
1546 2833 1647 2916 ad
1680 2856 1900 2915 suam
1935 2831 2442 2940 praesentiam
2478 2831 2641 2915 sine
2675 2831 3036 2915 dilatione
3068 2832 3555 2916 transmittat.

1331 3062 1535 3143 (Edid.
1583 3062 1934 3132 Ruinam„
1976 3055 2192 3120 Annal.
2235 3056 2474 3134 Eccles„
2511 3065 2657 3120 tom.
2702 3059 2874 3131 XXI,
2906 3058 3088 3139 §V1,
3130 3060 3208 3120 ad
3242 3075 3385 3119 ann.
3430 3068 3614 3133 1236,
3650 3076 3685 3120 e
3728 3065 3966 3137 regest„

1406 3167 1510 3229 ub.
1540 3167 1619 3238 X,
1649 3176 1716 3226 n⁰
1748 3174 1884 3240 103,
1914 3166 2018 3226 sed
2038 3168 2237 3227 minus
2265 3169 2490 3244 integre
2501 3185 2520 3240 ς
2549 3168 2646 3227 cui
2672 3165 3161 3242 complementum
3194 3165 3465 3227 addimus
3488 3182 3565 3227 ex
3590 3164 3816 3226 collect.
3853 3165 3969 3225 La-

1405 3278 1573 3351 porte
1597 3272 1680 3333 du
1706 3271 1874 3332 Thell
1900 3273 1963 3332 in
1979 3271 2264 3332 ‘Bibliotln
2289 3274 2492 3349 imper.
2526 3268 2883 3348 Partsiensi.)

1271 3473 1668 3568 Gregorius,
1712 3480 1877 3562 etc.,
1922 3470 2273 3544 carissimo
2320 3471 2391 3541 in
2437 3469 2696 3542 Christo
2746 3470 2888 3543 filio
2934 3470 3042 3559 1⁴2,
3078 3471 3538 3543 Romanorum
3584 3469 3971 3563 imperatori

1176 3620 1445 3692 semper
1497 3604 1831 3689 auguste,
1877 3595 2248 3666 Jerusalem
2287 3603 2357 3666 et
2379 3593 2610 3665 Sicilie
2661 3593 2808 3686 regi
2852 3594 3120 3684 illustri,
3177 3594 3503 3683 salutem,
3552 3603 3683 3664 etc.
3742 3592 3969 3665 Acce-

1171 3723 1446 3796 dentem
1511 3718 1603 3791 ad
1663 3716 1909 3790 Sedem
1958 3716 2416 3812 Apostolicam
2475 3715 2800 3791 dilectum
2869 3716 3089 3789 filium
3144 3717 3543 3810 magistrum
3605 3715 3968 3808 Rogerium

1172 3844 1578 3918 canonicum
1610 3841 2147 3934 Salernitannm,
2187 3842 2508 3913 nuntium
2543 3851 2776 3932 tuum,
2827 3842 3127 3935 benigne
3166 3841 3549 3934 recepimus
3590 3849 3659 3912 et
3704 3848 3842 3911 tam
3889 3861 3971 3912 ea

1172 3989 1313 4063 que
1366 3967 1550 4040 idem
1600 3987 1827 4038 coram
1881 3964 2079 4037 nobis
2133 3987 2514 4060 proponere
2563 3965 2782 4037 voluit
2828 3987 3039 4058 quam
3086 3985 3226 4060 que
3291 3974 3407 4037 tue
3461 3963 3680 4036 littere
3740 3963 3973 4035 conti-

1174 4093 1463 4180 nebant,
1505 4089 1969 4162 intelleximus
2020 4088 2402 4181 diligenter.
2441 4089 2696 4161 Verum
2748 4109 2905 4160 cum
2961 4089 3123 4160 olim
3167 4086 3259 4160 ad
3312 4096 3613 4160 nostram
3665 4086 3971 4160 notitiam

1174 4214 1597 4312 pervenisset
1654 4211 1843 4306 quod
1899 4211 1971 4282 iu
2030 4210 2508 4283 Lombardiam
2572 4232 2930 4306 processus
2995 4232 3158 4282 suos
3216 4209 3591 4305 imperialis
3642 4208 3974 4282 celsitudo

1178 4340 1534 4433 dirigeret,
1571 4357 1701 4408 nos
1725 4335 1917 4406 illum
1952 4334 2075 4428 qui
2108 4335 2251 4405 sola
2285 4335 2426 4406 Deo
2455 4333 2707 4428 placita
2739 4333 3007 4406 efficere
3049 4354 3131 4406 ac
3161 4333 3345 4406 omni
3383 4353 3829 4428 personarum
3863 4354 3973 4404 ac-

1177 4461 1490 4556 ceptione
1524 4467 1781 4531 remota
1826 4475 2064 4551 pacem
2112 4454 2532 4528 desideraret
2574 4463 2645 4527 et
2691 4455 3123 4528 concordiam
3161 4474 3600 4549 promovere,
3643 4453 3805 4525 illuc
3857 4450 3977 4526 di-

1173 4585 1393 4677 rigere
1450 4582 1835 4678 cupientes,
1872 4578 2332 4654 venerabilem
2382 4580 2657 4651 fratrem
2720 4590 3021 4652 nostrum
3072 4579 3469 4674 episcopum
3507 4576 3971 4654 prenestinum

1177 4707 1268 4780 ad
1310 4715 1536 4800 partes
1589 4703 1994 4779 Lombardie
2044 4702 2134 4778 de
2175 4704 2459 4776 fratrum
2509 4711 2893 4777 nostrorum
2946 4703 3230 4776 consilio
3273 4700 3705 4796 providimus
3755 4701 3976 4774 desti-
