4842 5802
846 632 1042 690 lunrer.
1081 625 1199 708 lo]
1745 628 2138 690 HISTORIA
2192 626 2776 690 DIPLOMATICA.
3548 626 3670 688 913

847 763 1066 836 tiones
1095 763 1316 854 justas
1348 758 1445 855 (a)
1476 761 1801 835 ecclesias
1833 762 2063 836 dicitis
2106 760 2502 834 hominibus
2542 762 2835 857 propriis
2870 762 3220 857 spoliataS,
3266 761 3430 856 quia
3464 761 3664 833 nobis

847 885 916 956 in
952 884 1053 957 eis
1089 885 1177 957 de
1214 883 1610 956 officialium
1651 896 2035 958 nostrorum
2071 884 2326 976 injusto
2356 904 2682 978 processu
2734 905 2872 955 non
2918 883 3173 977 liquet,
3215 884 3657 956 ecclesiarum

845 1010 1141 1102 prelatos
1213 1018 1293 1079 ut
1363 1007 1454 1080 de
1524 1028 1885 1101 processus
1957 1008 2322 1101 iniquitate
2367 1005 2853 1101 perdoceant,
2910 1006 3003 1078 ad
3046 1006 3277 1079 omnia
3321 1008 3479 1099 jura
3530 1028 3659 1081 sua

843 1131 1170 1202 volumus
1198 1139 1267 1201 et
1297 1129 1710 1202 mandamus
1734 1130 2039 1221 admitti3
2078 1139 2146 1202 et
2177 1151 2335 1200 cum
2363 1128 2636 1201 dudum
2671 1129 2743 1199 in
2774 1150 3045 1201 recessu
3072 1138 3300 1201 nostro
3325 1129 3415 1201 de
3445 1149 3657 1222 regno

851 1262 928 1322 ut
960 1261 1098 1323 tam
1133 1252 1205 1323 in
1246 1252 1356 1323 his
1399 1275 1609 1347 quam
1652 1254 1724 1324 in
1763 1254 1917 1327 aliis
1952 1256 2024 1325 in
2069 1254 2323 1348 quibus
2368 1252 2810 1324 ecclesiarum
2844 1253 3122 1345 prelati,
3169 1251 3532 1346 Templarii
3590 1262 3660 1323 et

847 1376 1278 1470 Hospitalarii
1320 1378 1526 1449 etiam
1560 1399 1637 1451 se
1666 1387 1991 1471 gravatos
2026 1378 2399 1468 habebant,
2433 1374 2746 1447 satisfieri
2779 1384 3009 1469 posset
3038 1374 3328 1464 eisdem,
3365 1375 3656 1448 familia-

846 1501 1039 1573 ribus
1085 1502 1331 1575 nostris
1369 1502 1777 1594 jusserimus
1823 1502 2013 1598 apud
2059 1502 2322 1574 Fanum
2373 1511 2452 1571 nt
2497 1501 2874 1573 solemnem
2925 1499 3186 1571 curiam
3235 1497 3460 1571 Melfie
3495 1520 3659 1572 con·

846 1635 1246 1720 gregarent,
1297 1625 1464 1720 quia
1512 1626 1906 1699 intentionis
1954 1635 2187 1698 nostre
2230 1626 2507 1697 salubre
2556 1624 2979 1718 propositum
3032 1644 3156 1717 per
3207 1623 3526 1695 subtilem
3565 1621 3659 1718 (b)

843 1750 1305 1842 quorumdam
1362 1751 1682 1823 astutiam
1729 1750 1853 1844 qui
1890 1770 2022 1821 nos
2065 1760 2301 1843 postea
2351 1747 2717 1819 mandasse
2768 1747 3181 1818 contrarium
3228 1747 3651 1838 asserebant,

844 1873 1067 1944 extitit
1125 1871 1574 1967 impeditum,
1652 1893 1812 1946 ecce
1862 1872 2054 1966 quod
2100 1873 2306 1963 juxta
2368 1869 2769 1942 mandatum
2833 1869 3243 1942 venerabilis
3316 1922 3333 1940 .
3372 1922 3390 1941 .
3433 1922 3450 1940 .
3507 1891 3655 1942 ma-

844 1995 1038 2087 gistri
1072 1994 1320 2067 domus
1357 1998 1603 2067 Sancte
1633 1995 1847 2068 Marie
1877 1995 2453 2067 Theutonicorum
2494 1994 2748 2065 factum
2789 2044 2809 2063 .
2851 2047 2867 2063 .
2908 2045 2925 2063 .
2978 1991 3210 2064 comiti
3245 1990 3655 2064 Acerrarum

842 2129 911 2190 et
943 2120 1267 2212 magistro
1306 2121 1680 2211 justitiario
1714 2141 1942 2193 coram
1987 2120 2225 2210 vobis,
2277 2129 2416 2190 tam
2455 2118 2626 2213 ipsis
2669 2139 2879 2212 quam
2925 2117 3375 2188 familiaribus
3410 2117 3658 2189 nostris

844 2244 976 2313 sub
1010 2264 1189 2337 pena
1239 2243 1458 2337 gratie
1505 2243 1808 2315 districte
1854 2242 2260 2316 mandamus
2294 2251 2639 2335 quatenus
2689 2242 2778 2313 de
2815 2240 3096 2336 prelatis
3128 2240 3413 2312 solemni
3468 2239 3658 2313 curia

844 2364 1075 2439 denuo
1137 2375 1548 2460 congregata
1571 2419 1592 2457 ,
1651 2367 1966 2458 querelas
2040 2366 2344 2460 ipsorum
2411 2374 2551 2438 tam
2609 2386 2817 2459 super
2866 2364 3263 2436 hominibus
3320 2363 3658 2436 revocatis

843 2512 1054 2584 quam
1086 2511 1297 2583 super
1333 2488 1884 2584 possessionibus
1915 2489 2068 2560 aliis
2102 2509 2368 2560 necnon
2424 2497 2491 2560 et
2529 2490 2690 2579 jure
2728 2487 3161 2582 proprietatis
3195 2507 3426 2559 rerum
3457 2488 3654 2559 Tem-

841 2614 1211 2708 plariorum
1256 2623 1325 2686 et
1367 2611 1974 2707 Hospitalariorum
2019 2611 2328 2695 audiant,
2370 2619 2443 2684 et
2472 2611 2642 2706 ipsis
2675 2610 3062 2705 sec-undum
3094 2612 3380 2683 formam
3422 2611 3655 2683 datam

839 2737 1293 2809 communiter
1326 2735 1591 2809 eisdem
1642 2734 1899 2807 ibidem
1946 2733 2152 2807 finem
2200 2734 2515 2807 debitum
2565 2744 2635 2806 et
2682 2734 2986 2806 velocem
3023 2734 3398 2829 imponant.
3437 2735 3659 2829 Super

838 2861 1129 2955 singulis
1180 2870 1483 2956 preterea
1529 2859 1847 2954 capitulis
1892 2859 2335 2955 supradictis,
2374 2860 2447 2931 in
2485 2857 2742 2954 quibus
2773 2866 2876 2930 est
2898 2860 3106 2952 juxta
3137 2859 3657 2953 responsionum

837 2996 1224 3061 nostrarum
1288 2995 1593 3057 tenorem
1652 3005 1778 3079 per
1829 2983 2156 3056 officiales
2223 2993 2492 3056 nostros
2562 2982 2828 3077 aliquid
2898 2981 3290 3054 faciendum
3314 3035 3335 3073 ,
3401 2982 3659 3055 litteras

836 3110 1097 3183 eisdem
1148 3109 1672 3181 transmittimus
1721 3107 2054 3203 speciales
2106 3114 2183 3177 ut
2232 3104 2322 3178 de
2367 3106 2649 3202 speciali
2695 3104 3021 3178 mandato
3072 3105 3390 3177 culminis
3441 3106 3656 3179 nostri

834 3233 1106 3325 singula
1156 3233 1517 3325 diligenter
1556 3239 1626 3302 et
1658 3230 1860 3324 plene
1902 3230 2227 3301 studeant
2267 3230 2751 3324 percomplere.
2805 3228 2933 3301 Per
2960 3249 3102 3321 que
3140 3228 3404 3318 omnia,
3446 3249 3651 3302 reve·

835 3355 1240 3427 rendissime
1288 3364 1505 3448 pater,
1560 3353 1743 3425 circa
1788 3351 2225 3425 ecclesiarum
2278 3351 2628 3424 libertates
2682 3360 2749 3423 et
2786 3351 2945 3442 jura
2989 3349 3169 3423 votis
3233 3349 3477 3422 vestris
3526 3371 3651 3445 per

835 3498 962 3549 nos
1011 3498 1105 3549 ex
1143 3497 1396 3569 magna
1443 3486 1664 3570 parte,
1718 3486 1926 3571 prout
1969 3475 2249 3548 firmiter
2290 3476 2677 3567 credimus,
2714 3473 3023 3547 satisfiet.
3064 3472 3206 3545 Aut
3230 3475 3286 3545 si
3322 3494 3531 3568 quem
3575 3473 3647 3546 in

839 3601 940 3672 eis
977 3599 1157 3672 circa
1204 3600 1654 3693 possessionis
1690 3600 2184 3673 restitutionem
2230 3600 2602 3692 paternitas
2632 3606 2861 3670 vestra
2896 3597 3293 3669 causabitur
3324 3599 3496 3669 forte
3523 3597 3648 3670 de-

837 3725 1125 3813 fectum,
1173 3723 1494 3817 exempla
1527 3721 1728 3793 nobis
1757 3722 1969 3793 vestri
2013 3721 2388 3814 magisterii
2420 3721 2906 3814 suffragantur,
2947 3729 3015 3792 et
3044 3721 3327 3815 petitam
3371 3743 3413 3793 a
3446 3720 3646 3795 nobis

831 3845 1337 3938 possessionem
1367 3843 1666 3915 civitatis
1704 3843 1987 3916 Castelle
2012 3853 2246 3916 contra
2286 3864 2649 3916 commune
2686 3851 3066 3916 vestrorum
3095 3844 3378 3924 fratrum
3417 3845 3642 3918 consi-

831 3970 1001 4041 lium
1029 3979 1097 4041 et
1134 3968 1617 4042 conscientiam
1653 3976 1952 4041 vestram
1987 3968 2193 4060 etiam
2227 3967 2519 4041 reddere
2555 3966 2933 4061 denegatis,
2971 3968 3364 4061 possessorii
3394 3969 3641 4061 judicii

828 4093 1138 4166 debitum
1173 4093 1246 4163 in
1273 4112 1568 4164 examen
1593 4091 1888 4186 petitorii
1916 4092 2416 4165 transferentes.

922 4218 1170 4291 Datum
1197 4216 1268 4287 in
1303 4215 1544 4288 castris
1577 4215 1651 4285 in
1685 4214 2045 4287 obsidione
2073 4216 2379 4307 Mantue‚
2410 4215 2541 4286 XX
2571 4213 3008 4308 septembris,
3039 4215 3105 4287 X
3137 4214 3532 4288 indictione.

909 4416 991 4498 (a)
1034 4420 1106 4480 In
1129 4420 1263 4481 cod.
1291 4421 1476 4481 Paris.
1509 4416 1899 4499 inquisitionis
1915 4418 2201 4500 justitias.

912 4522 999 4604 (b)
1039 4524 1111 4585 In
1136 4525 1270 4587 cod.
1298 4525 1489 4587 Paris.
1517 4522 1844 4600 sublimem,
1881 4526 2080 4587 minus
2104 4530 2261 4602 apte.

986 4831 1092 4893 lV·
1134 4844 1247 4890 Pars
1271 4848 1316 4892 2.
3217 4837 3326 4890 116
