4842 5802
865 557 1061 617 lamet.
1093 550 1178 635 8.]
1750 550 2151 614 HISTORIA
2203 551 2790 615 ntrhoMATch.
3569 553 3679 613 751

864 687 1050 783 regia
1082 708 1208 760 seu
1250 685 1687 780 imperatoria
1731 687 2089 783 suscipiat.
2140 688 2530 781 Adjicimus
2588 687 2794 760 etiam
2840 694 2919 758 ut
2962 686 3143 758 sicut
3193 706 3287 758 ex
3347 688 3683 759 sententia

868 807 1256 907 principum
1292 830 1522 880 coram
1561 808 1758 881 nobis
1786 809 2179 902 judicatum
2220 821 2359 903 est,
2404 811 2637 882 nullus
2684 808 3170 881 villicationem
3204 808 3278 885 in
3308 808 3681 904 possessio·

866 935 1073 1006 nibus
1108 932 1202 1006 ad
1235 931 1540 1005 eundem
1570 933 1798 1006 locum
1835 935 2338 1029 pertinentibus
2364 933 2776 1008 hereditario
2802 933 2960 1024 jure
2992 941 3221 1005 teneat
3252 934 3364 1006 vel
3389 941 3676 1027 repetat,

862 1061 989 1133 sed
1019 1058 1238 1132 abbas
1273 1059 1394 1152 qui
1431 1078 1556 1152 pro
1583 1066 1887 1153 tempore
1927 1060 2132 1134 fuerit
2173 1059 2503 1133 idoneum
2530 1067 2602 1132 et
2637 1057 2912 1131 fidelem
2946 1057 3254 1131 villicum
3300 1056 3392 1130 de
3424 1060 3681 1133 familia

864 1182 1257 1256 monasterii
1288 1182 1656 1254 constituat
1680 1189 1752 1253 et
1775 1181 2101 1277 deponat.
2139 1184 2230 1256 At
2268 1185 2328 1255 si
2365 1184 2523 1279 quis
2553 1183 2644 1257 de
2689 1182 2945 1255 familia
2996 1183 3387 1255 monasterii
3448 1184 3678 1256 abbati

861 1328 990 1380 suo
1020 1306 1290 1380 rebellis
1319 1306 1643 1377 inventus
1671 1304 1910 1398 fuerit,
1949 1327 2044 1379 ex
2068 1307 2340 1401 judicio
2384 1317 2457 1380 et
2492 1308 2914 1382 districtione
2950 1307 3221 1401 parium
3257 1329 3539 1379 suorum
3581 1308 3675 1380 ad

861 1429 1391 1503 satisfactionem
1437 1429 1708 1503 abbatis
1751 1439 2063 1523 cogatur.
2121 1431 2569 1505 Decernimus
2604 1452 2769 1525 ergo
2802 1444 2872 1502 et
2905 1429 3237 1524 imperiali
3282 1431 3682 1505 auctoritate

861 1553 1280 1649 precipimus
1331 1563 1410 1626 ut
1453 1553 1685 1624 nullus
1738 1574 2218 1628 successorum
2277 1565 2661 1628 nostrorum
2721 1576 2963 1647 regum
3025 1564 3095 1626 et
3148 1554 3670 1650 imperatorum,

862 1678 1093 1749 nullus
1124 1676 1522 1770 episcopus,
1582 1673 1774 1765 dux,
1828 1676 2169 1769 marchio,
2222 1698 2451 1749 comes
2480 1678 2588 1750 vel
2623 1677 3009 1749 vicecomes
3058 1687 3178 1750 aut
3210 1676 3342 1748 alia
3378 1678 3679 1771 quelibet

862 1821 1156 1895 persona
1200 1802 1447 1892 ma'gna
1490 1797 1641 1870 sive
1676 1819 1891 1892 parva
1929 1798 2140 1894 hujus
2171 1809 2401 1874 nostre
2435 1801 2896 1873 renovationis
2934 1799 3517 1873 confirmationem
3554 1801 3679 1871 in·-

864 1923 1164 2018 fringere
1195 1931 1586 2018 presumat,
1645 1922 1773 1995 sed
1818 1922 2171 2019 predictus
2209 1925 2427 1997 abbas
2471 1924 2722 2019 suique
2764 1946 3195 1997 successores
3245 1934 3473 1996 nostra
3528 1926 3675 1997 freti

860 2047 1268 2121 auctoritate
1293 2048 1473 2119 bona
1505 2046 1900 2119 monasterii
1918 2048 2381 2142 recolligendo
2410 2049 2766 2143 pristinam
2799 2048 3112 2140 ejusdem
3141 2048 3270 2120 loci
3301 2048 3677 2121 libertatem

861 2174 1011 2245 sine
1060 2171 1536 2267 impedimenti
1578 2171 1892 2245 molestia
1941 2172 2319 2244 obtineant.
2371 2173 2444 2244 Si
2494 2172 2653 2267 quis
2702 2193 2904 2257 vero,
2959 2171 3150 2265 quod
3204 2172 3415 2262 absit,
3466 2173 3673 2265 hujus

861 2298 1162 2391 precepti
1199 2295 1413 2369 nostri
1445 2303 1778 2368 statutum
1805 2295 2180 2390 infringere
2229 2296 2698 2391 temptaverit,
2744 2306 3018 2368 centum
3066 2295 3274 2367 libras
3321 2296 3473 2368 auri
3523 2299 3672 2391 puri

859 2429 1250 2515 componat,
1282 2443 1579 2516 quarum
1601 2429 1864 2516 partem
1894 2419 2254 2493 dimidiam
2283 2420 2450 2494 fisco
2479 2429 2708 2493 nostro
2726 2430 2796 2493 et
2824 2421 3156 2515 reliquam
3187 2420 3498 2515 predicto
3524 2443 3674 2494 mo·

862 2546 1161 2618 nasterio
1217 2548 1591 2641 persolvat.
1652 2545 1741 2617 Ut
1770 2556 2003 2619 autem
2054 2546 2184 2618 hec
2234 2547 2326 2618 ab
2380 2546 2705 2618 omnihus
2743 2543 3110 2617 credantur
3169 2554 3238 2615 et
3272 2543 3678 2617 inconvulsa

859 2669 1270 2761 habeantur,
1297 2669 1477 2742 hanc
1515 2669 1685 2744 iude
1708 2679 1970 2741 cartam
2006 2668 2217 2741 scribi
2241 2668 2573 2761 iussimus
2605 2678 2676 2741 et
2708 2667 3148 2740 sublimitatis
3166 2714 3171 2721 -
3189 2677 3416 2741 nostre
3445 2669 3671 2761 sigillo

862 2813 1074 2866 aureo
1097 2794 1508 2865 communiri
1536 2793 1677 2890 (l),
1719 2814 2070 2887 manuque
2104 2793 2382 2889 propria
2411 2790 3235 2867 corroborantesidoneos
3270 2802 3473 2865 testes
3494 2793 3677 2864 sub-

860 2917 1079 2989 notari
1110 2917 1404 2989 fecimus
1424 2971 1444 3007 ‚
1480 2939 1779 3012 quorum
1809 2917 1941 2991 hec
1965 2927 2127 2994 sunt
2154 2919 2436 2991 nomina
2478 2943 2496 2988 ε
2556 2973 2560 2980 .

955 3040 1368 3115 Godefridus
1408 3041 1896 3136 Aquilegensis
1943 3042 2366 3137 patriarcha,
2436 3040 2793 3136 Philippus
2851 3039 3271 3112 Coloniensis
3331 3039 3670 3135 archiepi-

858 3185 1137 3260 scopuS,
1163 3165 1579 3238 Willielmus
1601 3166 1967 3239 Ravennas
1988 3165 2545 3260 archiepiscopus
2561 3217 2583 3255 ,
2612 3164 2769 3236 Otto
2794 3162 3250 3257 Frisingensis
3279 3165 3668 3259 episcopus,

857 3289 1249 3361 Bonifacius
1272 3289 1721 3361 Novariensis
1746 3289 2111 3384 episcopus
2126 3342 2147 3379 ,
2179 3291 2215 3362 1
2217 3290 2526 3363 ohannes
2560 3291 2806 3362 Sancte
2829 3285 3240 3381 Agathensis
3263 3288 3631 3383 episcopus
3647 3342 3666 3379 ,

860 3410 1180 3484 Rofridus
1226 3411 1443 3484 abbas
1490 3412 1723 3485 Sancti
1771 3413 2122 3486 Benedicti
2172 3414 2420 3486 Montis
2458 3413 2716 3500 Casini,
2768 3411 3149 3484 Willelmus
3187 3410 3404 3482 abbas
3429 3412 3674 3483 Sancte

861 3533 1114 3628 Sophie
1149 3534 1222 3604 in
1247 3535 1641 3608 Benevento
1657 3587 1678 3624 ,
1717 3536 1876 3609 Otto
1899 3535 2308 3609 Boemorum
2337 3537 2489 3610 dux
2506 3590 2526 3628 ,
2562 3535 2918 3608 Conradus
2945 3533 3098 3607 dux
3119 3533 3209 3607 de
3229 3534 3665 3626 Rotemburc,

859 3656 1267 3731 Bertholdus
1299 3658 1452 3731 dux
1480 3659 1817 3732 Dalmatie
1836 3670 1907 3731 et
1928 3660 2232 3732 marchio
2251 3660 2552 3755 Hystrie,
2587 3659 2920 3731 Henricus
2950 3654 3253 3730 marchio
3278 3654 3369 3728 de
3388 3656 3677 3729 Romes-

862 3778 1109 3870 berch,
1148 3780 1482 3853 Henricus
1508 3782 1716 3854 frater
1753 3780 1953 3854 ducis
1982 3780 2290 3873 Austrie‚
2340 3780 2593 3853 Albero
2627 3803 2860 3855 comes
2884 3780 2975 3854 de
3000 3781 3231 3871 Bogen
3251 3830 3273 3868 ‚
3328 3779 3670 3851 Gerardus

860 3923 1092 3975 comes
1123 3902 1215 3976 de
1240 3904 1694 3997 Tullenstein,
1747 3903 2099 3978 Raboldus
2123 3926 2353 3977 comes
2397 3903 2489 3977 de
2521 3903 2959 3978 Ortemberch
2981 3961 2997 3991 ‚
3048 3902 3389 3974 Gunterus
3434 3922 3668 3973 comes

859 4025 951 4099 de
985 4027 1458 4113 Kevernberc,
1515 4030 1755 4100 Petrus
1780 4029 1971 4101 urbis
1995 4029 2206 4102 Rome
2230 4030 2606 4124 prefectus,
2646 4028 3066 4103 Thedericus
3105 4047 3336 4099 comes
3368 4026 3458 4100 de
3500 4027 3672 4098 Hos·

861 4150 1101 4241 taden,
1154 4152 1555 4224 Lambertus
1585 4174 1814 4226 comes
1849 4150 1939 4226 de
1961 4153 2391 4247 Thuringeu,
2431 4153 2813 4227 Richandus
2837 4173 3065 4225 comes
3103 4151 3377 4241 Consie,
3413 4149 3673 4222 Willel-

858 4295 1014 4346 mus
1040 4297 1274 4349 comes
1306 4274 1616 4369 Casei-te,
1650 4285 1720 4351 et
1753 4277 1868 4349 alii
1895 4277 2364 4373 quamplures,

2780 4469 3336 4480 *mm

934 4574 1010 4645 (4)
1049 4574 1202 4632 Bulla
1216 4575 1430 4637 Henrici
1450 4595 1613 4638 aurea
1632 4580 1833 4654 optime
1850 4579 2108 4654 expressa
2129 4585 2187 4638 et
2206 4578 2546 4652 integerrima
2563 4576 2760 4650 pendet
2785 4574 2855 4634 ab
2872 4574 3112 4647 originali
3140 4575 3193 4630 in
3215 4573 3433 4631 archivo
3458 4570 3680 4630 Bruxel-

865 4666 1001 4725 lensi
1025 4679 1319 4731 asservato.
1605 4699 1614 4706 ·
1683 4699 1689 4708 ·
