4842 5802
924 681 1124 742 lamet.
1154 672 1242 759 5.]
1833 671 2230 733 HISTORIA
2279 667 2865 764 DIPLOMAfch.
3630 662 3749 722 557

1404 937 1864 949 ——-—-—-—-—.-
1870 938 2257 947 ..ο-..ψη
2264 937 2451 945 ———

1033 1196 1441 1301 Henricus‚
1482 1194 1999 1278 Romanorum
2040 1219 2174 1275 rex
2190 1254 2213 1299 ‚
2256 1195 2353 1276 ad
2409 1192 3033 1302 supplicationem
3079 1187 3514 1272 Theoderici
3552 1187 3751 1269 Tre-

930 1329 1262 1410 verensis
1301 1328 1872 1437 archiepiscopi,
1910 1327 2372 1410 monasterio
2391 1327 2489 1408 de
2522 1325 3033 1407 Hemmenrod
3067 1324 3146 1404 in
3168 1320 3464 1405 Eiffalia
3498 1320 3755 1403 eccle-

932 1462 1121 1542 siam
1159 1462 1365 1569 apud
1420 1459 1717 1569 Altripp
1770 1458 2063 1542 confert
2116 1485 2292 1541 cum
2348 1459 2707 1542 omnibus
2758 1455 3228 1565 pertinentiis
3272 1453 3436 1563 ejus
3481 1464 3555 1536 et
3581 1453 3755 1562 jure

931 1602 1403 1699 patronatus.

1089 1807 1426 1886 (Memorat.
1458 1823 1556 1884 ap.
1582 1807 1874 1867 Bonmn
1892 1851 1914 1885 ,
1934 1807 2161 1887 Reque.
2184 1805 2417 1885 imper„
2451 1823 2507 1883 p.
2539 1813 2681 1878 239,
2701 1815 2768 1866 n⁰
2790 1814 2933 1879 250,
2956 1822 3033 1866 ex
3057 1803 3413 1865 chartulario
3434 1804 3749 1865 flemmen-

1206 1913 1335 1972 rod.
1366 1913 1547 1973 seculi
1572 1912 1713 1975 xlv
1736 1928 1833 1988 ap.
1868 1914 2204 1987 Treverim,
2243 1918 2290 1972 t.
2321 1912 2445 1985 111,
2474 1911 2576 1971 fol.
2614 1913 2738 1984 50.)

1029 2102 1276 2170 Datum
1300 2098 1491 2194 apud
1519 2097 1941 2192 Augustam,
1976 2119 2159 2168 anno
2196 2096 2541 2170 dominice
2570 2095 3061 2167 incarnationis
3093 2094 3516 2184 MCCXXX1‚
3554 2096 3752 2167 nonis

939 2223 1359 2312 novembris,
1403 2220 1779 2294 indictione
1816 2222 2082 2317 quinta.

1039 2784 1403 2869 Henricus
1429 2848 1451 2891 ‚
1493 2786 2015 2870 Romanorum
2052 2814 2186 2870 rex
2211 2849 2233 2894 ,
2275 2788 2632 2871 ecclesiae
2668 2786 3130 2897 Augustensi
3166 2789 3638 2897 recognoscit
3680 2796 3753 2871 et

940 2920 1327 3002 confirmat
1379 2922 1859 3003 medietatem
1922 2922 2436 3030 precariarum
2493 2948 2626 3003 seu
2680 2919 3202 3022 collectarum,
3247 2947 3441 3029 quas
3494 2920 3655 3029 ipse
3709 2949 3754 3005 a

941 3048 1217 3134 civibus
1255 3053 1868 3162 Augustensibus
1903 3054 2258 3163 deinceps
2293 3053 2595 3135 duxerit
2628 3053 3065 3162 exigendas.

1094 3265 1273 3344 (Edit.
1305 3283 1399 3344 ap.
1432 3268 1696 3329 Manum.
1722 3268 1904 3341 Boio„
1944 3273 2092 3327 tom.
2131 3266 2331 3341 XXX,
2364 3283 2500 3344 pars
2532 3275 2609 3340 1⁸,
2657 3283 2716 3343 p.
2759 3276 2894 3341 180,
2928 3277 2994 3327 n⁰
3018 3277 3159 3345 702,
3191 3284 3267 3327 ex
3295 3270 3565 3347 originali
3595 3271 3750 3331 unde

1172 3374 1432 3451 sigillum
1458 3374 1633 3435 valde
1659 3373 1884 3434 laesum
1913 3373 2205 3450 appendet
2232 3390 2307 3431 ex
2333 3373 2451 3432 filis
2477 3374 2677 3432 sericis
2704 3372 2868 3432 rubri
2895 3379 2955 3432 et
2987 3373 3244 3434 subflavl
3270 3376 3500 3435 coloris.
3529 3376 3750 3435 Memo—

1166 3487 1362 3541 ratum
1404 3486 1603 3542 autem
1646 3487 1708 3540 et
1752 3481 2083 3559 germanice
2126 3485 2456 3540 extractum
2494 3496 2531 3539 a
2573 3480 2759 3540 Prae.
2785 3480 3000 3539 Bnamv
3015 3526 3034 3558 ,
3065 3477 3255 3540 Gescloe.
3288 3478 3392 3538 der
3421 3479 3606 3540 Bisclc.
3640 3498 3751 3541 von

1172 3583 1412 3666 Auqsb„
1442 3585 1535 3665 11,
1568 3584 1736 3663 2⁴5.)

1041 3770 1391 3843 Heinricus
1415 3772 1751 3868 septimus
1776 3771 2019 3845 diviua
2053 3773 2327 3843 favente
2358 3770 2714 3842 clementia
2751 3770 3209 3840 Romanorum
3238 3790 3361 3841 rex
3392 3779 3461 3842 et
3483 3794 3755 3868 semper

946 3903 1307 3987 augustus,
1351 3896 1695 3968 universis
1718 3897 1792 3967 in
1832 3904 2267 3992 perpetuum.
2303 3896 2390 3966 Ut
2427 3895 2494 3964 in
2528 3893 2776 3965 nostris
2811 3892 3231 3987 temporibus
3249 3896 3752 3989 recognitiones

940 4039 979 4087 a
1019 4019 1214 4091 nobis
1246 4021 1457 4110 facte,
1496 4019 1688 4093 fideli
1741 4029 1809 4091 et
1842 4020 2166 4114 prudenti
2203 4018 2484 4091 consilio
2516 4017 2915 4107 deliberate,
2950 4026 3133 4089 certa
3171 4019 3474 4112 quadam
3511 4021 3748 4092 notitia

939 4153 1398 4235 propagentur
1432 4143 1503 4213 in
1538 4152 1880 4237 posteros,
1926 4164 2012 4215 ne
2038 4163 2364 4236 processu
2403 4142 2726 4237 temporis
2751 4163 2871 4235 per
2897 4149 3208 4213 exortam
3235 4142 3602 4214 oblivionis
3638 4167 3751 4216 ca·

939 4264 1211 4357 liginem
1240 4276 1689 4353 evanescant,
1737 4267 2113 4338 litterarum
2149 4267 2640 4339 consuevimus
2690 4263 2966 4337 indiciis
3011 4267 3327 4338 eteruari.
3371 4268 3756 4340 Meminerit

938 4387 1142 4480 igitur
1170 4410 1458 4483 presens
1491 4399 1636 4461 etas
1659 4398 1729 4463 et
1762 4398 2130 4483 cognoscat
2160 4390 2392 4461 futura
2428 4388 2785 4484 posteritas
2815 4386 3007 4481 quod
3039 4409 3164 4461 nos
3199 4390 3754 4482 recognoscimus

939 4511 1216 4582 ecclesie
1249 4510 1671 4604 Augustensi
1713 4511 2150 4584 medietatem
2189 4512 2648 4604 precariarum
2679 4533 2801 4582 seu
2834 4512 3269 4583 collectarum
3299 4534 3476 4605 quas
3502 4536 3544 4585 a
3571 4513 3754 4585 civi-

940 4630 1072 4700 bus
1106 4632 1661 4726 Augustensibus
1694 4633 2023 4729 deinceps
2057 4632 2468 4706 duxerimus
2509 4632 2933 4725 exigenda83
2994 4636 3303 4707 volentes
3337 4643 3417 4706 ut
3462 4635 3752 4709 dilectus

946 4752 1254 4850 princeps
1290 4763 1523 4828 noster
1553 4756 1790 4830 Siboto
1817 4755 2272 4852 Augustensis
2304 4756 2590 4829 ecclesie
2617 4756 2986 4853 episcopus
3020 4767 3090 4830 et
3133 4758 3427 4853 quilibet
3467 4782 3755 4835 succes-

3919 1194 4042 1248 Apud

3847 1246 4086 1299 Augustam
4098 1278 4112 1301 ‚

3826 1303 3855 1343 ὖ
3876 1302 4139 1344 novembrio.

3800 2789 3925 2845 Apud
3948 2789 4130 2833 Ulmum
4143 2820 4154 2840 ,

3800 2847 3855 2889 22
3892 2845 4153 2887 novembris.
