4842 5802
1919 612 2538 676 Anm'rAMEN'rA.
3105 643 3116 654 ·
3514 608 3635 670 955

813 752 960 825 suis
1012 748 1354 823 universis
1399 746 1673 819 civibus
1717 747 2344 821 Wormaciensibus
2393 747 2686 840 gratiam
2736 768 2933 819 suam
2981 754 3050 817 et
3096 766 3302 818 omne
3340 743 3625 819 bonum.

815 871 1361 969 Significandum
1414 870 1748 944 duximus
1796 867 2053 968 [vobis]
2107 871 2298 966 quod
2347 893 2473 943 nos
2524 871 2703 944 inter
2747 870 3150 966 episcopum
3200 877 3507 942 vestrum
3566 878 3636 942 et

816 1020 941 1070 vos
982 994 1422 1071 concordiam
1489 996 1779 1068 fecimus
1831 1005 1901 1068 et
1960 996 2562 1069 reconciliavimus
2615 1017 2742 1069 vos
2806 995 2899 1068 ad
2951 995 3266 1090 plenum,
3324 997 3637 1068 volentes

813 1132 892 1193 ut
935 1121 1297 1194 consilium
1341 1128 1650 1192 vestrum
1699 1128 1770 1192 et
1804 1119 2389 1192 confraternitates
2433 1128 2695 1192 vestras
2736 1118 3091 1191 dimittatis
3141 1139 3351 1212 super
3399 1120 3633 1190 consi-

816 1245 985 1316 lium
1036 1253 1342 1317 nostrum
1378 1254 1449 1317 et
1477 1243 1722 1336 juretis
1752 1242 1965 1315 banni
1996 1244 2344 1335 justiciam
2384 1265 2596 1338 super
2629 1264 2754 1315 nos
2796 1253 2866 1315 et
2899 1242 3259 1315 consilium
3292 1252 3626 1315 nostrum.

817 1368 1266 1441 Decrevimus
1318 1368 1550 1461 itaque
1599 1368 1672 1438 in
1722 1367 1998 1440 instanti
2052 1370 2227 1441 festo
2275 1368 2754 1441 Decollationis
2807 1367 3022 1439 sancti
3077 1366 3405 1441 Iohannis
3450 1369 3637 1462 Bap-

820 1492 974 1564 tiste
1003 1491 1109 1589 (l)
1138 1491 1425 1564 dilectos
1461 1491 1826 1563 familiares
1855 1500 2124 1563 nostros
2155 1492 2624 1564 venerabilem
2658 1493 3135 1583 Maguntinum
3172 1491 3642 1584 archiepisco-

820 1639 1025 1713 pum,
1080 1616 1542 1688 marchionem
1606 1614 1697 1687 de
1746 1615 2019 1706 Baden,
2062 1615 2420 1687 Gerlacum
2472 1615 2561 1689 de
2608 1615 2947 1708 Butingen
3004 1623 3073 1685 et
3114 1615 3499 1710 dapiferum
3551 1615 3641 1689 de

821 1741 1153 1836 Walpurc
1196 1739 1290 1813 ad
1329 1761 1458 1812 vos
1491 1760 1534 1810 a
1568 1740 1778 1811 latere
1824 1749 2056 1812 nostro
2085 1739 2577 1828 transmittere,
2624 1738 2815 1833 quod
2857 1739 3033 1811 inter
3074 1759 3201 1810 vos
3244 1739 3645 1811 auctoritate

822 1872 1055 1937 nostra
1092 1872 1162 1936 et
1200 1863 1471 1957 imperii
1503 1871 1806 1935 statuant
1832 1873 1914 1934 et*
1935 1873 2348 1956 componant
2372 1862 2464 1935 ad
2495 1862 2830 1935 honorem
2871 1867 3178 1933 nostrum
3216 1870 3285 1933 et
3332 1862 3636 1955 imperii3
3709 1928 3719 1942 ,

822 1986 1229 2060 mandantes
1267 1987 1467 2059 vobis
1502 1995 1572 2059 et
1614 1985 2003 2059 firmissime
2036 1987 2489 2081 precipientes
2540 1995 2884 2080 quatenus
2938 1985 3146 2058 dictis
3194 1986 3645 2059 familiaribus

823 2110 1071 2182 nostris
1103 2109 1398 2183 credatis
1437 2111 1510 2183 in
1546 2110 1681 2182 hiis
1715 2131 1855 2205 que
1896 2110 2098 2182 vobis
2131 2110 2436 2184 dixerint
2465 2120 2534 2184 et
2565 2109 2993 2206 preceperint
3029 2109 3363 2183 facienda.

922 2237 1169 2307 Datum
1202 2234 1391 2330 apud
1423 2235 1895 2322 Frankenfort,
1936 2236 2027 2308 VI
2059 2234 2220 2307 idus
2248 2235 2555 2327 augusti,
2585 2234 2960 2308 indictione
2991 2235 3069 2306 V.

932 2824 1210 2910 Notitia
1248 2825 1884 2907 documentorum
1919 2823 2014 2905 de
2049 2820 2333 2932 quibus
2371 2846 2527 2904 non
2566 2828 2685 2901 sat
2718 2819 2912 2901 bene
2946 2830 3270 2904 constat.

926 3067 1144 3142 1232.
1187 3067 1264 3137 In
1294 3064 1521 3160 questi
1559 3063 1769 3157 tempi
1803 3059 2286 3157 l'imperadore
2325 3059 2649 3133 Federico
2692 3057 2993 3132 secondo
3049 3059 3254 3133 diede
3310 3061 3379 3132 in
3439 3062 3677 3166 feudo-

829 3191 894 3261 la
941 3197 1189 3282 quarta
1236 3196 1431 3282 parte
1479 3185 1778 3274 d'Alice,
1818 3193 1999 3257 terra
2047 3184 2163 3256 nel
2212 3184 2631 3275 Monferato‚
2684 3189 2736 3255 'a
2778 3182 3125 3256 Bonifazio
3177 3185 3446 3258 Guasco
3482 3188 3652 3277 [civi

827 3306 1374 3404 Alexandrino];
1416 3309 1464 3380 il
1515 3309 1721 3401 quale
1770 3308 2005 3403 poscia
2036 3328 2078 3379 e
2110 3306 2136 3378 i
2165 3307 2318 3379 suoi
2365 3306 2837 3398 discendenti,
2884 3306 3248 3380 acciocche
3294 3308 3352 3381 si
3396 3331 3652 3384 conos-

828 3452 980 3503 sero
1029 3431 1369 3504 differenti
1414 3429 1604 3524 dagli
1646 3431 1801 3502 altri
1853 3431 1929 3504 di
1984 3431 2217 3525 quella
2273 3431 2580 3525 famiglia
2601 3484 2622 3522 ,
2680 3432 2926 3503 furono
2981 3430 3302 3504 chiamati
3351 3431 3650 3507 Guaschi

833 3553 1121 3627 d’Alice.
1163 3551 1462 3643 Gaium,
1503 3553 1749 3625 Annal.
1793 3552 2270 3644 d’Alessandr.,
2310 3575 2384 3647 p.
2426 3555 2543 3625 33.

928 3796 1244 3869 Frederic
1280 3796 1339 3866 11
1376 3792 1668 3866 accorde
1703 3793 1745 3866 a
1781 3794 1962 3864 Pons
1993 3791 2402 3883 d'Astoaud,
2440 3816 2528 3866 en
2566 3794 2790 3886 1232,
2828 3818 2921 3866 un
2953 3795 3134 3869 droit
3167 3797 3257 3871 de
3281 3802 3499 3893 peage
3531 3822 3651 3872 sur

834 3923 931 3994 les
966 3930 1176 3993 terres
1209 3941 1349 4013 que
1377 3918 1476 3989 lui
1503 3918 1693 3990 avait
1720 3916 2024 3989 donnees
2054 3917 2120 3990 le
2152 3926 2377 3989 comte
2413 3917 2504 3991 de
2530 3918 2893 3993 Toulouse.
2937 3921 3420 4016 Prrnon-Cunr,
3465 3927 3642 3997 Hist.

831 4047 910 4118 de
940 4045 1009 4116 la
1035 4044 1210 4114 ηοω.
1252 4043 1348 4114 du
1370 4042 1577 4113 comte
1617 4043 1986 4133 Venaissin,
2029 4049 2077 4112 t.
2118 4042 2173 4131 1,
2210 4064 2282 4137 p.
2326 4043 2446 4115 98.

932 4304 958 4371 l
979 4303 1146 4377 232.
1171 4300 1655 4374 Confirmation
1688 4301 2041 4397 imperiale
2062 4323 2149 4375 en
2170 4260 2412 4375 faueur
2434 4301 2524 4374 de
2547 4298 2864 4396 l'eveque
2880 4301 2969 4376 de
2983 4303 3161 4397 Gap.
3181 4305 3343 4377 Note
3367 4307 3641 4402 envoyde

829 4449 960 4519 par
986 4428 1076 4497 M.
1111 4427 1406 4512 Gautier,
1429 4427 1888 4499 bibliothecaire
1911 4428 1991 4498 de
2019 4427 2088 4498 la
2109 4427 2260 4498 ville
2284 4425 2363 4496 de
2390 4427 2563 4520 Gap.
2592 4424 2714 4522 (Le
2741 4427 3078 4521 privilege
3104 4427 3324 4523 paralt
3357 4431 3641 4528 perdu.)

908 4731 982 4803 (t)
1019 4731 1232 4789 Scilicet
1257 4735 1329 4792 29
1355 4734 1586 4805 augusti.
