4842 5802
864 611 1056 670 lame-r.
1089 604 1178 690 9.]
1767 601 2158 665 HISTORIA
2209 602 2798 667 mPLOMATmA.
3559 596 3676 660 891

865 743 1029 833 rati,
1075 742 1266 814 salva
1295 740 1368 812 in
1402 738 1728 812 omnibus
1773 746 2005 810 nostra
2034 737 2417 811 reverentia
2458 746 2528 810 et
2562 737 2996 824 auctoritate,
3031 741 3422 807 reverenter
3449 732 3684 805 obser-

863 865 1042 939 vetis
1070 863 1333 936 eisdem
1369 861 1667 949 civibus,
1713 869 1790 931 ut
1823 861 2130 933 favorem
2167 869 2394 934 nostre
2428 861 2646 953 gratie
2681 861 2817 933 sibi
2849 858 3093 933 adesse
3124 857 3421 932 sentiant
3448 866 3518 930 et
3554 877 3680 930 vos

864 988 1133 1083 possitis
1166 1007 1288 1081 per
1324 985 1456 1059 hoc
1491 1006 1534 1057 a
1565 993 1797 1057 nostra
1829 984 2237 1057 celsitudine
2266 984 2759 1059 commendari.

957 1113 1208 1183 Datum
1244 1107 1434 1206 apud
1465 1107 1877 1202 Augustam,
1919 1106 2186 1181 decima
2223 1108 2420 1180 tertia
2444 1108 2626 1199 julii,
2669 1128 2850 1179 nona
2880 1103 3279 1177 indictione.

965 1770 1431 1875 FridericuS,
1491 1769 2012 1853 Romanorum
2073 1769 2523 1875 imperator,
2584 1764 2971 1877 generales
3034 1765 3417 1848 nundinas
3471 1764 3674 1874 apud
3790 1791 3832 1873 „¹²

3805 1896 3834 1927 u

858 1902 1160 1986 Lubeck
1198 1902 1419 1985 annis
1473 1900 1795 2011 singulis
1834 1927 1880 1981 a
1915 1900 2109 1982 festo
2151 1899 2624 1982 Pentecostes
2671 1922 2914 2006 usque
2960 1899 3060 1980 ad
3103 1898 3383 1980 festum
3436 1896 3676 1979 sancti

857 2033 1111 2116 Jacobi
1141 2033 1633 2116 celebrandas
1672 2031 1962 2139 statuit,
2002 2030 2509 2139 omnibusque
2542 2028 2894 2112 fidelibus
2939 2028 3255 2111 mandat
3291 2038 3377 2112 ut
3410 2029 3509 2111 ad
3546 2053 3676 2111 eas

860 2165 1004 2248 sub
1041 2191 1183 2248 sua
1215 2176 1292 2248 et
1325 2163 1621 2273 imperii
1658 2164 2055 2246 securitate
2088 2162 2421 2246 veniant.

1017 2398 1206 2478 (Edit.
1236 2416 1335 2477 ap.
1370 2396 1511 2462 Cod.
1543 2395 1844 2477 diplomat.
1872 2394 2109 2470 Labeo„
2136 2413 2272 2473 pars
2299 2397 2372 2472 1⁸,
2401 2414 2460 2473 p.
2490 2404 2590 2473 88,
2619 2404 2687 2456 n⁰
2713 2395 2981 2469 LXXVI,
3006 2412 3082 2457 ex
3107 2395 3257 2456 libro
3280 2394 3490 2473 coplali
3511 2395 3670 2456 dicto

1089 2501 1162 2565 de
1185 2502 1542 2584 Bardewiclt,
1571 2504 1676 2565 fol.
1713 2501 1836 2582 12.)

951 2713 1388 2807 Fredericus,
1427 2716 1551 2787 Dei
1593 2715 1813 2809 gratia
1843 2714 2307 2787 Romanorum
2355 2714 2723 2809 imperator
2760 2735 3028 2810 semper
3065 2722 3438 2805 augustus,
3475 2714 3668 2786 Jeru-

852 2840 1064 2914 salem
1122 2850 1191 2914 et
1242 2840 1470 2913 Sicilie
1525 2862 1685 2934 rex,
1725 2840 2069 2913 universis
2104 2849 2244 2913 tam
2291 2839 2614 2914 fidelibus
2660 2860 2871 2934 quam
2912 2838 3152 2912 amicis
3202 2836 3471 2933 imperii
3510 2858 3661 2933 pre·

851 2973 1076 3038 sentes
1123 2965 1381 3038 litteras
1424 2964 1838 3061 inspecturis
1884 2963 2205 3037 fidelibus
2248 2965 2395 3037 suis
2441 2964 2731 3059 gratiam
2774 2985 2970 3036 suam
3020 2972 3091 3035 et
3126 2985 3332 3036 omne
3374 2963 3661 3036 bonum.

852 3087 1024 3161 Cum
1076 3088 1415 3183 generalis
1461 3089 1724 3162 utilitas
1770 3112 1894 3186 per
1944 3090 2203 3163 alterna
2258 3089 2670 3162 commercia
2732 3088 3158 3162 venientium
3206 3088 3280 3159 in
3333 3086 3667 3161 nundinis

848 3221 1257 3306 procuretur
1291 3220 1363 3283 et
1396 3231 1489 3285 ex
1523 3223 1756 3286 nostra
1792 3212 2168 3286 intentione
2204 3212 2534 3308 procedat
2569 3213 2669 3284 sic
2713 3210 3019 3284 fidelium
3066 3221 3450 3284 nostrorum
3480 3211 3668 3283 utili-

848 3334 971 3406 tati
1003 3335 1500 3430 prospicereut
1528 3335 1792 3407 exinde
1818 3336 2022 3430 longe
2054 3337 2325 3430 lateque
2356 3337 2714 3431 proveniat
2745 3344 3081 3429 oportuna
3114 3335 3431 3407 materies
3462 3356 3666 3408 com-

849 3454 1200 3528 moditatis
1226 3455 1321 3529 ad
1347 3477 1612 3549 omnes,
1654 3459 1832 3530 scire
1857 3458 2182 3531 volumus
2217 3459 2578 3532 universos
2612 3457 2808 3553 quod
2836 3479 2959 3551 pro
2991 3458 3339 3530 communi
3375 3458 3664 3531 utilitate

848 3576 1156 3649 omnium
1205 3579 1558 3670 generales
1597 3580 1948 3652 nundinas
1986 3580 2174 3675 apud
2212 3583 2493 3654 Lubeke
2539 3583 2885 3654 civitatem
2930 3592 3225 3653 nostram
3266 3582 3467 3653 annis
3513 3583 3657 3653 sin-

847 3700 1031 3795 gulis
1088 3701 1455 3774 statuimus
1507 3703 1946 3776 celebrandas
1968 3757 1988 3793 ‚
2028 3726 2169 3797 que
2228 3705 2300 3775 in
2358 3705 2529 3777 festo
2575 3705 3005 3777 Pentecostes
3054 3703 3308 3777 debent
3356 3705 3659 3801 incipere

847 3845 1069 3918 usque
1099 3823 1191 3896 ad
1225 3825 1476 3896 festum
1508 3827 1903 3920 proximum
1931 3827 2148 3899 sancti
2183 3827 2421 3900 Jacobi
2446 3826 2736 3924 apostoli
2765 3827 3018 3898 utiliter
3046 3826 3396 3900 durature.
3430 3829 3659 3913 Quare

845 3948 1260 4020 mandamus
1311 3947 1741 4021 universitati
1795 3959 2023 4024 vestre
2071 3959 2431 4023 monentes
2475 3951 2799 4023 attentius
2838 3959 2907 4022 et
2942 3950 3289 4022 hortantes
3329 3952 3658 4045 quatinus

844 4072 1095 4146 amodo
1125 4092 1286 4142 cum
1334 4073 1793 4145 mercimoniis
1833 4082 1901 4147 et
1945 4075 2156 4148 rebus
2201 4075 2451 4149 vestris
2502 4074 2595 4149 ad
2636 4073 2914 4147 easdem
2961 4073 3309 4147 nundinas
3346 4077 3657 4171 predicto

842 4193 1131 4266 termino
1174 4194 1576 4267 constitutas
1613 4198 1965 4270 annuatim
2015 4199 2380 4292 pervenire
2420 4199 2707 4285 curetis,
2752 4198 3111 4270 commoda
3151 4208 3377 4271 vestra
3411 4201 3654 4273 facturi

841 4318 975 4390 sub
1012 4331 1243 4393 nostra
1270 4330 1336 4393 et
1367 4320 1634 4416 imperii
1669 4324 2031 4397 securitate
2056 4345 2268 4419 quam
2300 4324 2623 4398 omnibus
2648 4324 3087 4396 venientibus
3121 4322 3457 4397 duximus
3487 4347 3653 4398 con-

841 4441 1249 4516 cedendam.
1286 4446 1544 4518 Tenore
1581 4446 1791 4540 igitur
1824 4449 2246 4542 presentium
2285 4447 2729 4542 prohibemus
2759 4455 2828 4518 et
2860 4446 3277 4541 precipimus
3311 4448 3656 4521 universis

841 4568 1166 4658 quatinus
1204 4568 1436 4640 nullus
1471 4569 1560 4641 sit
1603 4571 1721 4667 qui
1754 4571 2112 4644 venientes
2154 4570 2247 4643 ad
2272 4569 2622 4643 nundinas
2657 4570 2842 4665 ipsas
2870 4570 2940 4639 in
2978 4571 3284 4662 personis
3329 4580 3398 4642 et
3448 4574 3656 4645 rebus

843 4696 1075 4760 contra
1117 4697 1347 4762 nostre
1381 4693 1769 4767 securitatis
1803 4694 2304 4789 indulgentiam
2348 4702 2703 4789 presumat
2736 4691 3085 4766 offendere
3135 4694 3248 4766 vel
3299 4705 3656 4793 attemptet
