4842 5802
894 659 1099 720 lxmcr.
1126 651 1215 739 9.]
1801 648 2197 713 HISTORIA
2240 646 2829 712 muous'rch.
3608 645 3730 709 815

895 799 968 866 et
999 788 1235 863 Sicilie
1262 807 1417 861 rex.
1456 782 1570 859 Ad
1608 792 1972 861 commune
2003 784 2266 859 bonum
2296 783 2487 879 pacis
2529 792 2599 857 et
2634 803 2760 878 pro
2791 779 3125 877 sopienda
3131 833 3716 858 ........

894 916 1222 1007 majestas
1248 909 1456 985 simul
1479 917 1552 982 et
1583 906 1862 985 devotio
1879 909 2068 1000 juste
2093 907 2518 982 conveniunt
2541 915 2610 979 et
2625 927 2766 979 nen
2787 905 3020 978 minus
3051 904 3489 980 concordiam
3509 928 3725 1002 quam

888 1037 1231 1131 justitiam
1264 1034 1796 1130 amplectuntur,
1824 1040 1904 1105 ut
1930 1025 2269 1130 digna‘sit
2300 1030 2653 1126 regnantis
2678 1029 2998 1122 maJestas
3025 1038 3099 1102 et
3134 1030 3464 1126 principis
3499 1030 3728 1104 devo-

894 1162 1107 1236 tionis
1131 1159 1443 1257 provisio
1474 1156 1899 1231 laudabilius
1924 1177 2049 1252 per
2080 1155 2645 1251 compositionem
2684 1154 2756 1227 in
2788 1154 2898 1227 his
2931 1175 3074 1248 que
3115 1156 3275 1247 jure
3308 1155 3566 1229 sandali
3599 1156 3724 1230 de·

894 1286 1152 1360 bentur
1184 1335 1479 1357 ......
1515 1281 1782 1355 serenis
1817 1279 2177 1355 affectibus
2204 1302 2417 1374 quam
2445 1278 2818 1353 eminentia
2841 1278 3101 1372 jurium
3127 1278 3523 1353 convenire.
3552 1281 3728 1352 Hinc

898 1418 1007 1485 est
1029 1410 1242 1504 igitar
1263 1406 1459 1504 qnod
1482 1408 1648 1479 'cum
1677 1405 1802 1479 diu
1833 1405 2297 1481 controversia
2314 1404 2521 1481 fuerit
2548 1404 2725 1477 inter
2742 1423 2877 1476 nos
2897 1424 2990 1476 ex
3013 1412 3206 1498 parte
3237 1425 3379 1477 una
3411 1413 3482 1477 et
3512 1403 3725 1478 diiec-

899 1545 1052 1606 tum
1070 1532 1449 1629 principem
1466 1540 1778 1605 nostrum
1796 1528 2242 1605 Bertboidn'm
2250 1527 2721 1615 venerabilem
2735 1525 3308 1622 Argentinensem
3325 1529 3727 1624 episcopum

898 1678 1031 1753 pro
1066 1658 1259 1753 parte
1288 1676 1417 1728 sua
1448 1662 1522 1727 et
1557 1653 1847 1728 ecclesie
1878 1676 2004 1727 sue
2035 1675 2131 1726 ex
2167 1653 2379 1727 altera
2408 1650 2506 1726 de
2541 1651 2749 1727 sendo
2779 1650 2982 1746 qnod
3003 1673 3131 1727 nos
3165 1673 3290 1747 pro
3326 1662 3522 1749 parte
3566 1675 3725 1749 pro-

899 1780 1291 1877 genitorum
1308 1780 1701 1852 nostrorum
1720 1778 1795 1850 in
1817 1777 2022 1850 bonis
2038 1776 2350 1869 ejusdem
2370 1775 2659 1849 ecclesie
2679 1775 3143 1870 contingebat,
3161 1785 3236 1849 et
3250 1776 3464 1848 multa
3490 1778 3734 1851 fuisset

899 1924 1029 1999 pro
1054 1912 1361 1999 tempore
1380 1901 1546 1975 hinc
1577 1901 1745 1975 inde
1774 1901 2103 1993 turbatio,
2128 1908 2212 1973 ut
2238 1900 2420 1975 felici
2450 1911 2757 1996 tempore
2786 1908 3021 1972 nostro
3041 1909 3111 1973 et
3129 1894 3386 1973 diebus
3419 1900 3732 1994 ejusdem

902 2027 1208 2124 episcopi
1232 2036 1621 2122 pacaretur,
1642 2024 1908 2119 dignen
1931 2046 2175 2098 sumus
2196 2024 2554 2098 inflectere
2571 2023 2907 2114 animum,
2939 2014 3261 2121 [nosque]
3286 2033 3360 2097 et
3384 2023 3568 2098 idem
3591 2026 3732 2121 epi·

899 2172 1158 2247 scopus
1187 2148 1438 2223 eadem
1477 2147 2030 2222 consideratione
2071 2147 2331 2221 ductus
2370 2147 2466 2221 ad
2511 2146 2975 2242 subscriptam
3023 2147 3586 2243 compositionem
3636 2148 3733 2221 de

901 2274 1257 2345 communi
1282 2283 1352 2346 et
1369 2272 1673 2366 gratuita
1689 2274 2048 2345 voluntate
2066 2270 2302 2345 debita
2320 2270 2727 2344 solennitate
2747 2270 3229 2358 convenimus,
3248 2279 3455 2365 pmut
3478 2272 3733 2365 iegitur

902 2398 975 2469 in
1003 2396 1351 2491 sequenti.
1385 2396 1610 2469 Primo
1634 2395 1873 2490 itaque
1908 2394 2092 2468 idem
2119 2395 2484 2490 episcopus
2506 2414 2637 2489 pro
2653 2402 2850 2488 parte
2871 2414 3001 2466 sna
3025 2403 3099 2466 et
3127 2395 3413 2467 ecclesie
3435 2415 3565 2469 sue
3583 2418 3726 2469 una

902 2542 1067 2592 cum
1098 2518 1448 2594 communi
1483 2540 1771 2591 assensu
1804 2519 2093 2590 fratrum
2122 2538 2407 2591 suorum
2455 2517 2661 2591 totius
2697 2516 3020 2611 capituli,
3064 2518 3402 2590 concessit
3432 2519 3631 2591 nobis
3656 2530 3732 2592 et

902 2643 1307 2718 masculinis
1344 2641 1724 2716 heoedibus
1767 2641 2018 2715 nostris
2058 2640 2133 2713 in
2180 2650 2592 2737 perpetuum
2638 2641 2710 2712 in
2750 2649 3013 2713 rectum
3057 2640 3342 2714 feudum
3381 2643 3732 2718 civitatem

900 2766 1315 2841 Mulbausen
1342 2789 1504 2841 cum
1526 2769 1686 2861 jure
1704 2772 2112 2863 patronatus
2129 2764 2445 2859 ejusdem
2470 2764 2784 2856 eoeleste,
2826 2763 3141 2858 decimis,
3181 2767 3531 2858 censibus,
3569 2791 3732 2843 cum

774 2988 783 2991 ‚
901 2892 1300 2985 advocatia,
1349 2891 1658 2987 judicio,
1720 2886 2162 2984 nomm-ibus,
2225 2889 2446 2986 agris,
2504 2888 3035 2986 piscationibuS,
3092 2892 3340 2986 pratis,
3411 2892 3725 2988 pascuis,

902 3017 1104 3092 terris
1139 3017 1344 3089 cultis
1384 3025 1458 3089 et
1487 3015 1765 3088 incultis
1813 3023 1890 3086 et
1922 3035 2081 3088 cum
2114 3013 2307 3087 omni
2350 3013 2642 3086 utilitate
2689 3022 3062 3110 apparente
3094 3014 3209 3087 vel
3246 3015 3501 3089 latente
3545 3038 3734 3093 nnnc

902 3143 1247 3217 existente
1292 3142 1405 3216 vel
1441 3141 1699 3230 futura,
1738 3161 1903 3214 eum
1931 3139 2259 3214 omnibus
2298 3136 2878 3236 posseoeionibus,
2902 3139 3179 3232 juribus
3207 3148 3282 3213 et
3308 3141 3735 3236 pertinentiis

902 3264 1053 3335 suis
1096 3262 1305 3359 pleno
1345 3264 1504 3356 jure
1549 3262 1750 3334 nobis
1793 3260 1885 3335 de
1940 3271 2170 3340 cetero
2223 3259 2739 3356 possidendam.
2780 3261 2950 3333 Item
3005 3261 3347 3334 concessit
3397 3262 3602 3335 nobis
3659 3264 3734 3336 iu

904 3395 1167 3458 rectum
1208 3384 1498 3462 feudum
1535 3393 1836 3461 castrum
1870 3395 1942 3457 et
1968 3385 2210 3458 villam
2226 3383 2679 3477 Neweuburg
2697 3406 2857 3459 cum
2877 3383 3265 3458 advocatiis
3283 3386 3734 3462 cenobiorum

907 3507 981 3579 ia
1012 3507 1264 3581 Selden
1283 3520 1356 3581 et
1380 3507 1456 3579 win
1466 3507 1990 3581 Vilmmsoelleu
2009 3517 2086 3579 et
2110 3527 2271 3580 cum
2288 3508 2447 3600 june
2475 3514 2874 3602 pausatus
2899 3507 3379 3600 ecclesiarum,
3412 3509 3734 3583 villarum

905 3629 1171 3703 scilieet
1204 3629 1671 3722 Anmutiugm
1692 3683 1713 3721 ,
1751 3629 2106 3724 'feningen
2132 3639 2209 3704 et
2236 3630 2719 3720 Neweubmffi
2758 3639 2830 3703 et
2856 3630 3195 3725 quicquid
3218 3632 3394 3722 juris
3422 3632 3632 3708 habet
3661 3635 3733 3706 in

904 3751 1172 3828 eisdem
1195 3753 1385 3826 villis
1408 3773 1684 3826 necnon
1712 3774 1873 3825 cum
1905 3754 2093 3826 omni
2113 3757 2295 3847 jure,
2319 3753 2875 3849 possessionibus
2896 3763 2967 3826 et
2993 3754 3424 3850 pertinentiis
3447 3757 3621 3848 suis,
3643 3757 3738 3834 ita

907 3877 1117 3973 piane
1144 3883 1216 3949 et
1240 3875 1511 3970 integre
1540 3875 2136 3971 qumadmudnm
2161 3877 2319 3973 ipse
2342 3886 2417 3949 et
2437 3875 2720 3949 ecclesia
2745 3898 2879 3949 sua
2908 3897 2991 3949 ea
3021 3898 3243 3971 usque
3267 3876 3476 3951 modo
3500 3889 3738 3952 tenue-

908 3999 1084 4091 rint,
1128 3999 1444 4096 exceptis
1478 3999 2049 4074 ministerialibus
2076 4001 2442 4094 utriusque
2471 4020 2690 4072 ¹sexus
2725 4000 3037 4074 militaris
3090 3999 3530 4075 conditionis.
3568 4004 3737 4079 Item

906 4123 1245 4198 concessit
1278 4123 1480 4197 nobis
1516 4124 1590 4195 in
1616 4122 1978 4197 Heleheim
2002 4133 2076 4196 et
2110 4123 2443 4202 Muoeche
2473 4122 2876 4198 advocatias
2897 4145 3045 4220 qne
3083 4123 3340 4201 dehent
3366 4127 3578 4200 teneri
3612 4148 3739 4222 per

906 4268 1034 4321 nos
1062 4258 1132 4320 et
1155 4246 1445 4321 heredes
1466 4256 1765 4339 nostros,
1790 4247 1892 4320 ita
1918 4247 2245 4322 videlicet
2271 4247 2463 4344 qnod
2489 4246 2832 4343 quicquid
2861 4249 2976 4320 vel
3009 4249 3609 4343 qualitercumque
3641 4271 3736 4322 cx

903 4370 1057 4462 eJus
1079 4371 1193 4443 vel
1219 4393 1458 4444 earum
1486 4371 1918 4467 pertinentiis
1945 4381 2270 4445 exactum
2301 4372 2509 4445 fuerit
2540 4372 2655 4445 vei
2693 4371 3106 4467 acquisitum
3151 4394 3274 4469 per
3304 4394 3433 4445 nos
3463 4373 3576 4446 vei
3609 4395 3737 4470 per

906 4492 1237 4566 officiales
1269 4504 1568 4584 nostros,
1591 4495 1771 4568 iuter
1800 4517 1931 4568 nos
1950 4501 2025 4568 et
2050 4494 2374 4568 eumdem
2409 4496 2816 4591 episcopum
2843 4495 2963 4568 vel
2991 4497 3208 4570 alium
3234 4496 3364 4590 qui
3398 4519 3520 4591 pro
3553 4508 3733 4570 tem-

910 4634 1081 4708 pore
1110 4616 1323 4689 fuerit
1342 4617 1678 4712 equaliter
1704 4617 2081 4694 dlvidetur.
2105 4619 2508 4691 Reservavit
2535 4619 2819 4714 insuper
2865 4619 2937 4689 in
2972 4616 3236 4692 eisdem
3271 4619 3454 4691 villis
3502 4622 3633 4693 sibi
3666 4632 3736 4694 et

910 4740 1429 4813 suecessoribus
1462 4741 1611 4815 suis
1639 4743 1756 4834 jus
1800 4752 2235 4837 patronatus,
2280 4741 2621 4836 decimas,
2664 4742 2939 4838 aliaque
2979 4743 3137 4836 jura
3168 4765 3308 4838 que
3338 4743 3448 4816 sui
3492 4743 3737 4840 prede-
