4842 5802
1180 588 1304 651 620
2224 594 2568 658 HENRICI
2617 596 2945 657 saprum
3625 595 3786 674 [An.
3825 596 3996 659 1233.

1184 720 1319 830 qui
1355 728 1662 830 propter
1699 731 2025 805 mortem
2061 724 2300 832 patris
2338 727 2457 808 sui
2500 754 2656 810 non
2691 728 2885 811 bene
2935 726 3301 810 sentiebat
3350 752 3529 810 cum
3570 754 3776 839 rege.
3829 728 4003 811 Dux

1186 864 1442 936 autem
1514 879 1672 935 non
1743 855 2005 937 valens
2077 858 2450 943 sustinere
2509 869 2803 946 tantam
2866 860 3431 944 multitudinem
3490 872 3568 947 et
3631 861 4002 971 impetum

1187 986 1391 1096 regis
1445 995 1519 1068 et
1583 1012 1897 1070 suorum
1925 1050 1948 1095 ‚
2025 990 2225 1073 datis
2277 993 2674 1077 obsidibus
2735 995 2940 1079 venit
3010 997 3109 1076 ad
3179 995 3641 1078 deditionem
3702 1003 3778 1076 et
3828 993 4005 1075 fecit

1186 1142 1482 1225 pacem.
1532 1122 1798 1200 Annal.
1848 1121 2223 1228 Arqentin.
2287 1150 2409 1232 ap.
2464 1126 2849 1230 Boanum,
2900 1127 3211 1224 Ibidem,
3259 1136 3317 1208 t.
3349 1127 3507 1233 ΠΙ,
3547 1155 3627 1235 p.
3677 1127 3856 1208 107.
3895 1171 4006 1186 -

1187 1250 1458 1333 Postea
1493 1277 1626 1332 rex
1660 1251 2052 1334 Heinricus
2088 1255 2564 1363 imperatoris
2602 1259 2807 1341 filius
2844 1284 3020 1341 cum
3057 1259 3386 1340 exercitu
3423 1283 3709 1367 magno
3743 1265 4008 1339 contra

1191 1385 1463 1465 ducem
1519 1382 1905 1468 Bawariae
1957 1388 2313 1493 perrexit,
2372 1390 2769 1499 coegitque
2803 1416 2980 1472 eum
3034 1391 3244 1498 quod
3306 1416 3387 1471 se
3437 1389 3788 1499 potestati
3825 1414 4008 1469 suae

1192 1515 1531 1599 tradidit.
1583 1515 1867 1598 Histor.
1920 1517 2186 1627 imper.
2241 1546 2366 1628 ap.
2418 1521 2806 1628 ΜΕΝοΚΕΝ,
2850 1523 3180 1631 Script.,
3229 1532 3288 1605 t.
3341 1521 3478 1628 ΙΙΙ,
3528 1549 3606 1630 p.
3656 1523 3835 1603 126.
3883 1518 4000 1601 Cf.

1194 1647 1434 1758 Epist.
1476 1656 1705 1730 Henr.
1752 1648 1950 1758 reqis
1990 1655 2092 1730 ad
2136 1652 2462 1762 episcop.
2505 1655 2886 1763 lindesia„
2926 1682 3123 1764 quae
3159 1655 3397 1761 infra,
3437 1657 3489 1734 2
3530 1663 3719 1762 sept.
3768 1654 3999 1734 1234.

2528 1974 2754 1985 m
2773 1974 3384 1984 ——--———--—-—--—
3396 1976 3503 1983 --·-——
3517 1976 3554 1984 ω

811 2265 1081 2373 gfflffi
1298 2262 1700 2368 Hem-iem,
1729 2260 2250 2345 Romanorum
2276 2286 2441 2365 rex,
2461 2258 2844 2371 Rudigero
2868 2262 3290 2345 Pataviensi
3320 2262 3669 2371 episcopo
3696 2263 4012 2346 mandat

776 2374 822 2416 ¹⁰
850 2352 1132 2427 '‘pm‘’'ffi’
1196 2407 1281 2478 ut
1308 2394 1913 2504 jurisdictionem
1962 2394 2042 2473 in
2107 2393 2445 2475 cometiis
2498 2393 2738 2503 ipsius
2795 2404 2869 2476 et
2922 2394 3276 2476 ecclesiae
3329 2395 3494 2503 ejus
3547 2403 3885 2478 exerceat
3936 2404 4013 2476 et

1194 2528 1586 2611 exercendi
1642 2527 2080 2608 facultatem
2142 2525 2457 2630 habeat,
2509 2552 2663 2607 non
2708 2525 3186 2609 obstantibus
3237 2526 3505 2609 litteris
3557 2555 3755 2638 quae
3819 2554 4013 2637 sup-

1194 2684 1457 2768 presso
1494 2682 1761 2740 earum
1802 2667 2059 2739 tenore
2097 2681 2144 2735 a
2177 2681 2356 2763 rege
2391 2655 2673 2737 fuerint
2706 2656 3174 2764 impetratae.

1365 2874 1557 2955 (Edit.
1589 2890 1689 2952 ap.
1717 2873 1980 2934 Menum.
2011 2873 2195 2949 Boio„
2225 2878 2273 2934 t.
2308 2873 2538 2949 XXXI,
2567 2889 2705 2951 pars
2737 2880 2816 2949 1⁸,
2845 2889 2901 2951 p.
2944 2881 3086 2946 557,
3115 2889 3149 2932 e
3174 2872 3308 2935 cod.
3338 2873 3618 2948 Passav„
3651 2875 3771 2949 III,
3804 2883 3905 2938 72.
3933 2908 4015 2920 —

1439 2982 1787 3041 Extractum
1812 2985 2011 3040 autem
2036 2979 2113 3041 ab
2137 2982 2439 3041 Aventino
2462 2981 2526 3039 in
2552 2980 2863 3059 Excerptis
2890 2980 3153 3054 Passav„
3184 2996 3278 3058 ap.
3307 2980 3563 3055 Omns,
3595 2981 3649 3054 Ι,
3681 2988 3820 3054 715,
3849 2982 3933 3053 a.)

1301 3164 1700 3254 HeinricuS,
1763 3164 1890 3236 Dei
1944 3164 2163 3257 gratia
2207 3165 2668 3237 Romanorum
2720 3188 2845 3239 rex
2903 3175 2973 3237 et
3025 3187 3295 3260 semper
3338 3174 3713 3258 augustae,
3771 3164 4019 3237 dilecto

1205 3289 1502 3387 principi
1545 3310 1675 3361 suo
1731 3289 1812 3360 R.
1878 3288 2251 3361 venerabili
2312 3289 2636 3384 episcopo
2692 3289 3079 3363 Pataviensi
3129 3288 3422 3382 gratiam
3469 3309 3669 3360 suam
3713 3299 3782 3358 et
3816 3308 4022 3360 omne

1208 3415 1499 3487 bonum.
1540 3413 1750 3484 Iustis
1797 3412 2176 3507 petentium
2217 3412 2582 3485 desideriis
2620 3422 2756 3485 tam
2811 3414 3015 3506 vigor
3056 3412 3375 3505 equitatis
3420 3434 3548 3485 nos
3589 3411 3855 3483 inducit
3886 3433 4020 3482 an-

1213 3558 1429 3609 nuere
1465 3557 1674 3631 quam
1721 3534 1896 3608 ordo
1947 3535 2165 3627 exigit
2209 3535 2512 3606 rationis.
2548 3537 2924 3631 Eapropter
2976 3536 3283 3631 petitioni
3338 3544 3455 3607 tue
3495 3545 3688 3627 grato
3737 3557 4022 3608 concur-

1213 3668 1440 3733 rentes
1479 3681 1797 3749 assensu‚
1836 3659 2248 3731 mandamus
2282 3658 2405 3730 tibi
2441 3680 2566 3754 per
2600 3659 2888 3752 gratiam
2924 3669 3226 3732 nostram
3261 3657 3546 3729 firmiter
3568 3658 4022 3752 precipientes

1218 3780 1350 3880 [ut]
1368 3783 1915 3875 jurisdictionem
1950 3791 2135 3853 tuam
2165 3781 2237 3853 in
2261 3782 2586 3854 comeciis
2611 3784 2747 3854 tuis
2778 3791 2848 3853 et
2871 3782 3158 3854 ecclesie
3179 3791 3320 3872 tue,
3347 3779 3659 3852 faciendo
3677 3779 4022 3870 judicium

1219 3916 1288 3980 et
1292 3909 1321 4000 j
1331 3907 1630 3980 ustitiam
1660 3928 1703 3978 a
1733 3916 1797 3977 te
1823 3905 2350 3999 requirentibus,
2382 3927 2707 3978 exerceas
2726 3915 2795 3978 et
2828 3905 3199 3978 exercendi
3227 3904 3483 3977 habeas
3498 3903 3786 3973 liberam
3809 3901 4021 3972 facul·

1221 4038 1430 4104 tatem
1449 4084 1469 4119 ,
1502 4051 1642 4102 non
1677 4028 2105 4101 obstantibus
2134 4028 2374 4100 litteris
2405 4050 2543 4121 que
2582 4050 2948 4124 suppresso
2973 4029 3220 4102 harum
3245 4036 3482 4100 tenore
3515 4047 3559 4098 a
3606 4032 3840 4097 nostra
3877 4043 4024 4093 ma·

1213 4155 1459 4247 jestate
1478 4152 1731 4224 fuerint
1757 4151 2138 4247 impetrate.

1321 4280 1574 4352 Datum
1626 4296 1810 4347 anno
1859 4275 2202 4347 dominice
2265 4275 2749 4347 incarnationis
2807 4275 3290 4363 MCCXXXJII,
3352 4272 3427 4342 in
3498 4267 3738 4342 castris
3796 4266 4030 4339 Ratis-

1229 4425 1411 4501 pone
1444 4401 1549 4499 (4)
1564 4454 1586 4494 ,
1626 4399 1944 4473 kalendis
1971 4398 2410 4495 septembris,
2447 4399 2818 4473 indictione
2848 4401 2962 4473 Vl.

1304 4709 1379 4784 (⁴)
1417 4710 1497 4766 Ex
1517 4708 1708 4767 litteris
1731 4708 2001 4767 Bertholdi
2023 4708 2424 4782 Argentinensis
2439 4709 2676 4784 episcopi
2701 4707 3063 4767 visitatoribus
3083 4705 3418 4782 Apostolicae
3442 4701 3597 4762 Sedis
3622 4714 3784 4775 super
3807 4697 4036 4756 claustro
