4842 5802
825 591 1011 651 liuntur.
1047 589 1139 666 5.]
1719 588 2131 651 HISTORIA-
2164 587 2753 649 DIPLOMATICA.
3530 587 3648 650 567

917 723 1291 814 Henricus,
1329 723 1793 797 Romanorum
1825 744 1955 797 rex
1993 723 2117 797 Dei
2154 722 2373 816 gratia
2409 743 2681 818 semper
2716 733 3092 816 augustus,
3137 722 3476 795 universis
3514 723 3651 797 im-

833 847 996 941 perii
1028 845 1356 921 fidelibus
1385 845 1708 942 paginam
1756 846 1942 919 hanc
1988 847 2246 919 visuris
2275 846 2569 939 gratiam
2607 869 2807 919 suam
2842 856 2914 920 et
2945 867 3149 919 omne
3188 848 3474 920 bonum.
3511 849 3654 921 Re-

827 970 965 1063 gali
1000 969 1473 1044 munificentie
1522 969 1709 1044 cedit
1747 969 1840 1045 ad
1876 970 2166 1061 gloriam
2202 970 2262 1043 si
2313 970 2547 1063 dignis
2577 970 2845 1043 extollit
2869 970 3244 1043 honoribus
3261 1022 3283 1061 ,
3332 972 3391 1043 si
3419 993 3651 1045 rerum

826 1092 1200 1188 amplificat
1233 1093 1676 1168 incrementis
1699 1092 1812 1165 sui
1845 1093 2141 1166 cultores
2177 1093 2410 1165 lateris
2447 1102 2519 1166 et
2546 1114 2831 1166 suorum
2855 1094 3166 1166 conscios
3199 1103 3641 1168 secretorum.

828 1216 1003 1288 Hinc
1047 1216 1232 1288 enim
1273 1216 1555 1289 devotio
1603 1216 1895 1311 pullulat
1946 1215 2021 1288 in
2056 1216 2384 1309 subjectis
2433 1227 2502 1290 et
2535 1225 2827 1311 augetur
2859 1238 3189 1300 numerus
3223 1218 3297 1289 in
3340 1219 3644 1311 devotis,

830 1340 1319 1434 multiplicante
1372 1338 1846 1415 munificentia
1902 1362 2029 1437 per
2078 1341 2479 1437 exemplum
2532 1340 2872 1436 quicquid
2921 1342 3142 1436 potuit
3196 1364 3321 1436 per
3365 1343 3654 1435 gratiam

832 1462 1220 1534 contulisse.
1264 1462 1433 1537 Inde
1473 1472 1580 1538 est
1618 1463 1812 1558 quod
1845 1473 2087 1536 notum
2122 1485 2275 1536 esse
2309 1465 2631 1537 volumus
2663 1465 3007 1537 universis
3040 1467 3293 1537 nostris
3330 1464 3654 1539 fidelibus

831 1594 969 1657 tam
1015 1586 1444 1680 presentibus
1482 1608 1697 1681 quam
1749 1587 2004 1660 futuris
2049 1588 2239 1682 quod
2289 1587 2700 1659 constitutus
2745 1587 2820 1658 in
2873 1589 3214 1683 presentia
3261 1599 3489 1661 nostra
3542 1587 3653 1661 di-

832 1709 1048 1780 lectus
1112 1711 1435 1806 princeps
1492 1717 1722 1783 noster
1790 1710 2086 1785 Sifridus
2151 1711 2708 1807 archiepiscopus
2762 1713 3205 1805 Moguntinus
3265 1711 3655 1785 celsitudini

833 1839 1063 1905 nostre
1090 1832 1509 1928 supplicavit
1533 1840 1790 1906 attente
1818 1842 1897 1905 ut
1918 1832 2357 1908 donationem
2385 1845 2457 1907 et
2489 1836 2997 1908 concessionem
3028 1836 3456 1931 principatus
3480 1837 3659 1909 Lau-

835 1955 1152 2028 rissensis
1190 1956 1475 2028 ecclesie
1504 1976 1666 2028 cum
1704 1956 1893 2029 omni
1925 1956 2211 2051 honore,
2249 1958 2555 2049 vasallis,
2600 1957 3181 2049 ministerialibus,
3225 1959 3492 2048 castris,
3528 1979 3656 2054 op-

834 2078 1055 2173 pidis,
1099 2080 1591 2175 proventibus,
1629 2079 1906 2172 juribus
1942 2089 2012 2152 et
2057 2081 2488 2176 pertinentiis
2514 2081 2686 2173 suis,
2723 2103 2766 2154 a
2795 2081 3074 2154 domino
3105 2091 3176 2153 et
3203 2090 3394 2175 patre
3426 2092 3657 2155 nostro

836 2200 1178 2275 Friderico
1213 2202 1665 2276 invictissimo
1695 2204 2161 2278 Romanorum
2195 2206 2605 2300 imperatore
2633 2226 2904 2299 semper
2932 2213 3251 2298 augusto,
3284 2206 3658 2278 Jerusalem

839 2334 904 2397 et
949 2324 1181 2399 Sicilie
1226 2349 1393 2422 rege
1416 2383 1434 2415 ‚
1476 2327 1689 2399 nobis
1736 2328 2178 2423 presentibus
2233 2338 2302 2400 et
2361 2328 2980 2416 consentientibus,
3032 2327 3470 2400 laudabiliter
3525 2329 3661 2400 sibi

840 2450 1084 2523 factam
1120 2459 1190 2522 et
1222 2450 1508 2523 ecclesie
1546 2451 1949 2544 Moguntine
1990 2449 2050 2546 (l
2069 2451 2096 2546 )
2117 2504 2138 2543 ,
2183 2451 2414 2525 denuo
2455 2461 2670 2524 ratam
2707 2451 2964 2523 habere
2997 2460 3066 2521 et
3104 2471 3513 2523 conservare
3559 2451 3668 2522 in-

840 2573 1248 2647 violabiliter
1295 2572 1729 2648 deberemus.
1766 2575 1907 2648 Nos
1960 2575 2173 2669 igitur
2220 2574 2649 2648 attendentes
2699 2584 2896 2669 grata
2927 2573 3259 2668 obsequia
3302 2597 3441 2668 que
3482 2575 3666 2649 dicta

843 2698 1125 2769 ecclesia
1170 2697 1577 2790 Moguntina
1614 2698 1816 2772 nobis
1856 2708 1925 2771 et
1973 2699 2530 2793 progenitoribus
2572 2699 2820 2771 nostris
2862 2698 3168 2771 noscitur
3205 2698 3659 2793 impendisse,

845 2820 1357 2895 considerantes
1400 2822 1609 2895 etiam
1640 2822 1921 2895 servitia
1963 2822 2196 2895 debita
2242 2822 2532 2918 imperio
2566 2844 2705 2918 que
2753 2843 2880 2917 per
2920 2822 3389 2918 impotentiam
3432 2844 3673 2897 mona-

845 2947 1026 3018 sterii
1068 2946 1425 3019 memorati
1468 2946 1536 3018 ei
1574 2946 1912 3019 hactenus
1960 2956 2123 3018 sunt
2172 2946 2557 3037 subtracta,
2602 2967 2729 3040 per
2769 2946 3030 3018 dictum
3076 2944 3668 3043 archiepiscopum

845 3078 911 3142 et
936 3089 1367 3143 successores
1409 3070 1562 3162 ejus
1604 3090 1811 3164 posse
1841 3091 2146 3163 congrue
2190 3069 2541 3161 exhiberi,
2586 3070 3096 3143 concessionem
3124 3078 3195 3142 et
3233 3069 3672 3145 donationem

845 3193 1218 3287 predictam
1263 3202 1591 3286 tanquam
1629 3193 1722 3265 de
1751 3214 2038 3266 assensu
2082 3202 2312 3266 nostro
2350 3194 2600 3267 factam
2648 3202 2866 3267 ratam
2909 3193 3243 3266 habentes
3260 3246 3282 3286 ,
3331 3195 3671 3289 presentis

844 3318 1092 3409 regalis
1125 3316 1383 3412 pagine
1423 3317 1775 3390 sancimus
1819 3316 2048 3390 edicto
2087 3327 2431 3411 quatenus
2477 3316 2665 3390 nulla
2700 3338 2993 3411 persona
3024 3317 3162 3389 alta
3187 3318 3301 3389 vel
3347 3318 3667 3408 humilis,

847 3440 1302 3512 ecclesiastica
1355 3441 1469 3514 vel
1506 3439 1895 3531 mundana,
1933 3439 2000 3513 ei
2047 3462 2222 3513 ausu
2262 3442 2621 3514 temerario
2673 3442 3009 3514 contraire
3051 3451 3422 3536 presumat.
3472 3441 3674 3525 Quod

851 3562 1100 3656 siquis
1134 3565 1592 3653 attentaverit,
1631 3575 1858 3659 preter
1892 3562 2440 3657 indignationem
2470 3587 2680 3659 quam
2719 3587 2813 3637 ex
2846 3566 2980 3637 hoc
3016 3564 3296 3653 incidet,
3329 3565 3675 3658 quinqua-

853 3684 1047 3777 ginta
1108 3686 1313 3759 libras
1364 3688 1511 3760 auri
1557 3711 1633 3761 se
1689 3688 1960 3761 noverit
2012 3689 2598 3783 compositurum,
2652 3709 2948 3781 quarum
3001 3687 3439 3759 medietatem
3490 3688 3679 3761 curie

852 3819 1108 3901 nostre,
1152 3811 1430 3883 alteram
1464 3832 1632 3883 vero
1666 3811 1843 3906 parti
1879 3831 2078 3905 passe
2112 3810 2435 3901 injuriam
2469 3811 2793 3882 volumus
2831 3808 3181 3905 applicari.

945 3934 1176 4007 Testes
1217 3933 1425 4028 hujus
1460 3933 2000 4008 confirmationis
2036 3943 2266 4007 nostre
2314 3942 2477 4005 sunt
2518 3960 2535 4004 ε
2582 3935 2662 4004 Β.
2705 3930 3089 4029 patriarcha
3126 3929 3667 4027 AquilegiensiS,

851 4055 930 4128 E.
968 4057 1488 4151 salzburgensis
1524 4057 2119 4154 archiepiscopus,
2155 4058 2240 4128 H.
2289 4057 2830 4153 Herbipolensis,
2870 4055 2948 4127 E.
2988 4055 3548 4150 BambergensiS.
3599 4059 3669 4131 S.

854 4178 1363 4252 Ratisbonensis
1414 4179 1788 4274 imperialis
1837 4181 1991 4252 aule
2041 4179 2533 4271 cancellarius,
2593 4179 2952 4252 Heinricus
2999 4179 3553 4272 WormatiensiS,
3596 4179 3673 4252 C.

857 4300 1304 4396 Frisingensis
1346 4303 1699 4399 episcopi,
1752 4303 1971 4377 abbas
2018 4303 2248 4376 Sancti
2300 4301 2512 4392 Galli,
2560 4304 2900 4396 Saxonie,
2940 4302 3288 4394 Meranie,
3328 4289 3682 4377 Karinthie

1633 4554 2501 4566 *om—..—

935 4705 1005 4779 (l)
1040 4707 1121 4768 Cf.
1150 4723 1337 4785 supra,
1360 4725 1420 4783 p.
1450 4711 1556 4767 ³26
1588 4714 1643 4766 et
1666 4724 1819 4786 seqq.
