4842 5802
920 1293 1072 1336 embri.
1085 1271 1099 1292 ⁹

1204 640 1327 703 80³
2197 649 2625 712 Fnlnssmcl
2677 651 3019 713 SECUNDI
3639 657 3800 737 [Δια.
3838 660 4010 726 1235.

1678 966 1951 977 mo·-
1958 968 2502 978 Μ
2509 969 3364 984 §mm-
3376 974 3518 987 ‚m

1306 1243 1767 1353 FridericuS‚
1825 1244 2344 1330 Romanorum
2389 1247 2827 1356 imperator,
2884 1249 3080 1331 duas
3129 1259 3381 1358 partes
3416 1249 3720 1360 judicii,
3766 1253 4011 1338 advo-

1200 1377 1436 1459 catiae
1471 1387 1546 1459 et
1588 1375 2076 1460 collectarum
2129 1378 2204 1459 in
2262 1377 2460 1461 valle
2497 1379 2750 1462 Sancti
2789 1380 3128 1491 Gregorii
3176 1408 3222 1464 a
3257 1384 3714 1469 monasterio
3749 1385 4005 1470 Sancti

1201 1508 1542 1618 Gregorii
1608 1535 1687 1592 se
1762 1509 2135 1618 accepisse
2185 1518 2545 1618 testatur3
2602 1514 2812 1622 quod
2865 1514 3409 1597 monasterium
3473 1516 3802 1601 vicissim
3858 1519 4004 1603 suh

1191 1666 1336 1722 sua
1372 1641 1675 1749 speciali
1709 1642 2168 1751 protectione
2201 1643 2493 1752 recipit.

1356 1856 1619 1930 (Edlder.
1649 1858 1872 1935 Lumo,
1901 1855 2314 1932 Reiclesarchiv,
2344 1863 2392 1920 t.
2423 1858 2590 1931 XIX,
2623 1877 2685 1937 p.
2722 1868 2893 1922 1101.
2919 1893 3001 1907 —
3020 1861 3425 1938 Senonum,
3448 1859 3638 1926 Alunt.
3667 1862 3994 1944 diplomat„

1429 1969 1576 2024 tom.
1607 1964 1661 2037 1,
1691 1981 1752 2041 p.
1790 1973 1927 2037 872,
1952 1980 2029 2023 ex
2054 1970 2284 2042 autogr.
2315 1964 2513 2025 abbat.
2546 1965 2610 2027 S.
2641 1964 2916 2047 Gregor.)

1278 2147 1691 2240 Fridericus,
1732 2148 1856 2221 Dei
1892 2148 2110 2243 gratia
2144 2149 2603 2221 Romanorum
2652 2149 3020 2244 imperator
3059 2172 3331 2247 semper
3369 2162 3739 2247 augustus,
3781 2156 3996 2227 Jeru-

1180 2271 1394 2344 salem
1429 2280 1497 2344 et
1522 2272 1752 2344 Sicilie
1784 2293 1934 2345 rex.
1983 2273 2111 2345 Per
2146 2293 2429 2367 presens
2461 2272 2794 2367 scriptum
2834 2281 3074 2345 notum
3111 2272 3259 2346 fieri
3295 2276 3620 2347 volumus
3653 2277 3996 2350 universis

1177 2393 1501 2469 fidelibus
1534 2395 1783 2468 nostris
1808 2396 2077 2490 imperii
2112 2406 2249 2468 tam
2283 2396 2714 2491 presentibus
2744 2419 2953 2491 quam
2985 2398 3236 2469 futuris
3269 2396 3492 2493 quod,
3525 2422 3684 2472 cum
3720 2399 3809 2473 de
3836 2402 3993 2494 jure

1179 2518 1588 2592 haberemus
1622 2520 1694 2589 in
1723 2519 1903 2591 valle
1929 2520 2158 2593 Sancti
2195 2520 2498 2613 Gregorii
2538 2543 2747 2593 nnam
2774 2531 3034 2614 partem
3052 2521 3296 2613 judicii
3316 2576 3337 2614 ,
3370 2520 3731 2596 advocatie
3755 2532 3825 2596 et
3855 2525 3994 2597 col-

1176 2643 1510 2715 lectarum
1537 2652 1606 2715 et
1629 2642 2115 2715 monasterium
2146 2641 2456 2735 ejusdem
2477 2644 2706 2714 Sancti
2735 2642 3041 2737 Gregorii
3071 2643 3162 2716 de
3185 2642 3508 2738 predictis
3529 2644 3815 2719 haberet
3836 2647 3992 2720 reli·

1173 2789 1350 2861 quas
1387 2766 1560 2839 duas
1581 2775 1838 2860 partes,
1871 2766 1944 2837 F.
1975 2763 2075 2860 (a)
2104 2766 2517 2838 venerabilis
2545 2766 2761 2837 abbas
2796 2776 2865 2838 et
2899 2777 3279 2839 conventus
3306 2770 3696 2841 monasterii
3734 2770 3978 2864 ipsius,

1172 2889 1412 2964 fideles
1435 2889 1671 2978 nostri,
1706 2898 1781 2960 ut
1808 2889 2183 2985 pleniorem
2206 2889 2425 2982 gratie
2452 2898 2521 2961 et
2545 2889 2978 2984 protectionis
3004 2900 3235 2963 nostre
3253 2888 3610 2989 [fructum]
3641 2892 3774 2964 sibi
3805 2893 3987 2966 circa

1174 3013 1491 3106 ejusdem
1530 3011 1922 3083 monasterii
1950 3011 2313 3084 commoda
2345 3021 2414 3083 et
2436 3014 2780 3108 profectus
2807 3013 3261 3107 acquirerent,
3288 3023 3484 3108 grata
3511 3023 3580 3086 et
3604 3022 3986 3108 spontanea

1170 3137 1525 3209 voluntate
1576 3157 1702 3206 sua
1758 3136 2053 3230 prefatas
2110 3133 2286 3206 duas
2328 3144 2556 3229 partes
2609 3135 2701 3208 ad
2750 3136 3240 3208 monasterium
3277 3135 3507 3230 ipsum
3557 3144 3978 3232 spectantes,

1167 3269 1250 3332 ut
1280 3258 1540 3331 dictum
1573 3267 1702 3348 est,
1737 3257 1936 3330 nobis
1970 3267 2037 3329 et
2071 3257 2359 3352 imperio
2388 3257 2846 3346 donaverunt,
2879 3258 3090 3331 salvis
3125 3258 3657 3332 villicationibus
3694 3259 3985 3355 aliisque

1160 3383 1435 3478 juribus
1498 3405 1637 3478 que
1700 3390 1962 3454 constat
2022 3381 2280 3454 dictum
2341 3382 2830 3454 monasterium
2891 3380 3222 3455 hactenus
3276 3381 3636 3472 habuisse,
3671 3391 3741 3456 et
3786 3384 3984 3456 salva

1165 3509 1372 3580 etiam
1412 3506 1778 3579 medietate
1818 3506 2116 3579 duarum
2157 3506 2456 3601 partium
2504 3505 2782 3578 collecte
2832 3505 2964 3602 ipsi
3022 3506 3433 3579 monasterio
3487 3505 3720 3580 debite
3768 3529 3979 3601 quam

1165 3632 1544 3707 reservavit
1581 3631 1712 3702 sibi
1743 3632 2229 3703 monasterium
2285 3629 2797 3726 supradictum,
2832 3631 3168 3726 reliquam
3198 3629 3632 3703 medietatem
3679 3630 3879 3702 nobis
3911 3641 3982 3703 et

1166 3757 1455 3852 imperio
1507 3753 1926 3828 conferendo
1972 3757 2173 3848 juxta
2232 3764 2537 3828 tenorem
2592 3754 2954 3848 cujusdam
3013 3754 3243 3850 scripti
3317 3754 3697 3848 sigillorum
3761 3753 3980 3848 ipsius

1162 3881 1434 3953 abbatis
1463 3890 1531 3953 et
1566 3887 1945 3953 conventus
1982 3878 2365 3951 munimine
2394 3879 2716 3951 roborati.
2761 3880 3041 3973 Propter
3068 3878 3259 3974 quod
3295 3878 3783 3951 monasterium
3821 3898 3976 3972 pre·

1160 4006 1585 4076 nominatum
1640 4024 1800 4075 cum
1850 4002 2017 4097 ipsis
2077 4002 2329 4074 abbate
2378 4011 2448 4073 et
2501 4011 2841 4074 conventu
2891 4011 2960 4074 et
3012 4002 3334 4075 omnibns
3389 4002 3592 4073 bonis
3641 4001 3785 4072 suis
3836 4020 3976 4093 que

1161 4152 1350 4203 nnnc
1382 4131 1567 4223 juste
1618 4136 1847 4200 tenent
1879 4136 1947 4198 et
1983 4125 2334 4222 possident
2369 4133 2439 4197 et
2473 4125 2544 4197 in
2588 4135 2789 4200 antea
2824 4129 3012 4221 justo
3053 4126 3251 4199 titulo
3281 4132 3603 4220 poterunt
3632 4122 3967 4217 adipisci,

1161 4254 1298 4326 snb
1350 4263 1581 4325 nostra
1638 4259 1706 4323 et
1760 4249 2029 4345 imperii
2085 4249 2503 4345 protectione
2556 4250 2944 4344 recepimus
3000 4247 3309 4345 speciali.
3368 4246 3706 4319 Presentis
3760 4244 3972 4338 igitur

1161 4376 1396 4473 scripti
1444 4374 1855 4448 authoritate
1909 4372 2320 4447 mandamus
2351 4382 2695 4468 quatenus
2729 4374 2959 4445 nullus
3005 4373 3094 4444 sit
3132 4371 3254 4466 qui
3293 4371 3554 4444 dictum
3606 4375 3970 4440 monaste-
4019 4433 4027 4440 .

1160 4501 1338 4573 rium
1361 4553 1382 4591 ,
1419 4500 1737 4571 abbatem
1782 4506 1850 4568 et
1884 4506 2299 4569 conventum
2351 4497 2421 4568 in
2455 4497 2762 4591 personis
2798 4505 2917 4568 aut
2947 4495 3149 4568 bonis
3181 4494 3462 4590 prefatis
3496 4501 3732 4566 contra
3760 4491 3970 4584 hujus

1155 4623 1598 4720 protectionis
1643 4630 1874 4695 nostre
1908 4629 2210 4695 tenorem
2246 4641 2418 4692 ausu
2460 4619 2817 4692 temerario
2862 4619 3195 4716 impedire
3222 4619 3334 4691 vel
3372 4615 3750 4712 inquietare
3796 4636 3967 4710 pre-

1241 4775 1328 4856 (α)
1369 4775 1597 4838 scmoet
1621 4772 1970 4835 nidorem.
