4842 5802
882 632 1091 696 humer.
1122 631 1215 713 9.]
1805 628 2203 693 HISTORIA
2250 628 2497 691 DIPLO
2510 627 2839 703 MATch.
3577 624 3715 687 :⁰181

880 775 1118 843 noster
1172 765 1671 840 invictissimus
1713 764 2087 860 imperator
2111 762 2515 837 Fredericus
2543 763 2992 858 promisisset,
3028 771 3098 835 et
3136 772 3370 859 postea
3396 758 3718 834 dominus

888 899 1121 962 noster
1143 887 1622 969 serenissimus
1644 889 2036 983 imperator,
2062 909 2221 960 cum
2245 897 2424 960 esset
2449 886 2521 958 in
2545 887 2898 981 procinctu
2913 886 3128 959 eundi
3147 886 3220 958 in
3239 884 3718 958 Alamanniam

874 1013 1176 1087 firmiter
1199 1013 1619 1109 precepisset
1641 1012 1867 1108 ipsam
1894 1011 2352 1106 quantitatem
2378 1009 2529 1082 auri
2558 1009 2649 1081 ab
2671 1010 3118 1083 universitate
3141 1009 3337 1101 Troie
3368 1009 3520 1081 sine
3554 1007 3720 1082 dila·

888 1136 1029 1209 tico
1056 1136 1249 1231 exigi
1276 1146 1372 1215 et
1407 1187 1996 1209 ........
2025 1187 2046 1225 ,
2099 1156 2227 1207 nos
2263 1133 2607 1229 predictos
2639 1142 2711 1205 et
2736 1135 3125 1229 complures
3154 1133 3327 1206 alios
3360 1131 3449 1206 de
3473 1133 3717 1206 eadem

874 1259 1342 1348 universitate
1375 1269 1720 1333 taxatores
1754 1269 1824 1332 et
1851 1258 2245 1331 collectores
2278 1256 2368 1329 de
2395 1256 2704 1354 predicta
2735 1258 3118 1352 quantitate
3145 1256 3297 1330 auri
3324 1257 3513 1330 curia
3542 1278 3718 1331 con-

886 1384 1112 1455 stituit
1137 1391 1206 1457 et
1228 1383 1603 1458 ordinavit.
1642 1384 1877 1469 Quum
1908 1382 2086 1455 inter
2110 1404 2237 1456 nos
2272 1382 2588 1477 diligenti
2622 1382 2907 1456 consilio
2962 1434 3713 1455 ..........

876 1505 1131 1593 ,habito
1167 1508 1460 1602 singulis
1504 1507 1596 1581 de
1638 1507 1883 1582 eadem
1925 1507 2374 1581 universitate
2412 1516 2482 1580 et
2538 1508 2918 1600 unicuique
2963 1515 3218 1580 certam
3267 1505 3720 1599 quantitatem

890 1631 1044 1702 auri
1073 1630 1459 1706 secundum
1487 1631 1670 1703 vires
1698 1632 2100 1704 facultatum
2133 1653 2417 1704 suarum
2457 1643 2661 1726 prout
2689 1631 3086 1705 invenimus
3108 1640 3177 1705 et
3208 1631 3529 1703 novimus
3572 1632 3718 1703 im·-

891 1776 1347 1850 posueramns
1372 1753 1486 1850 (P),
1515 1754 1605 1828 de
1625 1776 1767 1849 qua
1794 1756 1947 1827 auri
1969 1756 2349 1849 quantitate
2371 1753 2790 1850 perficienda
2813 1755 3107 1828 Iohanni
3125 1754 3375 1827 Tafuro
3395 1754 3721 1828 undecim

812 1978 817 1982 ᾗ
897 1878 1141 1951 uncias
1177 1878 1329 1950 anri
1363 1899 1489 1973 pro
1523 1876 1830 1973 predicta
1863 1876 2339 1972 redemptione
2373 1878 2856 1973 imposuimuS‚
2898 1900 3075 1974 quas
3126 1931 3716 1950 ........

893 2023 1021 2097 pro
1052 2022 1137 2075 eo
1184 2000 1378 2095 quod
1422 2000 1608 2074 idem
1660 2002 2010 2074 Iohannes
2045 2003 2340 2074 Tasurus
2384 2002 2607 2074 exivit
2648 2000 2737 2074 de
2774 2001 3011 2091 Troia,
3054 2023 3191 2079 non
3242 2002 3482 2086 solvit,
3530 2001 3718 2074 curia

895 2124 1100 2197 uobis
1135 2146 1258 2219 per
1280 2124 1553 2197 licteras
1581 2145 1746 2196 snas
1772 2123 2062 2197 firmiter
2085 2123 2535 2220 precipiendo
2562 2123 2924 2197 mandavit
2950 2123 3142 2217 quod
3179 2123 3270 2196 de
3295 2124 3554 2218 prediis
3576 2125 3724 2196 suis

895 2246 1171 2321 rusticis
1210 2249 1321 2320 vel
1348 2247 1686 2327 hurbanis
1727 2256 1992 2320 tantum
2032 2247 2494 2321 venderemus
2523 2258 2599 2320 ut
2633 2248 3084 2342 quantitatem
3108 2248 3258 2318 auri
3280 2269 3404 2343 per
3434 2269 3560 2320 nos
3586 2248 3721 2321 sibi

872 2371 1288 2467 ,impositam
1326 2372 1518 2444 curie
1552 2371 2019 2460 solveremus;
2061 2393 2359 2466 quarum
2390 2372 2807 2445 continentia
2841 2371 2994 2444 talis
3031 2378 3224 2442 erat:

990 2496 1454 2570 Prudentibus
1516 2495 1685 2568 viris
1736 2496 1989 2587 bajulis
2038 2505 2107 2569 et
2155 2495 2381 2587 judici
2440 2495 2635 2569 Troie
2656 2549 2677 2587 ,
2720 2503 2885 2586 etc„
2945 2494 3284 2568 Ricardus
3351 2493 3443 2568 de
3491 2497 3722 2569 Monte

890 2619 1183 2691 Fuscolo
1255 2620 1635 2716 imperialis
1705 2620 2160 2711 justiciarius,
2220 2630 2353 2693 etc.
2396 2621 2578 2706 Quia
2639 2620 2832 2693 curia
2906 2619 3278 2714 imperialis
3352 2621 3719 2714 pecuniam

895 2741 1034 2814 sibi
1071 2744 1474 2838 promissam
1515 2765 1642 2841 pro
1683 2743 2176 2816 deliberatione
2213 2744 2648 2839 captivorum
2685 2744 2757 2816 in
2786 2742 3134 2816 obsidium
3175 2742 3374 2815 Troie
3407 2763 3566 2816 cnm
3601 2745 3726 2816 in-

882 2866 1214 2960 tegritate
1249 2868 1537 2963 requirit
1570 2877 1639 2942 et
1674 2868 1893 2965 ipsam
1928 2869 2080 2942 sine
2114 2867 2571 2943 diminutione
2603 2868 2911 2964 qualibet
2946 2869 3097 2940 vult
3137 2868 3428 2959 habere,
3478 2870 3726 2964 provi-

894 3013 1054 3064 sum
1091 3001 1195 3065 est
1236 3001 1312 3065 ut
1352 2992 1448 3065 hii
1483 2993 1573 3067 de
1617 3003 1799 3067 terra
1841 3003 2070 3066 vestra
2119 2993 2243 3088 qni
2273 3015 2396 3089 per
2427 3014 2555 3066 vos
2597 2994 2714 3067 vel
2749 2993 2923 3066 alios
2959 2993 3504 3089 quamplurimos
3537 2996 3725 3068 viros

888 3116 1118 3192 bonos
1173 3170 3719 3192 ................................

895 3242 1363 3336 possessiones
1398 3242 1515 3316 vel
1551 3250 1814 3335 partem
1867 3242 2384 3336 possessionum
2420 3241 2696 3315 illorum
2747 3240 2838 3312 de
2880 3239 3080 3313 Troia
3123 3249 3262 3311 tam
3300 3242 3726 3334 captivorum

883 3386 1108 3458 ,quam
1143 3374 1213 3436 et
1266 3364 1556 3436 aliorum
1602 3364 1727 3457 qni
1764 3366 2132 3459 pecuniam
2180 3365 2281 3437 eis
2331 3365 2720 3459 impositam
2772 3363 3041 3435 solvere
3092 3384 3231 3435 non
3273 3375 3573 3457 possunt.
3608 3375 3731 3437 aut

897 3487 1182 3576 nolunt,
1234 3507 1454 3579 quum
1503 3495 1735 3558 tamen
1780 3486 1872 3559 ad
1915 3486 2226 3559 debitum
2271 3486 2463 3558 curie
2504 3487 2820 3558 sufficere
2855 3485 3155 3581 possint,
3199 3496 3274 3557 ut
3309 3509 3401 3558 ex
3429 3490 3725 3581 pecunia

886 3629 992 3696 ,ex
1032 3609 1546 3702 possessionum
1589 3610 1896 3705 ipsorum
1941 3610 2350 3682 vendicione
2379 3609 2657 3682 redacta
2687 3609 2876 3681 curie
2912 3607 3224 3681 satisfiat.
3261 3608 3488 3692 Quare
3527 3611 3730 3683 vobis

896 3753 993 3820 ,ex
1027 3738 1223 3825 parte
1250 3730 1584 3826 imperiali
1614 3753 1754 3825 qua
1805 3731 2156 3825 fungimur
2197 3732 2600 3803 anctoritate
2641 3730 3058 3803 mandamus
3092 3742 3723 3826 quatenustantum

899 3853 992 3928 de
1017 3853 1569 3949 possessionibus
1605 3855 1877 3927 illorum
1913 3853 2003 3927 de
2028 3854 2224 3927 Troia
2252 3876 2464 3948 quam
2501 3853 2865 3949 pecuniam
2893 3854 2994 3925 eis
3030 3854 3419 3949 impositam
3463 3858 3728 3932 solvere

898 3988 1255 4073 nequeunt
1283 3984 1405 4049 aut
1441 3979 1706 4070 nolunt,
1747 3976 2066 4051 vendatis
2106 3978 2239 4051 illis
2268 3977 2357 4052 de
2392 3986 2572 4051 terra
2608 3987 2833 4050 vestra
2869 3976 2991 4071 qui
3026 3977 3120 4051 ad
3156 3980 3651 4053 emendum..
3700 4032 3723 4054 .

1375 4123 1559 4197 ‚per
1580 4122 1708 4175 vos
1730 4111 1801 4174 et
1832 4101 2039 4194 alios,
2073 4104 2255 4175 sicut
2283 4100 2549 4175 dictum
2586 4112 2718 4185 est,
2754 4101 3114 4175 inventum
3144 4104 3382 4193 fuerit,
3421 4104 3610 4198 quod
3632 4105 3727 4177 ad

900 4225 1216 4318 debitum
1251 4226 1442 4312 curie
1478 4226 1681 4321 plene
1716 4225 2013 4319 sufficiat
2047 4235 2117 4300 et
2161 4225 2354 4298 curie
2395 4222 2709 4317 satisfiat,
2742 4225 3309 4300 venditionibus
3291 4228 3485 4322 ipsis,
3522 4238 3729 4324 prout

898 4572 958 4630 p.
995 4558 1118 4628 495,
1146 4561 1260 4613 not.
1290 4559 1346 4612 2.
1372 4557 1452 4613 De
1489 4555 1854 4630 redemptione
1884 4562 2065 4613 autem
2092 4519 2430 4630 captivorum
2453 4556 2642 4625 fusius,
2664 4561 2891 4612 testante
2913 4556 3104 4613 iterum
3133 4557 3389 4614 Riccardo
3411 4557 3481 4615 de
3501 4560 3558 4617 S.
3580 4559 3725 4617 Ger-

903 4667 1089 4724 mano,
1119 4652 1405 4709 edocemur
1433 4670 1447 4707 :
1483 4674 1510 4706 α
1533 4655 1674 4711 4235
1706 4668 1892 4710 mense
1925 4652 2133 4717 martii,
2184 4653 2381 4726 captivi
2413 4653 2484 4709 de
2522 4651 2713 4726 Apulia
2738 4652 2830 4724 qui
2868 4651 3188 4709 tenebantur
3223 4653 3366 4741 apud
3398 4654 3720 4730 Canusium,

901 4764 1003 4823 per
1025 4746 1385 4806 interventum
1412 4749 1669 4822 pecuniae
1697 4749 2013 4819 liberantur,
2042 4755 2099 4806 et
2124 4765 2193 4807 ex
2210 4749 2292 4807 eis
2315 4749 2536 4824 quidam
2551 4749 2714 4823 digna
2737 4754 2864 4807 sunt
2883 4765 3056 4823 poena
3077 4749 3338 4808 mulctati.
3362 4771 3389 4806 ι
