4842 5802
1730 566 1985 626 INDEX
2034 565 2724 628 DOCUMENTORUM.
3485 560 3632 622 1001

841 768 1065 844 1254

835 905 907 957 16
944 913 1081 958 nov.
1246 893 1424 969 Apud
1585 924 1664 939 —
1702 893 2048 955 Rectoribus
2083 901 2144 955 et
2180 895 2548 956 universitati
2582 894 2887 954 civitatum
2927 892 3220 952 societatis
3245 889 3635 951 Lombardiae

1169 988 1497 1067 Esslingen.
1660 990 2007 1051 Anselmum
2026 992 2101 1050 de
2114 993 2149 1051 J
2152 994 2423 1070 ustingen
2436 990 2853 1052 marescalcum
2872 995 2932 1048 et
2946 988 3282 1050 Walterum
3300 988 3377 1048 de
3392 988 3632 1048 Thann-

1659 1084 1802 1164 berg
1826 1087 2196 1164 capellanum
2225 1104 2398 1148 suum
2447 1089 2687 1147 nuntios
2726 1087 2937 1158 mittit,
2975 1100 3222 1144 monens
3262 1090 3333 1144 ut
3373 1085 3461 1143 eis
3498 1089 3632 1143 tan-

1661 1200 1844 1260 quam
1869 1185 2115 1262 sibiipsi
2142 1184 2321 1245 iidem
2347 1188 2413 1245 in
2438 1184 2711 1245 omnibus
2731 1183 3069 1244 adhibeant.
3347 1190 3485 1253 694,
3519 1191 3633 1243 695

837 1289 910 1343 13
944 1298 1087 1345 nov.
1252 1277 1431 1356 Apud
1583 1311 1665 1326 —
1704 1281 2053 1342 Rectoribus
2088 1288 2148 1341 et
2184 1283 2550 1342 universitati
2577 1282 2886 1341 civitatum
2921 1280 3215 1338 societatis
3254 1278 3638 1338 Lombardiae

1169 1375 1500 1455 Esslingen.
1662 1381 1902 1439 nuntios
1931 1393 2070 1438 suos
2096 1378 2471 1439 commendat
2491 1420 2510 1452 ,
2539 1376 2680 1437 dum
2703 1376 2847 1436 velit
2869 1375 3161 1452 quidquid
3195 1377 3421 1452 egerint
3442 1381 3636 1435 ratum

1661 1475 1905 1550 habere,
1949 1481 2011 1536 et
2052 1478 2279 1536 nuntiis
2322 1491 2474 1552 quos
2515 1474 2593 1535 ad
2637 1491 2703 1534 se
2739 1474 3002 1534 vicissim
3046 1471 3364 1533 Lombardi
3408 1474 3638 1532 mittere

1662 1571 2083 1647 disposuerint,
2125 1573 2358 1632 salvum
2394 1573 2460 1631 in
2487 1573 2655 1630 exitu
2693 1575 2755 1629 et
2785 1585 3049 1647 regressu
3088 1569 3446 1629 conductum
3487 1584 3639 1644 pro-

1661 1669 1865 1729 mittit.
3520 1674 3636 1727 695

853 1770 924 1820 14
950 1777 1090 1823 nov.
1251 1759 1429 1837 Apud
1584 1796 1665 1808 -
1702 1765 1942 1825 Nuntiis
1997 1766 2121 1824 suis
2169 1763 2521 1840 supradictis
2570 1765 2977 1824 auctoritatem
3030 1761 3296 1822 concedit
3345 1763 3636 1823 tractandi

1173 1856 1505 1934 Esslingen.
1663 1861 2076 1940 concordiam,
2105 1863 2445 1922 securitates
2478 1861 2659 1921 dandi
2693 1865 2755 1920 et
2796 1860 3149 1935 recipiendi,
3174 1859 3419 1936 jurandi
3458 1862 3636 1920 etiam

1665 1960 1730 2017 in
1770 1960 1971 2018 anima
2005 1975 2115 2019 sua
2153 1963 2213 2018 et
2246 1961 2583 2035 juramenta
2621 1956 2969 2033 recipiendi,
3015 1958 3212 2031 omnia
3251 1955 3506 2034 denique
3546 1955 3636 2016 fa·

1663 2056 1858 2115 ciendi
1889 2071 2039 2132 quae
2063 2055 2177 2115 sibi
2204 2054 2373 2114 utilia
2398 2052 2777 2113 videbuntur.
3522 2060 3639 2113 696

841 2153 908 2204 17
950 2161 1093 2207 nov.
1255 2145 1432 2222 Apud
1589 2183 1668 2194 —
1705 2151 1971 2211 Montem
1998 2152 2224 2211 dictum
2250 2148 2654 2229 Weltersberg
2678 2166 2715 2209 a
2741 2147 3008 2209 Conrado
3034 2146 3308 2208 Schuelin
3335 2147 3411 2208 de
3436 2148 3639 2208 Birin-

1122 2239 1564 2322 Ballemburget
1666 2265 1783 2327 gen
1812 2249 2093 2310 fratribus
2120 2251 2195 2311 de
2220 2249 2458 2310 Alnvelt
2482 2249 2874 2325 resignatum,
2902 2247 3134 2323 sibique
3160 2244 3238 2305 ab
3261 2248 3406 2324 ipsis
3436 2246 3638 2309 frahi-

1148 2337 1535 2416 Herblpolim·
1667 2347 1782 2407 bus
1817 2347 2234 2419 contraditum,
2263 2347 2451 2421 injus
2476 2350 2538 2405 et
2561 2347 2978 2421 proprietatem
3003 2344 3281 2404 ecclesiae
3307 2343 3382 2403 de
3408 2343 3643 2404 schon-

1666 2445 1788 2505 thal
1817 2444 1998 2505 iibere
2021 2450 2082 2505 et
2106 2444 2372 2504 absolute
2400 2442 2649 2502 confert.
3523 2450 3640 2502 696

848 2539 917 2591 18
952 2547 1094 2592 nov·
1181 2531 1504 2609 Herbipoli·
1589 2572 1668 2586 --
1707 2541 1962 2612 Clerum,
1979 2540 2394 2601 ministeriales
2417 2545 2479 2599 et
2501 2541 2662 2598 cives
2682 2537 3128 2615 Herbipolenses
3142 2541 3204 2598 in
3226 2542 3642 2616 protectionem

1666 2637 1977 2713 specialem
2004 2638 2309 2714 recipiens,
2339 2641 2693 2712 protestatur
2733 2634 2896 2711 quod
2936 2635 3349 2711 promissiones
3383 2642 3443 2696 et
3469 2640 3638 2714 jura-

1667 2740 1868 2794 menta
1905 2733 1984 2794 ad
2030 2733 2316 2794 honorem
2359 2732 2683 2808 majestatis
2724 2733 2917 2809 regiae
2959 2737 3020 2791 et
3057 2732 3385 2807 specialiter
3421 2733 3641 2793 intuitu

1668 2846 1948 2910 personae
1980 2845 2124 2889 suae
2149 2829 2329 2908 facta,
2355 2843 2664 2905 nunquam
2689 2827 2847 2887 ultra
2881 2829 3200 2888 instantem
3236 2830 3642 2889 necessitatem

1667 2928 1966 2988 extendet.
3352 2934 3493 2998 697,
3525 2935 3641 2988 698

842 3023 908 3074 21
952 3031 1091 3077 nov.
1230 3019 1462 3099 Houge.
1590 3055 1671 3068 —
1710 3023 1807 3083 Ad
1833 3024 2133 3102 querelam
2164 3022 2490 3084 Hermanni
2525 3020 2961 3098 Herbipolensis
2977 3024 3253 3101 episcopi,
3276 3023 3526 3085 diversis
3541 3028 3644 3102 ju-

1672 3121 1837 3181 ribus
1874 3123 1936 3180 in
1982 3121 2140 3180 viliis
2179 3117 2636 3196 Damphesdorf,
2674 3116 2948 3196 Urheim,
2993 3120 3336 3193 Bernheim,
3372 3128 3514 3192 etc..
3553 3139 3647 3182 re-

1673 3218 1961 3278 nuncians
1980 3260 1997 3289 ,
2028 3216 2352 3278 Wilheimo
2378 3215 2454 3274 de
2477 3214 2820 3291 Wimpina,
2857 3214 3172 3294 butigiario
3198 3217 3272 3276 de
3296 3217 3648 3296 Nurimberg

1671 3318 1734 3372 et
1758 3314 1888 3374 aliis
1916 3313 2180 3372 scultetis
2205 3311 2430 3371 ibidem
2455 3310 2774 3389 designatis
2799 3312 3080 3387 praecipit
3103 3318 3173 3371 ut
3197 3312 3274 3372 ab
3309 3315 3472 3374 omni
3510 3329 3646 3390 gra-

1673 3411 1911 3467 vamine
1937 3407 2289 3467 abstineant.
3355 3414 3496 3487 699,
3528 3418 3643 3469 ’100

846 3500 920 3552 23
957 3507 1098 3552 nov·
1186 3496 1257 3556 In
1284 3497 1523 3557 civitate
1595 3533 1676 3545 —
1713 3501 2009 3561 Ecclesiae
2027 3503 2227 3563 Sancti
2246 3501 2533 3561 Iohannis
2549 3503 2611 3559 in
2627 3500 2838 3578 Houge
2854 3502 3283 3563 ordinationem
3296 3504 3645 3566 Embricho-

1187 3592 1513 3670 Herbipoli.
1671 3598 1767 3656 nis
1790 3597 2268 3675 wirzburgensis
2299 3598 2440 3657 olim
2474 3599 2731 3675 episcopi
2772 3613 2930 3658 anno
2961 3608 3113 3660 1130
3148 3606 3431 3662 statutam
3470 3619 3644 3663 reno·

1673 3692 1871 3753 vando
1892 3691 2222 3766 confirmat,
2244 3694 2305 3751 vi
2328 3696 2501 3769 cujus
2520 3709 2795 3753 excessus
2820 3694 3186 3772 Regenhardi
3202 3697 3275 3756 de
3291 3697 3443 3757 Ense
3461 3700 3643 3759 advo·

1675 3792 1794 3850 cati
1818 3789 2112 3866 praefatae
2130 3789 2406 3851 ecclesiae
2421 3792 2484 3849 in
2501 3790 2658 3850 viliis
2672 3791 2918 3851 diversis
2945 3800 3475 3874 removentur,etc.
3529 3806 3636 3858 701

844 3886 912 3937 21
953 3877 1084 3939 dec.
1158 3884 1272 3962 Ap.
1293 3882 1549 3960 Spiram.
1593 3914 1678 3932 ——
1716 3887 1958 3947 Civibus
1984 3885 2359 3962 Spirensibus
2383 3887 2809 3962 amplissimum
2843 3886 3122 3949 Friderici
3146 3890 3176 3950 1
3201 3891 3275 3950 de
3303 3908 3458 3953 anno
3493 3903 3644 3955 1182

1677 3992 1753 4044 27
1785 3986 1924 4044 maii
1950 3984 2346 4063 privilegium,
2377 4000 2498 4062 quo
2523 3984 2743 4044 eisdem
2769 3984 3070 4047 libertates
3093 3994 3155 4048 et
3179 3994 3379 4051 omnia
3395 3995 3538 4069 jura
3572 3993 3649 4055 ab

1676 4081 1932 4142 Henrico
1957 4079 2012 4139 V
2047 4096 2326 4141 concessa
2349 4086 2710 4141 renovantur
2732 4086 2793 4140 et
2827 4083 3205 4159 ampliantur,
3247 4094 3496 4148 renovat
3528 4089 3646 4150 de-

854 4145 1077 4222 1255
1675 4193 1799 4237 nuo
1824 4183 1886 4238 et
1904 4177 2234 4237 confirmat.
3526 4194 3639 4247 ⁷08

854 4284 923 4335 15
946 4278 1081 4352 jan.
1269 4268 1446 4346 Apud
1599 4305 1679 4320 —
1717 4275 1812 4336 Ad
1838 4291 2040 4351 preces
2068 4276 2435 4352 Margaretae
2461 4277 2753 4336 consortis
2795 4291 2967 4349 suae,
3004 4276 3202 4337 abbati
3236 4283 3297 4339 et
3326 4285 3645 4342 conventui

1155 4366 1549 4443 Wimpinam.
1676 4369 1750 4429 de
1775 4368 2097 4428 Schonthal
2130 4368 2528 4430 cisterciensis
2553 4369 2775 4430 ordinis
2810 4370 2964 4431 hanc
3001 4374 3249 4450 gratiam
3285 4375 3553 4455 indulget
3576 4383 3647 4439 ut

1676 4466 1876 4524 omnia
1907 4463 2064 4525 bona
2096 4480 2251 4541 quae
2284 4464 2507 4527 habent
2537 4467 2633 4526 vel
2666 4467 2907 4543 adipisci
2942 4474 3219 4545 poterunt
3251 4472 3314 4531 in
3353 4472 3494 4533 iocis
3529 4475 3644 4536 sibi

1675 4560 2008 4621 immediate
2033 4560 2481 4637 pertinentibus,
2508 4560 2585 4623 ab
2616 4563 2891 4625 omnibus
2916 4566 3170 4627 servitiis
3196 4581 3348 4643 quae
3374 4567 3487 4628 sibi
3514 4569 3643 4632 dari

1675 4656 1864 4717 solent
1888 4656 2069 4718 libera
2093 4659 2231 4719 sint.
3524 4676 3638 4728 ⁷12

992 4761 1100 4824 IV.
1142 4775 1341 4824 rma.
3208 4777 3323 4831 126
