<?xml version="1.0" encoding="UTF-8"?>
<!DOCTYPE html PUBLIC "-//W3C//DTD XHTML 1.0 Transitional//EN"
    "http://www.w3.org/TR/xhtml1/DTD/xhtml1-transitional.dtd">
<html xmlns="http://www.w3.org/1999/xhtml" xml:lang="en" lang="en">
 <head>
  <title>
</title>
<meta http-equiv="Content-Type" content="text/html;charset=utf-8" />
  <meta name='ocr-system' content='tesseract 3.04.00' />
  <meta name='ocr-capabilities' content='ocr_page ocr_carea ocr_par ocr_line ocrx_word'/>
</head>
<body>
  <div class='ocr_page' id='page_1' title='image "./historiadiploma01degoog_0321.png"; bbox 0 0 4842 5802; ppageno 0'>
   <div class='ocr_carea' id='block_1_1' title="bbox 771 637 3592 722">
    <p class='ocr_par' dir='ltr' id='par_1_1' title="bbox 771 637 3592 722">
     <span class='ocr_line' id='line_1_1' title="bbox 771 637 3592 722; baseline 0 -21"><span class='ocrx_word' id='word_1_1' title='bbox 771 642 972 702; x_wconf 63' lang='lat' dir='ltr'>laniet.</span> <span class='ocrx_word' id='word_1_2' title='bbox 1001 637 1090 722; x_wconf 89' lang='grc'>9.]</span> <span class='ocrx_word' id='word_1_3' title='bbox 1665 639 2064 704; x_wconf 80' lang='lat' dir='ltr'>HISTORIA</span> <span class='ocrx_word' id='word_1_4' title='bbox 2116 638 2706 702; x_wconf 71' lang='lat' dir='ltr'>DlpLoMA&#39;rlca.</span> <span class='ocrx_word' id='word_1_5' title='bbox 3476 641 3592 704; x_wconf 67' lang='lat'>801</span> 
     </span>
    </p>
   </div>
   <div class='ocr_carea' id='block_1_2' title="bbox 762 773 3587 4197">
    <p class='ocr_par' dir='ltr' id='par_1_2' title="bbox 768 773 3587 2841">
     <span class='ocr_line' id='line_1_2' title="bbox 770 773 3586 868; baseline 0 -21"><span class='ocrx_word' id='word_1_6' title='bbox 770 773 1257 848; x_wconf 76' lang='lat' dir='ltr'>consuevimus</span> <span class='ocrx_word' id='word_1_7' title='bbox 1302 774 1700 868; x_wconf 87' lang='lat' dir='ltr'>prevenire,</span> <span class='ocrx_word' id='word_1_8' title='bbox 1748 775 2089 851; x_wconf 86' lang='lat' dir='ltr'><strong>donamus</strong></span> <span class='ocrx_word' id='word_1_9' title='bbox 2137 784 2206 848; x_wconf 92' lang='lat' dir='ltr'>et</span> <span class='ocrx_word' id='word_1_10' title='bbox 2249 774 2693 849; x_wconf 83' lang='lat' dir='ltr'><strong>concedimus</strong></span> <span class='ocrx_word' id='word_1_11' title='bbox 2727 774 2860 848; x_wconf 86' lang='lat' dir='ltr'>sibi</span> <span class='ocrx_word' id='word_1_12' title='bbox 2896 783 2964 849; x_wconf 94' lang='lat' dir='ltr'>et</span> <span class='ocrx_word' id='word_1_13' title='bbox 3015 773 3389 848; x_wconf 90' lang='lat' dir='ltr'>heredibus</span> <span class='ocrx_word' id='word_1_14' title='bbox 3439 775 3586 848; x_wconf 92' lang='lat' dir='ltr'>suis</span> 
     </span>
     <span class='ocr_line' id='line_1_3' title="bbox 768 895 3582 995; baseline -0.001 -25"><span class='ocrx_word' id='word_1_15' title='bbox 768 907 1101 994; x_wconf 90' lang='lat' dir='ltr'>perpetuo</span> <span class='ocrx_word' id='word_1_16' title='bbox 1133 896 1206 967; x_wconf 95' lang='lat' dir='ltr'>in</span> <span class='ocrx_word' id='word_1_17' title='bbox 1238 897 1598 990; x_wconf 78' lang='lat' dir='ltr'>vassaIIOS,</span> <span class='ocrx_word' id='word_1_18' title='bbox 1632 895 1950 973; x_wconf 90' lang='lat' dir='ltr'>dominos</span> <span class='ocrx_word' id='word_1_19' title='bbox 1982 900 2145 972; x_wconf 90' lang='lat' dir='ltr'>ville</span> <span class='ocrx_word' id='word_1_20' title='bbox 2173 898 2466 989; x_wconf 90' lang='lat' dir='ltr'>Ynsule,</span> <span class='ocrx_word' id='word_1_21' title='bbox 2501 898 2797 972; x_wconf 85' lang='lat' dir='ltr'>civitatis</span> <span class='ocrx_word' id='word_1_22' title='bbox 2829 898 3353 995; x_wconf 77' lang='lat' dir='ltr'>CarpentoratiS,</span> <span class='ocrx_word' id='word_1_23' title='bbox 3378 898 3582 971; x_wconf 81' lang='lat' dir='ltr'>castri</span> 
     </span>
     <span class='ocr_line' id='line_1_4' title="bbox 769 1018 3581 1115; baseline -0.001 -21"><span class='ocrx_word' id='word_1_24' title='bbox 769 1019 861 1094; x_wconf 89' lang='lat' dir='ltr'>de</span> <span class='ocrx_word' id='word_1_25' title='bbox 896 1018 1302 1113; x_wconf 81' lang='lat' dir='ltr'>lateraquis,</span> <span class='ocrx_word' id='word_1_26' title='bbox 1347 1018 1512 1093; x_wconf 87' lang='lat' dir='ltr'>ville</span> <span class='ocrx_word' id='word_1_27' title='bbox 1541 1019 2001 1112; x_wconf 89' lang='lat' dir='ltr'>Quadarosse,</span> <span class='ocrx_word' id='word_1_28' title='bbox 2047 1020 2250 1093; x_wconf 81' lang='lat' dir='ltr'>castri</span> <span class='ocrx_word' id='word_1_29' title='bbox 2282 1019 2371 1091; x_wconf 92' lang='lat' dir='ltr'>de</span> <span class='ocrx_word' id='word_1_30' title='bbox 2393 1019 2863 1112; x_wconf 89' lang='lat' dir='ltr'>Nometamiis,</span> <span class='ocrx_word' id='word_1_31' title='bbox 2904 1020 3107 1092; x_wconf 80' lang='lat' dir='ltr'>castri</span> <span class='ocrx_word' id='word_1_32' title='bbox 3143 1021 3336 1092; x_wconf 90' lang='lat' dir='ltr'>Petre</span> <span class='ocrx_word' id='word_1_33' title='bbox 3370 1018 3581 1115; x_wconf 91' lang='lat' dir='ltr'>Lapte</span> 
     </span>
     <span class='ocr_line' id='line_1_5' title="bbox 770 1142 3586 1241; baseline -0.001 -24"><span class='ocrx_word' id='word_1_34' title='bbox 770 1153 839 1218; x_wconf 91' lang='lat' dir='ltr'>et</span> <span class='ocrx_word' id='word_1_35' title='bbox 889 1144 1090 1217; x_wconf 81' lang='lat' dir='ltr'>castri</span> <span class='ocrx_word' id='word_1_36' title='bbox 1138 1142 1230 1218; x_wconf 91' lang='lat' dir='ltr'>de</span> <span class='ocrx_word' id='word_1_37' title='bbox 1273 1143 1673 1217; x_wconf 91' lang='lat' dir='ltr'>Intercalliis</span> <span class='ocrx_word' id='word_1_38' title='bbox 1719 1142 1860 1241; x_wconf 81' lang='lat' dir='ltr'>(l),</span> <span class='ocrx_word' id='word_1_39' title='bbox 1915 1153 1985 1218; x_wconf 93' lang='lat' dir='ltr'>et</span> <span class='ocrx_word' id='word_1_40' title='bbox 2038 1154 2115 1217; x_wconf 92' lang='lat' dir='ltr'>ut</span> <span class='ocrx_word' id='word_1_41' title='bbox 2159 1144 2231 1214; x_wconf 91' lang='lat' dir='ltr'>in</span> <span class='ocrx_word' id='word_1_42' title='bbox 2282 1143 2383 1216; x_wconf 91' lang='lat' dir='ltr'>eis</span> <span class='ocrx_word' id='word_1_43' title='bbox 2427 1144 2700 1237; x_wconf 86' lang='lat' dir='ltr'>plenam</span> <span class='ocrx_word' id='word_1_44' title='bbox 2743 1143 3288 1235; x_wconf 77' lang='lat' dir='ltr'>iurisdictionem</span> <span class='ocrx_word' id='word_1_45' title='bbox 3337 1142 3586 1215; x_wconf 91' lang='lat' dir='ltr'>debeat</span> 
     </span>
     <span class='ocr_line' id='line_1_6' title="bbox 771 1265 3587 1363; baseline -0.001 -23"><span class='ocrx_word' id='word_1_46' title='bbox 771 1288 1096 1341; x_wconf 85' lang='lat' dir='ltr'>exercere</span> <span class='ocrx_word' id='word_1_47' title='bbox 1133 1289 1343 1361; x_wconf 90' lang='lat' dir='ltr'>quam</span> <span class='ocrx_word' id='word_1_48' title='bbox 1381 1266 1516 1363; x_wconf 92' lang='lat' dir='ltr'>ipsi</span> <span class='ocrx_word' id='word_1_49' title='bbox 1557 1277 1627 1341; x_wconf 90' lang='lat' dir='ltr'>et</span> <span class='ocrx_word' id='word_1_50' title='bbox 1670 1268 2045 1342; x_wconf 83' lang='lat' dir='ltr'>heredibus</span> <span class='ocrx_word' id='word_1_51' title='bbox 2092 1266 2238 1339; x_wconf 90' lang='lat' dir='ltr'>suis</span> <span class='ocrx_word' id='word_1_52' title='bbox 2288 1265 2377 1338; x_wconf 93' lang='lat' dir='ltr'>de</span> <span class='ocrx_word' id='word_1_53' title='bbox 2417 1274 2647 1338; x_wconf 89' lang='lat' dir='ltr'>nostra</span> <span class='ocrx_word' id='word_1_54' title='bbox 2694 1265 3029 1339; x_wconf 80' lang='lat' dir='ltr'>duximus</span> <span class='ocrx_word' id='word_1_55' title='bbox 3072 1267 3291 1360; x_wconf 80' lang='lat' dir='ltr'>gratia</span> <span class='ocrx_word' id='word_1_56' title='bbox 3344 1286 3587 1338; x_wconf 87' lang='lat' dir='ltr'>conce·</span> 
     </span>
     <span class='ocr_line' id='line_1_7' title="bbox 772 1388 3587 1488; baseline -0.001 -26"><span class='ocrx_word' id='word_1_57' title='bbox 772 1388 1122 1478; x_wconf 88' lang='lat' dir='ltr'>dendam;</span> <span class='ocrx_word' id='word_1_58' title='bbox 1165 1389 1573 1464; x_wconf 82' lang='lat' dir='ltr'>mandantes</span> <span class='ocrx_word' id='word_1_59' title='bbox 1609 1401 1685 1465; x_wconf 91' lang='lat' dir='ltr'>ut</span> <span class='ocrx_word' id='word_1_60' title='bbox 1717 1401 1856 1464; x_wconf 90' lang='lat' dir='ltr'>tam</span> <span class='ocrx_word' id='word_1_61' title='bbox 1886 1392 2018 1488; x_wconf 91' lang='lat' dir='ltr'>ipsi</span> <span class='ocrx_word' id='word_1_62' title='bbox 2048 1389 2308 1463; x_wconf 91' lang='lat' dir='ltr'>domini</span> <span class='ocrx_word' id='word_1_63' title='bbox 2343 1388 2682 1461; x_wconf 89' lang='lat' dir='ltr'>dictorum</span> <span class='ocrx_word' id='word_1_64' title='bbox 2714 1390 3018 1462; x_wconf 88' lang='lat' dir='ltr'>locorum</span> <span class='ocrx_word' id='word_1_65' title='bbox 3054 1411 3262 1484; x_wconf 92' lang='lat' dir='ltr'>quam</span> <span class='ocrx_word' id='word_1_66' title='bbox 3296 1388 3587 1462; x_wconf 89' lang='lat' dir='ltr'>heredes</span> 
     </span>
     <span class='ocr_line' id='line_1_8' title="bbox 770 1512 3585 1605; baseline -0 -19"><span class='ocrx_word' id='word_1_67' title='bbox 770 1513 884 1586; x_wconf 93' lang='lat' dir='ltr'>sui</span> <span class='ocrx_word' id='word_1_68' title='bbox 930 1512 1280 1585; x_wconf 89' lang='lat' dir='ltr'>nominato</span> <span class='ocrx_word' id='word_1_69' title='bbox 1328 1514 1558 1586; x_wconf 91' lang='lat' dir='ltr'>comiti</span> <span class='ocrx_word' id='word_1_70' title='bbox 1608 1524 1680 1589; x_wconf 94' lang='lat' dir='ltr'>et</span> <span class='ocrx_word' id='word_1_71' title='bbox 1733 1515 2106 1588; x_wconf 88' lang='lat' dir='ltr'>heredibus</span> <span class='ocrx_word' id='word_1_72' title='bbox 2149 1514 2294 1586; x_wconf 90' lang='lat' dir='ltr'>suis</span> <span class='ocrx_word' id='word_1_73' title='bbox 2337 1522 2667 1605; x_wconf 90' lang='lat' dir='ltr'>tanquam</span> <span class='ocrx_word' id='word_1_74' title='bbox 2722 1512 3019 1585; x_wconf 90' lang='lat' dir='ltr'>dominis</span> <span class='ocrx_word' id='word_1_75' title='bbox 3057 1535 3295 1587; x_wconf 92' lang='lat' dir='ltr'>eorum</span> <span class='ocrx_word' id='word_1_76' title='bbox 3329 1515 3399 1585; x_wconf 91' lang='lat' dir='ltr'>in</span> <span class='ocrx_word' id='word_1_77' title='bbox 3437 1536 3585 1587; x_wconf 90' lang='lat' dir='ltr'>om-</span> 
     </span>
     <span class='ocr_line' id='line_1_9' title="bbox 771 1618 3585 1735; baseline 0.001 -28"><span class='ocrx_word' id='word_1_78' title='bbox 771 1636 979 1708; x_wconf 91' lang='lat' dir='ltr'>nibus</span> <span class='ocrx_word' id='word_1_79' title='bbox 1008 1635 1096 1709; x_wconf 92' lang='lat' dir='ltr'>de</span> <span class='ocrx_word' id='word_1_80' title='bbox 1132 1646 1355 1710; x_wconf 92' lang='lat' dir='ltr'>cetero</span> <span class='ocrx_word' id='word_1_81' title='bbox 1384 1639 1844 1735; x_wconf 86' lang='lat' dir='ltr'>respondeant</span> <span class='ocrx_word' id='word_1_82' title='bbox 1877 1648 1945 1711; x_wconf 93' lang='lat' dir='ltr'>et</span> <span class='ocrx_word' id='word_1_83' title='bbox 1970 1618 2363 1726; x_wconf 89' lang='lat' dir='ltr'>intendant,</span> <span class='ocrx_word' id='word_1_84' title='bbox 2404 1638 2599 1709; x_wconf 85' lang='lat' dir='ltr'>salvo</span> <span class='ocrx_word' id='word_1_85' title='bbox 2632 1637 2938 1711; x_wconf 91' lang='lat' dir='ltr'>dominio</span> <span class='ocrx_word' id='word_1_86' title='bbox 2974 1648 3041 1709; x_wconf 92' lang='lat' dir='ltr'>et</span> <span class='ocrx_word' id='word_1_87' title='bbox 3074 1639 3232 1730; x_wconf 88' lang='lat' dir='ltr'>jure</span> <span class='ocrx_word' id='word_1_88' title='bbox 3262 1648 3492 1711; x_wconf 90' lang='lat' dir='ltr'>nostro</span> <span class='ocrx_word' id='word_1_89' title='bbox 3518 1649 3585 1711; x_wconf 91' lang='lat' dir='ltr'>et</span> 
     </span>
     <span class='ocr_line' id='line_1_10' title="bbox 772 1759 3587 1856; baseline 0.002 -26"><span class='ocrx_word' id='word_1_90' title='bbox 772 1759 1040 1854; x_wconf 89' lang='lat' dir='ltr'>imperii</span> <span class='ocrx_word' id='word_1_91' title='bbox 1097 1760 1485 1856; x_wconf 91' lang='lat' dir='ltr'>principali.</span> <span class='ocrx_word' id='word_1_92' title='bbox 1561 1762 1938 1834; x_wconf 89' lang='lat' dir='ltr'>Statuimus</span> <span class='ocrx_word' id='word_1_93' title='bbox 2008 1763 2216 1855; x_wconf 84' lang='lat' dir='ltr'>igitur</span> <span class='ocrx_word' id='word_1_94' title='bbox 2276 1769 2344 1833; x_wconf 91' lang='lat' dir='ltr'>et</span> <span class='ocrx_word' id='word_1_95' title='bbox 2397 1761 2728 1855; x_wconf 90' lang='lat' dir='ltr'>presentis</span> <span class='ocrx_word' id='word_1_96' title='bbox 2784 1760 3127 1855; x_wconf 80' lang='lat' dir='ltr'>privilegii</span> <span class='ocrx_word' id='word_1_97' title='bbox 3187 1764 3587 1836; x_wconf 89' lang='lat' dir='ltr'>auctoritate</span> 
     </span>
     <span class='ocr_line' id='line_1_11' title="bbox 770 1882 3585 1981; baseline 0.001 -26"><span class='ocrx_word' id='word_1_98' title='bbox 770 1882 1182 1957; x_wconf 92' lang='lat' dir='ltr'>mandamus</span> <span class='ocrx_word' id='word_1_99' title='bbox 1231 1892 1575 1977; x_wconf 87' lang='lat' dir='ltr'>quatenus</span> <span class='ocrx_word' id='word_1_100' title='bbox 1628 1887 1817 1958; x_wconf 88' lang='lat' dir='ltr'>nulla</span> <span class='ocrx_word' id='word_1_101' title='bbox 1870 1906 2163 1981; x_wconf 86' lang='lat' dir='ltr'>persona</span> <span class='ocrx_word' id='word_1_102' title='bbox 2210 1885 2349 1957; x_wconf 89' lang='lat' dir='ltr'>alta</span> <span class='ocrx_word' id='word_1_103' title='bbox 2401 1885 2515 1956; x_wconf 88' lang='lat' dir='ltr'>vel</span> <span class='ocrx_word' id='word_1_104' title='bbox 2568 1883 2883 1974; x_wconf 91' lang='lat' dir='ltr'>humilis,</span> <span class='ocrx_word' id='word_1_105' title='bbox 2952 1885 3409 1958; x_wconf 89' lang='lat' dir='ltr'>ecclesiastica</span> <span class='ocrx_word' id='word_1_106' title='bbox 3470 1889 3585 1958; x_wconf 87' lang='lat' dir='ltr'>vel</span> 
     </span>
     <span class='ocr_line' id='line_1_12' title="bbox 769 2007 3583 2103; baseline 0 -25"><span class='ocrx_word' id='word_1_107' title='bbox 769 2007 1164 2099; x_wconf 90' lang='lat' dir='ltr'>mundana,</span> <span class='ocrx_word' id='word_1_108' title='bbox 1238 2008 1499 2084; x_wconf 91' lang='lat' dir='ltr'>dictum</span> <span class='ocrx_word' id='word_1_109' title='bbox 1566 2010 1884 2082; x_wconf 91' lang='lat' dir='ltr'>comitem</span> <span class='ocrx_word' id='word_1_110' title='bbox 1942 2009 2053 2080; x_wconf 87' lang='lat' dir='ltr'>vel</span> <span class='ocrx_word' id='word_1_111' title='bbox 2115 2008 2406 2081; x_wconf 91' lang='lat' dir='ltr'>heredes</span> <span class='ocrx_word' id='word_1_112' title='bbox 2469 2029 2632 2080; x_wconf 90' lang='lat' dir='ltr'>suos</span> <span class='ocrx_word' id='word_1_113' title='bbox 2682 2016 2914 2079; x_wconf 90' lang='lat' dir='ltr'>contra</span> <span class='ocrx_word' id='word_1_114' title='bbox 2969 2007 3178 2100; x_wconf 87' lang='lat' dir='ltr'>hujus</span> <span class='ocrx_word' id='word_1_115' title='bbox 3241 2009 3583 2103; x_wconf 83' lang='lat' dir='ltr'>privilegii</span> 
     </span>
     <span class='ocr_line' id='line_1_13' title="bbox 770 2129 3580 2225; baseline 0.001 -24"><span class='ocrx_word' id='word_1_116' title='bbox 770 2131 983 2202; x_wconf 86' lang='lat' dir='ltr'>nostri</span> <span class='ocrx_word' id='word_1_117' title='bbox 1030 2139 1334 2203; x_wconf 92' lang='lat' dir='ltr'>tenorem</span> <span class='ocrx_word' id='word_1_118' title='bbox 1374 2152 1552 2202; x_wconf 89' lang='lat' dir='ltr'>ausu</span> <span class='ocrx_word' id='word_1_119' title='bbox 1584 2130 1946 2203; x_wconf 89' lang='lat' dir='ltr'>temerario</span> <span class='ocrx_word' id='word_1_120' title='bbox 1976 2152 2182 2224; x_wconf 93' lang='lat' dir='ltr'>super</span> <span class='ocrx_word' id='word_1_121' title='bbox 2220 2129 2545 2225; x_wconf 86' lang='lat' dir='ltr'>predictis</span> <span class='ocrx_word' id='word_1_122' title='bbox 2587 2130 2912 2224; x_wconf 89' lang='lat' dir='ltr'>impetere</span> <span class='ocrx_word' id='word_1_123' title='bbox 2943 2131 3056 2202; x_wconf 90' lang='lat' dir='ltr'>vel</span> <span class='ocrx_word' id='word_1_124' title='bbox 3098 2152 3388 2223; x_wconf 81' lang='lat' dir='ltr'>gravare</span> <span class='ocrx_word' id='word_1_125' title='bbox 3424 2129 3580 2224; x_wconf 79' lang='lat' dir='ltr'>pre·</span> 
     </span>
     <span class='ocr_line' id='line_1_14' title="bbox 770 2252 3577 2348; baseline 0 -24"><span class='ocrx_word' id='word_1_126' title='bbox 770 2262 1022 2324; x_wconf 91' lang='lat' dir='ltr'>sumat.</span> <span class='ocrx_word' id='word_1_127' title='bbox 1058 2252 1263 2338; x_wconf 90' lang='lat' dir='ltr'>Quod</span> <span class='ocrx_word' id='word_1_128' title='bbox 1294 2254 1415 2348; x_wconf 89' lang='lat' dir='ltr'>qui</span> <span class='ocrx_word' id='word_1_129' title='bbox 1442 2253 1933 2348; x_wconf 88' lang='lat' dir='ltr'>presumpserit</span> <span class='ocrx_word' id='word_1_130' title='bbox 1975 2263 2244 2326; x_wconf 91' lang='lat' dir='ltr'>centum</span> <span class='ocrx_word' id='word_1_131' title='bbox 2274 2252 2600 2324; x_wconf 88' lang='lat' dir='ltr'>librarum</span> <span class='ocrx_word' id='word_1_132' title='bbox 2631 2252 2780 2324; x_wconf 91' lang='lat' dir='ltr'>auri</span> <span class='ocrx_word' id='word_1_133' title='bbox 2809 2253 2963 2347; x_wconf 93' lang='lat' dir='ltr'>puri</span> <span class='ocrx_word' id='word_1_134' title='bbox 3000 2274 3178 2347; x_wconf 92' lang='lat' dir='ltr'>pena</span> <span class='ocrx_word' id='word_1_135' title='bbox 3217 2254 3577 2347; x_wconf 88' lang='lat' dir='ltr'>plectatur,</span> 
     </span>
     <span class='ocr_line' id='line_1_15' title="bbox 769 2362 3582 2471; baseline 0 -25"><span class='ocrx_word' id='word_1_136' title='bbox 769 2374 1138 2448; x_wconf 86' lang='lat' dir='ltr'>medietate</span> <span class='ocrx_word' id='word_1_137' title='bbox 1191 2397 1462 2449; x_wconf 90' lang='lat' dir='ltr'>camere</span> <span class='ocrx_word' id='word_1_138' title='bbox 1517 2362 1746 2450; x_wconf 85' lang='lat' dir='ltr'>nostre</span> <span class='ocrx_word' id='word_1_139' title='bbox 1794 2387 1862 2449; x_wconf 91' lang='lat' dir='ltr'>et</span> <span class='ocrx_word' id='word_1_140' title='bbox 1914 2378 2179 2471; x_wconf 91' lang='lat' dir='ltr'>reliqua</span> <span class='ocrx_word' id='word_1_141' title='bbox 2235 2375 2601 2449; x_wconf 90' lang='lat' dir='ltr'>medietate</span> <span class='ocrx_word' id='word_1_142' title='bbox 2660 2375 2879 2471; x_wconf 89' lang='lat' dir='ltr'>passis</span> <span class='ocrx_word' id='word_1_143' title='bbox 2942 2376 3263 2468; x_wconf 88' lang='lat' dir='ltr'>injuriam</span> <span class='ocrx_word' id='word_1_144' title='bbox 3329 2378 3582 2471; x_wconf 90' lang='lat' dir='ltr'>persol-</span> 
     </span>
     <span class='ocr_line' id='line_1_16' title="bbox 770 2498 3586 2594; baseline 0.001 -23"><span class='ocrx_word' id='word_1_145' title='bbox 770 2499 1028 2573; x_wconf 92' lang='lat' dir='ltr'>venda.</span> <span class='ocrx_word' id='word_1_146' title='bbox 1069 2498 1180 2573; x_wconf 88' lang='lat' dir='ltr'>Ad</span> <span class='ocrx_word' id='word_1_147' title='bbox 1224 2500 1434 2594; x_wconf 89' lang='lat' dir='ltr'>hujus</span> <span class='ocrx_word' id='word_1_148' title='bbox 1476 2512 1708 2574; x_wconf 92' lang='lat' dir='ltr'>autem</span> <span class='ocrx_word' id='word_1_149' title='bbox 1756 2501 2143 2575; x_wconf 90' lang='lat' dir='ltr'>donationis</span> <span class='ocrx_word' id='word_1_150' title='bbox 2190 2509 2259 2574; x_wconf 92' lang='lat' dir='ltr'>et</span> <span class='ocrx_word' id='word_1_151' title='bbox 2302 2500 2761 2573; x_wconf 89' lang='lat' dir='ltr'>concessionis</span> <span class='ocrx_word' id='word_1_152' title='bbox 2812 2509 3039 2573; x_wconf 85' lang='lat' dir='ltr'>nostre</span> <span class='ocrx_word' id='word_1_153' title='bbox 3073 2500 3472 2572; x_wconf 92' lang='lat' dir='ltr'>memoriam</span> <span class='ocrx_word' id='word_1_154' title='bbox 3516 2512 3586 2573; x_wconf 92' lang='lat' dir='ltr'>et</span> 
     </span>
     <span class='ocr_line' id='line_1_17' title="bbox 769 2621 3587 2721; baseline 0.001 -27"><span class='ocrx_word' id='word_1_155' title='bbox 769 2623 982 2695; x_wconf 88' lang='lat' dir='ltr'>robur</span> <span class='ocrx_word' id='word_1_156' title='bbox 1035 2634 1370 2719; x_wconf 91' lang='lat' dir='ltr'>perpetuo</span> <span class='ocrx_word' id='word_1_157' title='bbox 1427 2625 1842 2717; x_wconf 87' lang='lat' dir='ltr'>valiturum,</span> <span class='ocrx_word' id='word_1_158' title='bbox 1876 2646 2158 2721; x_wconf 91' lang='lat' dir='ltr'>presens</span> <span class='ocrx_word' id='word_1_159' title='bbox 2196 2624 2641 2720; x_wconf 82' lang='lat' dir='ltr'>privilegium</span> <span class='ocrx_word' id='word_1_160' title='bbox 2697 2621 2864 2696; x_wconf 92' lang='lat' dir='ltr'>inde</span> <span class='ocrx_word' id='word_1_161' title='bbox 2912 2622 3059 2696; x_wconf 86' lang='lat' dir='ltr'>fieri</span> <span class='ocrx_word' id='word_1_162' title='bbox 3100 2633 3170 2696; x_wconf 94' lang='lat' dir='ltr'>et</span> <span class='ocrx_word' id='word_1_163' title='bbox 3212 2624 3587 2716; x_wconf 87' lang='lat' dir='ltr'>majestatis</span> 
     </span>
     <span class='ocr_line' id='line_1_18' title="bbox 769 2747 2104 2841; baseline 0.001 -24"><span class='ocrx_word' id='word_1_164' title='bbox 769 2754 999 2819; x_wconf 92' lang='lat' dir='ltr'>nostre</span> <span class='ocrx_word' id='word_1_165' title='bbox 1040 2747 1266 2841; x_wconf 81' lang='lat' dir='ltr'>sigillo</span> <span class='ocrx_word' id='word_1_166' title='bbox 1302 2748 1637 2841; x_wconf 89' lang='lat' dir='ltr'>jussimus</span> <span class='ocrx_word' id='word_1_167' title='bbox 1669 2749 2104 2822; x_wconf 90' lang='lat' dir='ltr'>communiri.</span> 
     </span>
    </p>

    <p class='ocr_par' dir='ltr' id='par_1_3' title="bbox 763 2869 3587 3462">
     <span class='ocr_line' id='line_1_19' title="bbox 864 2869 3587 2968; baseline 0.002 -26"><span class='ocrx_word' id='word_1_168' title='bbox 864 2870 1086 2964; x_wconf 89' lang='lat' dir='ltr'>Hujus</span> <span class='ocrx_word' id='word_1_169' title='bbox 1144 2870 1242 2944; x_wconf 94' lang='lat' dir='ltr'>rei</span> <span class='ocrx_word' id='word_1_170' title='bbox 1307 2881 1511 2946; x_wconf 88' lang='lat' dir='ltr'>testes</span> <span class='ocrx_word' id='word_1_171' title='bbox 1562 2882 1725 2945; x_wconf 91' lang='lat' dir='ltr'>sunt</span> <span class='ocrx_word' id='word_1_172' title='bbox 1774 2898 1793 2944; x_wconf 75' lang='grc' dir='ltr'><strong><em>ε</em></strong></span> <span class='ocrx_word' id='word_1_173' title='bbox 1845 2871 2281 2946; x_wconf 88' lang='lat' dir='ltr'>Treverensis</span> <span class='ocrx_word' id='word_1_174' title='bbox 2323 2869 2916 2968; x_wconf 89' lang='lat' dir='ltr'>archiepiscopus,</span> <span class='ocrx_word' id='word_1_175' title='bbox 2972 2872 3336 2968; x_wconf 90' lang='lat' dir='ltr'>episcopus</span> <span class='ocrx_word' id='word_1_176' title='bbox 3376 2872 3587 2947; x_wconf 83' lang='lat' dir='ltr'>Viva—</span> 
     </span>
     <span class='ocr_line' id='line_1_20' title="bbox 766 2994 3585 3091; baseline 0.001 -25"><span class='ocrx_word' id='word_1_177' title='bbox 766 2995 1039 3086; x_wconf 90' lang='lat' dir='ltr'>riensis,</span> <span class='ocrx_word' id='word_1_178' title='bbox 1080 2994 1233 3068; x_wconf 85' lang='lat' dir='ltr'>dux</span> <span class='ocrx_word' id='word_1_179' title='bbox 1266 2996 1608 3089; x_wconf 88' lang='lat' dir='ltr'>Bawarie,</span> <span class='ocrx_word' id='word_1_180' title='bbox 1645 2996 1985 3090; x_wconf 88' lang='lat' dir='ltr'>palatinus</span> <span class='ocrx_word' id='word_1_181' title='bbox 2023 3017 2252 3070; x_wconf 91' lang='lat' dir='ltr'>comes</span> <span class='ocrx_word' id='word_1_182' title='bbox 2281 2995 2482 3087; x_wconf 89' lang='lat' dir='ltr'>Reni,</span> <span class='ocrx_word' id='word_1_183' title='bbox 2523 2994 2677 3067; x_wconf 84' lang='lat' dir='ltr'>dux</span> <span class='ocrx_word' id='word_1_184' title='bbox 2710 2995 3181 3091; x_wconf 81' lang='lat' dir='ltr'>Lothoringie,</span> <span class='ocrx_word' id='word_1_185' title='bbox 3226 2995 3379 3069; x_wconf 82' lang='lat' dir='ltr'>dux</span> <span class='ocrx_word' id='word_1_186' title='bbox 3420 2998 3585 3070; x_wconf 91' lang='lat' dir='ltr'>Bra-</span> 
     </span>
     <span class='ocr_line' id='line_1_21' title="bbox 763 3115 3580 3214; baseline 0.002 -26"><span class='ocrx_word' id='word_1_187' title='bbox 763 3115 1024 3210; x_wconf 90' lang='lat' dir='ltr'>bantie,</span> <span class='ocrx_word' id='word_1_188' title='bbox 1069 3116 1221 3191; x_wconf 85' lang='lat' dir='ltr'>dux</span> <span class='ocrx_word' id='word_1_189' title='bbox 1260 3119 1349 3192; x_wconf 92' lang='lat' dir='ltr'>de</span> <span class='ocrx_word' id='word_1_190' title='bbox 1386 3121 1739 3214; x_wconf 82' lang='lat' dir='ltr'>Limburg,</span> <span class='ocrx_word' id='word_1_191' title='bbox 1778 3120 2081 3192; x_wconf 89' lang='lat' dir='ltr'>marchio</span> <span class='ocrx_word' id='word_1_192' title='bbox 2117 3120 2206 3193; x_wconf 92' lang='lat' dir='ltr'>de</span> <span class='ocrx_word' id='word_1_193' title='bbox 2237 3119 2506 3204; x_wconf 90' lang='lat' dir='ltr'>Badeu,</span> <span class='ocrx_word' id='word_1_194' title='bbox 2551 3118 2968 3212; x_wconf 79' lang='lat' dir='ltr'>burgravius</span> <span class='ocrx_word' id='word_1_195' title='bbox 3011 3118 3104 3194; x_wconf 92' lang='lat' dir='ltr'>de</span> <span class='ocrx_word' id='word_1_196' title='bbox 3132 3120 3580 3211; x_wconf 91' lang='lat' dir='ltr'>Nuremberc,</span> 
     </span>
     <span class='ocr_line' id='line_1_22' title="bbox 763 3237 3584 3335; baseline 0.001 -24"><span class='ocrx_word' id='word_1_197' title='bbox 763 3237 852 3312; x_wconf 90' lang='lat' dir='ltr'>A.</span> <span class='ocrx_word' id='word_1_198' title='bbox 893 3239 982 3313; x_wconf 91' lang='lat' dir='ltr'>de</span> <span class='ocrx_word' id='word_1_199' title='bbox 1012 3243 1315 3314; x_wconf 89' lang='lat' dir='ltr'>Pictavia</span> <span class='ocrx_word' id='word_1_200' title='bbox 1353 3264 1581 3315; x_wconf 89' lang='lat' dir='ltr'>comes</span> <span class='ocrx_word' id='word_1_201' title='bbox 1616 3243 2048 3334; x_wconf 85' lang='lat' dir='ltr'>Valentinus,</span> <span class='ocrx_word' id='word_1_202' title='bbox 2084 3243 2166 3313; x_wconf 91' lang='lat' dir='ltr'>D.</span> <span class='ocrx_word' id='word_1_203' title='bbox 2209 3241 2299 3314; x_wconf 91' lang='lat' dir='ltr'>de</span> <span class='ocrx_word' id='word_1_204' title='bbox 2331 3241 2774 3335; x_wconf 80' lang='lat' dir='ltr'>BerchagiuS,</span> <span class='ocrx_word' id='word_1_205' title='bbox 2811 3242 2887 3312; x_wconf 93' lang='lat' dir='ltr'>B.</span> <span class='ocrx_word' id='word_1_206' title='bbox 2930 3239 3021 3313; x_wconf 92' lang='lat' dir='ltr'>de</span> <span class='ocrx_word' id='word_1_207' title='bbox 3057 3240 3330 3333; x_wconf 88' lang='lat' dir='ltr'>Aicara,</span> <span class='ocrx_word' id='word_1_208' title='bbox 3368 3241 3452 3313; x_wconf 91' lang='lat' dir='ltr'>V.</span> <span class='ocrx_word' id='word_1_209' title='bbox 3493 3242 3584 3315; x_wconf 93' lang='lat' dir='ltr'>de</span> 
     </span>
     <span class='ocr_line' id='line_1_23' title="bbox 764 3361 2534 3462; baseline 0.002 -30"><span class='ocrx_word' id='word_1_210' title='bbox 764 3361 1084 3455; x_wconf 90' lang='lat' dir='ltr'>Banasta,</span> <span class='ocrx_word' id='word_1_211' title='bbox 1118 3364 1232 3435; x_wconf 91' lang='lat' dir='ltr'>W.</span> <span class='ocrx_word' id='word_1_212' title='bbox 1278 3364 1366 3436; x_wconf 93' lang='lat' dir='ltr'>de</span> <span class='ocrx_word' id='word_1_213' title='bbox 1402 3367 1613 3438; x_wconf 88' lang='lat' dir='ltr'>Navis</span> <span class='ocrx_word' id='word_1_214' title='bbox 1648 3362 1779 3462; x_wconf 76' lang='lat'>(2),</span> <span class='ocrx_word' id='word_1_215' title='bbox 1814 3376 1885 3439; x_wconf 93' lang='lat' dir='ltr'>et</span> <span class='ocrx_word' id='word_1_216' title='bbox 1918 3365 2032 3438; x_wconf 90' lang='lat' dir='ltr'>alii</span> <span class='ocrx_word' id='word_1_217' title='bbox 2068 3365 2534 3459; x_wconf 79' lang='lat' dir='ltr'>quamplures,</span> 
     </span>
    </p>

    <p class='ocr_par' dir='ltr' id='par_1_4' title="bbox 762 3482 3583 4072">
     <span class='ocr_line' id='line_1_24' title="bbox 859 3482 3583 3560; baseline 0.001 -5"><span class='ocrx_word' id='word_1_218' title='bbox 859 3482 1030 3556; x_wconf 86' lang='lat' dir='ltr'>Acta</span> <span class='ocrx_word' id='word_1_219' title='bbox 1066 3494 1229 3556; x_wconf 93' lang='lat' dir='ltr'>sunt</span> <span class='ocrx_word' id='word_1_220' title='bbox 1253 3486 1380 3557; x_wconf 92' lang='lat' dir='ltr'>hec</span> <span class='ocrx_word' id='word_1_221' title='bbox 1411 3509 1593 3560; x_wconf 91' lang='lat' dir='ltr'>anno</span> <span class='ocrx_word' id='word_1_222' title='bbox 1637 3488 1728 3560; x_wconf 91' lang='lat' dir='ltr'>ab</span> <span class='ocrx_word' id='word_1_223' title='bbox 1761 3487 2228 3560; x_wconf 88' lang='lat' dir='ltr'>incarnatione</span> <span class='ocrx_word' id='word_1_224' title='bbox 2255 3487 2532 3560; x_wconf 91' lang='lat' dir='ltr'>Domini</span> <span class='ocrx_word' id='word_1_225' title='bbox 2565 3486 2928 3559; x_wconf 92' lang='lat' dir='ltr'>millesimo</span> <span class='ocrx_word' id='word_1_226' title='bbox 2961 3485 3432 3559; x_wconf 91' lang='lat' dir='ltr'>ducentesimo</span> <span class='ocrx_word' id='word_1_227' title='bbox 3458 3487 3583 3559; x_wconf 88' lang='lat' dir='ltr'>tri-</span> 
     </span>
     <span class='ocr_line' id='line_1_25' title="bbox 765 3606 3580 3704; baseline 0.002 -26"><span class='ocrx_word' id='word_1_228' title='bbox 765 3606 1021 3678; x_wconf 70' lang='lat' dir='ltr'>caeimo</span> <span class='ocrx_word' id='word_1_229' title='bbox 1078 3607 1360 3701; x_wconf 92' lang='lat' dir='ltr'>quinto,</span> <span class='ocrx_word' id='word_1_230' title='bbox 1398 3631 1632 3681; x_wconf 91' lang='lat' dir='ltr'>mense</span> <span class='ocrx_word' id='word_1_231' title='bbox 1686 3609 2070 3700; x_wconf 88' lang='lat' dir='ltr'>decembri,</span> <span class='ocrx_word' id='word_1_232' title='bbox 2129 3630 2312 3681; x_wconf 94' lang='lat' dir='ltr'>none</span> <span class='ocrx_word' id='word_1_233' title='bbox 2372 3608 2805 3699; x_wconf 91' lang='lat' dir='ltr'>indictionis,</span> <span class='ocrx_word' id='word_1_234' title='bbox 2862 3611 3241 3704; x_wconf 91' lang='lat' dir='ltr'>imperante</span> <span class='ocrx_word' id='word_1_235' title='bbox 3298 3609 3580 3684; x_wconf 90' lang='lat' dir='ltr'>domino</span> 
     </span>
     <span class='ocr_line' id='line_1_26' title="bbox 765 3726 3575 3825; baseline 0.002 -26"><span class='ocrx_word' id='word_1_236' title='bbox 765 3726 1111 3801; x_wconf 85' lang='lat' dir='ltr'>Friderico</span> <span class='ocrx_word' id='word_1_237' title='bbox 1156 3727 1462 3801; x_wconf 92' lang='lat' dir='ltr'>secundo</span> <span class='ocrx_word' id='word_1_238' title='bbox 1480 3782 1500 3822; x_wconf 95' lang='lat'>,</span> <span class='ocrx_word' id='word_1_239' title='bbox 1546 3729 1673 3801; x_wconf 93' lang='lat' dir='ltr'>Dei</span> <span class='ocrx_word' id='word_1_240' title='bbox 1716 3730 1936 3825; x_wconf 79' lang='lat' dir='ltr'>gratia</span> <span class='ocrx_word' id='word_1_241' title='bbox 1974 3731 2435 3802; x_wconf 89' lang='lat' dir='ltr'>Romanorum</span> <span class='ocrx_word' id='word_1_242' title='bbox 2492 3730 2898 3822; x_wconf 85' lang='lat' dir='ltr'>imperatore</span> <span class='ocrx_word' id='word_1_243' title='bbox 2931 3751 3202 3825; x_wconf 91' lang='lat' dir='ltr'>semper</span> <span class='ocrx_word' id='word_1_244' title='bbox 3253 3739 3575 3824; x_wconf 81' lang='lat' dir='ltr'>augustO,</span> 
     </span>
     <span class='ocr_line' id='line_1_27' title="bbox 762 3833 3580 3947; baseline 0 -23"><span class='ocrx_word' id='word_1_245' title='bbox 762 3851 1136 3924; x_wconf 86' lang='lat' dir='ltr'>Jerusalem</span> <span class='ocrx_word' id='word_1_246' title='bbox 1184 3861 1252 3924; x_wconf 90' lang='lat' dir='ltr'>et</span> <span class='ocrx_word' id='word_1_247' title='bbox 1282 3851 1511 3926; x_wconf 89' lang='lat' dir='ltr'>Sicilie</span> <span class='ocrx_word' id='word_1_248' title='bbox 1545 3875 1742 3947; x_wconf 80' lang='lat' dir='ltr'>rege,</span> <span class='ocrx_word' id='word_1_249' title='bbox 1782 3851 2052 3947; x_wconf 92' lang='lat' dir='ltr'>imperii</span> <span class='ocrx_word' id='word_1_250' title='bbox 2089 3851 2240 3944; x_wconf 90' lang='lat' dir='ltr'>ejus</span> <span class='ocrx_word' id='word_1_251' title='bbox 2264 3833 2465 3923; x_wconf 37' lang='lat' dir='ltr'>&#39;anno</span> <span class='ocrx_word' id='word_1_252' title='bbox 2497 3851 2787 3946; x_wconf 92' lang='lat' dir='ltr'>septimo</span> <span class='ocrx_word' id='word_1_253' title='bbox 2821 3850 3120 3942; x_wconf 90' lang='lat' dir='ltr'>decimo,</span> <span class='ocrx_word' id='word_1_254' title='bbox 3157 3852 3349 3946; x_wconf 83' lang='lat' dir='ltr'>regni</span> <span class='ocrx_word' id='word_1_255' title='bbox 3384 3853 3580 3925; x_wconf 86' lang='lat' dir='ltr'>Jeru-</span> 
     </span>
     <span class='ocr_line' id='line_1_28' title="bbox 762 3972 3445 4072; baseline 0 -24"><span class='ocrx_word' id='word_1_256' title='bbox 762 3976 979 4048; x_wconf 87' lang='lat' dir='ltr'>salem</span> <span class='ocrx_word' id='word_1_257' title='bbox 1018 3975 1412 4065; x_wconf 89' lang='lat' dir='ltr'>undecim0‚</span> <span class='ocrx_word' id='word_1_258' title='bbox 1454 3977 1650 4072; x_wconf 81' lang='lat' dir='ltr'>regni</span> <span class='ocrx_word' id='word_1_259' title='bbox 1679 3998 1846 4049; x_wconf 87' lang='lat' dir='ltr'>vero</span> <span class='ocrx_word' id='word_1_260' title='bbox 1872 3975 2099 4048; x_wconf 91' lang='lat' dir='ltr'>Sicilie</span> <span class='ocrx_word' id='word_1_261' title='bbox 2133 3974 2472 4048; x_wconf 90' lang='lat' dir='ltr'>tricesimo</span> <span class='ocrx_word' id='word_1_262' title='bbox 2503 3973 2822 4071; x_wconf 88' lang='lat' dir='ltr'>septim0,</span> <span class='ocrx_word' id='word_1_263' title='bbox 2860 3972 3167 4047; x_wconf 78' lang='lat' dir='ltr'>feliciter.</span> <span class='ocrx_word' id='word_1_264' title='bbox 3199 3975 3445 4049; x_wconf 91' lang='lat' dir='ltr'>Amen.</span> 
     </span>
    </p>

    <p class='ocr_par' dir='ltr' id='par_1_5' title="bbox 858 4098 3238 4197">
     <span class='ocr_line' id='line_1_29' title="bbox 858 4098 3238 4197; baseline -0 -25"><span class='ocrx_word' id='word_1_265' title='bbox 858 4101 1107 4173; x_wconf 90' lang='lat' dir='ltr'>Datum</span> <span class='ocrx_word' id='word_1_266' title='bbox 1145 4098 1333 4197; x_wconf 91' lang='lat' dir='ltr'>apud</span> <span class='ocrx_word' id='word_1_267' title='bbox 1378 4102 1768 4195; x_wconf 83' lang='lat' dir='ltr'>Hagenum,</span> <span class='ocrx_word' id='word_1_268' title='bbox 1805 4122 2013 4191; x_wconf 91' lang='lat' dir='ltr'>anno,</span> <span class='ocrx_word' id='word_1_269' title='bbox 2053 4121 2287 4173; x_wconf 90' lang='lat' dir='ltr'>mense</span> <span class='ocrx_word' id='word_1_270' title='bbox 2318 4108 2386 4172; x_wconf 88' lang='lat' dir='ltr'>et</span> <span class='ocrx_word' id='word_1_271' title='bbox 2417 4098 2791 4171; x_wconf 90' lang='lat' dir='ltr'>indictione</span> <span class='ocrx_word' id='word_1_272' title='bbox 2823 4099 3238 4195; x_wconf 60' lang='lat' dir='ltr'>prescriptis</span> 
     </span>
    </p>
   </div>
   <div class='ocr_carea' id='block_1_3' title="bbox 757 4378 3575 4823">
    <p class='ocr_par' dir='ltr' id='par_1_6' title="bbox 759 4378 3573 4534">
     <span class='ocr_line' id='line_1_30' title="bbox 834 4378 3573 4456; baseline -0 -21"><span class='ocrx_word' id='word_1_273' title='bbox 834 4380 903 4453; x_wconf 78' lang='lat' dir='ltr'>(l)</span> <span class='ocrx_word' id='word_1_274' title='bbox 942 4380 1156 4438; x_wconf 88' lang='lat' dir='ltr'>Scilicet</span> <span class='ocrx_word' id='word_1_275' title='bbox 1194 4380 1389 4450; x_wconf 77' lang='lat' dir='ltr'>L&#39;Islo,</span> <span class='ocrx_word' id='word_1_276' title='bbox 1423 4382 1782 4455; x_wconf 64' lang='lat' dir='ltr'>Gammtras,</span> <span class='ocrx_word' id='word_1_277' title='bbox 1811 4382 2171 4456; x_wconf 64' lang='lat' dir='ltr'>Eun-aiam,</span> <span class='ocrx_word' id='word_1_278' title='bbox 2209 4381 2559 4451; x_wconf 74' lang='lat' dir='ltr'>Caderousse,</span> <span class='ocrx_word' id='word_1_279' title='bbox 2592 4383 2693 4438; x_wconf 78' lang='lat' dir='ltr'>Les</span> <span class='ocrx_word' id='word_1_280' title='bbox 2720 4381 3000 4438; x_wconf 75' lang='lat' dir='ltr'>Metamies</span> <span class='ocrx_word' id='word_1_281' title='bbox 3036 4379 3143 4451; x_wconf 63' lang='lat' dir='ltr'>(i),</span> <span class='ocrx_word' id='word_1_282' title='bbox 3183 4378 3490 4436; x_wconf 58' lang='lat' dir='ltr'>Pici-relano</span> <span class='ocrx_word' id='word_1_283' title='bbox 3516 4384 3573 4437; x_wconf 89' lang='lat' dir='ltr'>et</span> 
     </span>
     <span class='ocr_line' id='line_1_31' title="bbox 759 4475 1126 4534; baseline 0 0"><span class='ocrx_word' id='word_1_284' title='bbox 759 4475 1126 4534; x_wconf 71' lang='lat' dir='ltr'>Eutrechauoe.</span> 
     </span>
    </p>

    <p class='ocr_par' dir='ltr' id='par_1_7' title="bbox 757 4572 3575 4823">
     <span class='ocr_line' id='line_1_32' title="bbox 834 4572 3574 4647; baseline 0.001 -20"><span class='ocrx_word' id='word_1_285' title='bbox 834 4573 909 4644; x_wconf 76' lang='lat'>(2)</span> <span class='ocrx_word' id='word_1_286' title='bbox 946 4572 1096 4641; x_wconf 87' lang='lat' dir='ltr'>Quae</span> <span class='ocrx_word' id='word_1_287' title='bbox 1123 4572 1240 4630; x_wconf 89' lang='lat' dir='ltr'>loca</span> <span class='ocrx_word' id='word_1_288' title='bbox 1259 4573 1348 4631; x_wconf 88' lang='lat' dir='ltr'>his</span> <span class='ocrx_word' id='word_1_289' title='bbox 1378 4579 1609 4647; x_wconf 81' lang='lat' dir='ltr'>quatuor</span> <span class='ocrx_word' id='word_1_290' title='bbox 1629 4576 1830 4634; x_wconf 89' lang='lat' dir='ltr'>ultimis</span> <span class='ocrx_word' id='word_1_291' title='bbox 1863 4577 2167 4636; x_wconf 89' lang='lat' dir='ltr'>nominibus</span> <span class='ocrx_word' id='word_1_292' title='bbox 2195 4577 2540 4647; x_wconf 83' lang='lat' dir='ltr'>conveniant,</span> <span class='ocrx_word' id='word_1_293' title='bbox 2564 4593 2674 4634; x_wconf 90' lang='lat' dir='ltr'>non</span> <span class='ocrx_word' id='word_1_294' title='bbox 2709 4575 2848 4633; x_wconf 88' lang='lat' dir='ltr'>bene</span> <span class='ocrx_word' id='word_1_295' title='bbox 2871 4575 3086 4633; x_wconf 89' lang='lat' dir='ltr'>scimus.</span> <span class='ocrx_word' id='word_1_296' title='bbox 3116 4575 3358 4631; x_wconf 77' lang='lat' dir='ltr'>Banasta</span> <span class='ocrx_word' id='word_1_297' title='bbox 3392 4580 3574 4633; x_wconf 82' lang='lat' dir='ltr'>tamen</span> 
     </span>
     <span class='ocr_line' id='line_1_33' title="bbox 759 4666 3575 4747; baseline 0.001 -23"><span class='ocrx_word' id='word_1_298' title='bbox 759 4666 979 4725; x_wconf 76' lang='lat' dir='ltr'>forsitan</span> <span class='ocrx_word' id='word_1_299' title='bbox 1004 4668 1145 4725; x_wconf 88' lang='lat' dir='ltr'>idem</span> <span class='ocrx_word' id='word_1_300' title='bbox 1170 4674 1254 4726; x_wconf 85' lang='lat' dir='ltr'>cst</span> <span class='ocrx_word' id='word_1_301' title='bbox 1277 4684 1343 4726; x_wconf 89' lang='lat' dir='ltr'>ac</span> <span class='ocrx_word' id='word_1_302' title='bbox 1366 4672 1639 4729; x_wconf 78' lang='lat' dir='ltr'>Banassac</span> <span class='ocrx_word' id='word_1_303' title='bbox 1663 4674 1917 4746; x_wconf 78' lang='lat' dir='ltr'>(Lozere).</span> <span class='ocrx_word' id='word_1_304' title='bbox 1947 4672 2159 4731; x_wconf 85' lang='lat' dir='ltr'>Adsunt</span> <span class='ocrx_word' id='word_1_305' title='bbox 2179 4687 2394 4747; x_wconf 89' lang='lat' dir='ltr'>quoque</span> <span class='ocrx_word' id='word_1_306' title='bbox 2419 4673 2477 4729; x_wconf 91' lang='lat' dir='ltr'>in</span> <span class='ocrx_word' id='word_1_307' title='bbox 2501 4672 2776 4730; x_wconf 85' lang='lat' dir='ltr'>occitania</span> <span class='ocrx_word' id='word_1_308' title='bbox 2799 4672 2951 4730; x_wconf 77' lang='lat' dir='ltr'>varia</span> <span class='ocrx_word' id='word_1_309' title='bbox 2976 4670 3095 4729; x_wconf 88' lang='lat' dir='ltr'>loca</span> <span class='ocrx_word' id='word_1_310' title='bbox 3118 4685 3258 4743; x_wconf 87' lang='lat' dir='ltr'>quae</span> <span class='ocrx_word' id='word_1_311' title='bbox 3281 4670 3464 4729; x_wconf 72' lang='lat' dir='ltr'>Navoa</span> <span class='ocrx_word' id='word_1_312' title='bbox 3485 4670 3575 4728; x_wconf 84' lang='lat' dir='ltr'>vel</span> 
     </span>
     <span class='ocr_line' id='line_1_34' title="bbox 757 4765 1361 4823; baseline -0.003 0"><span class='ocrx_word' id='word_1_313' title='bbox 757 4765 943 4823; x_wconf 66' lang='lat' dir='ltr'>Nave-³</span> <span class='ocrx_word' id='word_1_314' title='bbox 967 4770 1242 4823; x_wconf 87' lang='lat' dir='ltr'>vocantur.</span> <span class='ocrx_word' id='word_1_315' title='bbox 1357 4789 1361 4793; x_wconf 57' lang='lat'>&gt;</span> 
     </span>
    </p>
   </div>
   <div class='ocr_carea' id='block_1_4' title="bbox 917 4863 3249 4929">
    <p class='ocr_par' dir='ltr' id='par_1_8' title="bbox 917 4863 3249 4929">
     <span class='ocr_line' id='line_1_35' title="bbox 917 4863 3249 4929; baseline 0.002 -6"><span class='ocrx_word' id='word_1_316' title='bbox 917 4863 1027 4926; x_wconf 79' lang='lat' dir='ltr'>IV·</span> <span class='ocrx_word' id='word_1_317' title='bbox 1067 4880 1182 4926; x_wconf 75' lang='lat' dir='ltr'>Pan</span> <span class='ocrx_word' id='word_1_318' title='bbox 1201 4881 1246 4924; x_wconf 78' lang='lat'>2.</span> <span class='ocrx_word' id='word_1_319' title='bbox 3146 4876 3249 4929; x_wconf 80' lang='lat'>101</span> 
     </span>
    </p>
   </div>
  </div>
 </body>
</html>
