4842 5802
1201 657 1316 715 750
2189 657 2614 719 vammum
2664 659 3017 720 saeuum
3634 664 3796 742 [Arm.
3835 666 4009 731 1235.

1199 789 1368 863 illud
1407 792 1734 864 innovare
1762 802 1830 865 et
1866 816 1942 865 ea
1976 814 2115 888 que
2153 794 2586 865 contiuentur
2630 794 2703 866 in
2755 794 2908 890 ipso
2944 794 3348 868 confirmare
3394 795 3486 869 de
3525 809 3757 872 nostra
3795 803 4018 895 gratia

1199 914 1667 1011 dignaremur.
1705 915 1918 1008 Cujus
1942 916 2285 1012 privilegii
2325 926 2517 990 tenor
2555 918 2711 992 talis
2741 925 2894 990 ost:
3792 996 3803 1004 ,

1296 1043 1373 1114 In
1413 1042 1691 1114 nomine
1720 1050 1956 1113 sancte
1989 1049 2060 1114 et
2091 1040 2461 1115 individue
2494 1040 2858 1114 Trinitatis,
2896 1041 3255 1115 Heinricus
3290 1042 3409 1134 VI,
3465 1042 3704 1118 divina
3741 1046 4014 1120 favente

1202 1167 1560 1239 clementia
1593 1167 2053 1238 Romanorum
2084 1165 2451 1260 imperator
2483 1173 2552 1236 et
2584 1185 2856 1259 semper
2893 1175 3252 1258 augustus.
3296 1167 3485 1239 Licet
3520 1165 3615 1240 ad
3656 1169 4016 1244 universas

1204 1291 1528 1363 ecclesias
1552 1290 1675 1361 Dei
1698 1300 1767 1361 et
1781 1311 2108 1385 personas
2128 1289 2618 1362 ecclesiasticas
2643 1289 3070 1362 celsitudinis
3091 1300 3319 1362 nostre
3340 1291 3794 1385 patrocinium
3812 1313 4014 1385 gene·

1203 1415 1433 1487 raliter
1470 1414 1718 1485 debeat
1745 1412 2070 1505 extendi,
2119 1436 2238 1486 eas
2276 1425 2508 1487 tamen
2542 1413 2893 1508 amplioris
2926 1412 3254 1486 nimirum
3301 1415 3536 1490 favore
3579 1412 4018 1509 benignitatis

1203 1552 1271 1615 et
1296 1540 1514 1635 gratie
1557 1539 1873 1633 amplecti
1920 1546 1989 1609 et
2035 1538 2399 1610 confovere
2432 1535 2866 1610 decrevimus
2904 1558 3081 1631 quas
3128 1535 3554 1632 specialioris
3588 1537 3902 1613 debitum
3925 1537 4017 1611 fi-

1207 1664 1503 1738 delitatis
1537 1663 1955 1734 familiariori
1994 1662 2192 1734 nobis
2228 1660 2595 1735 devotione
2639 1659 3175 1734 commendavit.
3219 1662 3411 1734 Hanc
3438 1682 3609 1734 sane
3648 1662 3830 1735 circa
3862 1683 4013 1736 mo-

1210 1789 1583 1862 nasterium
1607 1787 1834 1860 Sancti
1861 1786 2113 1868 Gisleni
2150 1784 2767 1859 considerationem
2799 1785 3133 1858 habentes
3171 1784 3364 1879 quod
3397 1806 3439 1858 a
3471 1785 3720 1859 nostris
3759 1783 4015 1880 prede-

1214 1912 1621 2001 cessoribus,
1645 1910 1969 1984 videlicet
1994 1910 2412 2003 Dagoberto,
2446 1910 2692 1983 Ottone
2713 1909 2936 2001 tertio,
2966 1909 3261 1983 Henrico
3285 1908 3616 1999 secundo,
3654 1907 4017 1983 Cuonrado

1217 2041 1519 2131 itemque
1536 2035 1901 2108 Cuonrado
1916 2035 2219 2129 itemque
2240 2035 2534 2106 Henrico
2550 2034 2776 2128 tertio,
2802 2034 3086 2128 regibus
3106 2043 3175 2106 et
3190 2033 3742 2129 imperatoribus,
3769 2034 4017 2126 legitur

1208 2185 1358 2237 esse
1409 2169 1908 2247 constructum,
1939 2158 2279 2232 universis
2317 2158 2585 2253 imperii
2622 2159 2833 2232 nostri
2870 2168 3009 2231 tam
3054 2160 3484 2253 presentibus
3523 2181 3733 2254 quam
3769 2161 4015 2232 futuris

1206 2286 1529 2359 fidelibus
1565 2294 1804 2357 notum
1828 2282 1971 2356 fieri
2008 2284 2326 2356 volumus
2349 2281 2539 2377 quod
2567 2304 2693 2355 nos
2720 2281 2812 2355 ob
2846 2280 3116 2354 firmam
3145 2282 3415 2378 imperii
3438 2283 3771 2379 regnique
3806 2284 4011 2356 nostri

1201 2409 1636 2483 stabilitatem
1675 2418 1743 2479 et
1770 2408 1997 2478 anime
2020 2416 2248 2479 nostre
2275 2417 2802 2500 nostrorumque
2838 2414 3200 2501 parentum
3237 2414 3634 2501 perpetuam
3678 2407 3967 2479 salutem
3990 2460 4008 2494 ,

1203 2537 1593 2605 interventu
1631 2551 1910 2624 quoque
1948 2541 2018 2601 et
2049 2530 2375 2625 petitione
2408 2530 2742 2601 carissimi
2777 2528 3001 2602 fidelis
3055 2529 3266 2602 nostri
3301 2529 3712 2602 venerabilis
3759 2529 4018 2602 scilicet

1202 2655 1588 2740 Gotwuini‚
1626 2651 1936 2746 ejusdem
1970 2653 2360 2724 monasterii
2384 2652 2687 2744 abbatis,
2730 2651 3060 2726 laudabili
3095 2674 3376 2748 quoque
3401 2653 3868 2747 gloriosissimi
3897 2653 4017 2725 do·

1203 2779 1372 2850 mini
1400 2800 1482 2849 ac
1513 2776 1728 2873 patris
1756 2775 1969 2848 nostri
2007 2774 2374 2847 benedicte
2409 2775 2738 2850 memorie
2762 2775 3108 2850 Frederici
3151 2775 3691 2849 christianissimi
3723 2778 4020 2871 impera-

1205 2903 1371 2974 toris
1422 2898 1741 2993 exemplo
1784 2896 2089 2990 inducti,
2131 2898 2350 2993 ipsam
2391 2900 2622 2972 Sancti
2663 2899 2914 2973 Gisleni
2950 2899 3193 2972 cellam
3227 2899 3323 2970 ita
3366 2920 3649 2994 prorsus
3694 2900 3785 2972 ab
3827 2903 4017 2972 omni

1198 3029 1352 3119 jure
1377 3021 1763 3095 mortalium
1791 3021 2073 3093 liberam
2092 3020 2282 3117 quod
2319 3023 2489 3093 nulli
2515 3044 2608 3095 ex
2640 3021 3131 3116 temporalibus
3159 3029 3382 3116 preter
3415 3029 3785 3093 creatorem
3811 3042 4014 3093 suum

1204 3150 1425 3218 Deum
1460 3145 1720 3217 servire
1748 3142 2061 3235 deberet,
2105 3155 2399 3239 excepto
2436 3145 2655 3217 solum
2691 3144 2970 3217 honoris
3003 3144 3364 3238 largitione
3392 3143 3481 3217 de
3502 3164 3711 3216 manu
3745 3145 3926 3239 regis
3951 3155 4019 3217 et

1208 3269 1634 3364 imperatoris
1661 3268 1837 3339 sicut
1866 3266 1954 3339 de
1979 3288 2190 3340 manu
2226 3268 2424 3340 liberi
2462 3267 2779 3342 advocati
2811 3266 3239 3363 recipienda,
3283 3253 3682 3341 sub'nostre
3712 3268 4020 3341 tuitionis

1212 3392 1670 3489 patrocinium
1708 3392 2162 3485 suscepimus,
2203 3402 2272 3463 et
2309 3413 2547 3464 omnes
2586 3413 2698 3465 res
2722 3390 2814 3466 ad
2846 3413 3000 3465 eam
3031 3392 3449 3488 pertinentes
3469 3394 3675 3484 juxta
3709 3402 4016 3467 tenorem

1204 3515 1718 3614 privilegiorum
1757 3515 2174 3609 prefatorum
2212 3536 2450 3608 regum
2487 3524 2553 3589 et
2585 3515 3072 3612 imperatorum
3101 3517 3255 3609 lege
3299 3515 3369 3586 in
3401 3525 3811 3610 perpetuum
3837 3516 4019 3590 vali-

1210 3651 1362 3712 tura
1388 3638 1618 3712 eidem
1632 3637 2047 3712 monasterio
2072 3659 2516 3733 renovamuS,
2553 3648 2621 3713 et
2654 3640 2990 3736 imperiali
3019 3639 3418 3713 auctoritate
3445 3639 3929 3714 confirmamus
3947 3641 4016 3711 in

1203 3765 1390 3838 omni
1419 3765 1848 3859 possessione
1866 3765 2012 3858 J'am
2042 3763 2220 3838 dicte
2236 3767 2550 3857 ecclesie,
2583 3766 2907 3839 videlicet
2935 3766 3009 3840 in
3045 3767 3272 3852 terriS,
3314 3764 3384 3836 in
3420 3769 3656 3859 pratis,
3700 3765 3771 3836 in
3791 3766 4012 3856 silvis,

1202 3891 1271 3961 in
1306 3890 1540 3983 aquiS,
1597 3889 1668 3959 in
1699 3889 1882 3960 villis
1920 3896 1989 3961 et
2024 3890 2095 3960 in
2124 3890 2343 3962 servis
2375 3890 2643 3962 nullum
2675 3888 3088 3963 advocatum
3119 3897 3346 3985 preter
3378 3889 3700 3961 abbatem
3730 3889 4008 3962 habere.

1200 4016 1381 4086 Sane
1415 4033 1652 4085 servos
1679 4014 2181 4107 cujuscumque
2206 4012 2540 4105 civitatiS,
2603 4015 2806 4087 castri
2842 4036 2968 4088 seu
2994 4013 3273 4086 alterius
3311 4013 3441 4084 loci
3469 4013 3689 4084 incole
3717 4009 4010 4101 fuerint,

1201 4140 1353 4230 lege
1394 4137 1581 4208 nulla
1612 4136 2029 4232 impediente
2051 4159 2178 4209 sue
2210 4138 2496 4211 ecclesie
2522 4139 2677 4231 lege
2711 4137 3069 4211 adstrictos
3092 4137 3464 4227 abbatique
3508 4156 3590 4206 ac
3635 4135 3696 4205 si
3736 4133 4016 4207 domino

1200 4272 1267 4334 et
1298 4259 1637 4334 advocato
1672 4280 1800 4332 suo
1835 4279 1957 4353 per
1997 4261 2230 4333 omnia
2279 4261 2657 4333 servituros
2688 4259 2983 4355 provida
3015 4259 3262 4351 judicii
3308 4257 3569 4332 ratione
3615 4256 4007 4329 asserimus.

1198 4384 1574 4457 Statuimus
1605 4382 1813 4456 etiam
1848 4392 1924 4454 ut
1949 4382 2272 4457 defuncto
2303 4385 2555 4457 abbate
2588 4385 2830 4456 fratres
2870 4380 3181 4475 ejusdem
3221 4380 3652 4468 monasterii,
3698 4380 4017 4453 invocata

1200 4509 1429 4581 Sancti
1465 4508 1762 4604 Spiritus
1813 4509 2067 4601 gratia,
2130 4508 2460 4582 idoneum
2511 4518 2582 4580 et
2614 4507 2852 4579 utilem
2904 4513 3231 4577 rectorem
3282 4504 3416 4578 sibi
3468 4504 3682 4578 libere
3721 4505 4011 4599 eligant,

1197 4633 1320 4726 qui
1357 4641 1660 4727 tempore
1694 4642 2032 4726 oportuno
2067 4633 2407 4726 presentie
2436 4631 2648 4724 regali
2690 4630 2841 4703 sive
2874 4628 3213 4724 imperiali
3246 4650 3323 4701 se
3351 4628 3718 4719 exhibeat,
3750 4639 3820 4701 et
3841 4630 4018 4701 facto

1198 4757 1385 4850 regie
1427 4757 1578 4831 sive
1623 4758 2062 4853 imperatorie
2088 4757 2423 4849 majestati
2466 4756 2807 4846 hominio,
2851 4755 3325 4832 investituram
3361 4755 3636 4829 abbatie
3678 4754 3772 4828 de
3802 4775 4011 4827 manu
