4842 5802
879 655 1073 713 lxmcr.
1106 645 1193 728 9.]
1780 635 2172 697 HISTORIA
2224 631 2808 693 DIPLOMATch.
3589 628 3708 688 765

878 783 1225 872 inclinati,
1264 778 1692 851 attendentes
1725 775 1844 865 jus
1871 773 2233 866 antiquum
2273 778 2580 842 nostrum
2622 777 2689 838 et
2735 765 3002 859 imperii
3048 786 3191 857 quo
3229 764 3701 859 progenitores

876 906 1090 981 nostri
1138 902 1358 976 felicis
1388 898 1716 974 memorie
1751 897 2130 992 cappellam
2168 894 2385 989 ipsam
2438 889 2835 963 immediate
2865 897 2934 959 et
2957 887 3171 961 libere
3210 886 3689 982 possederunt,

877 1030 1307 1106 libertatibus
1352 1027 1560 1098 etiam
1604 1023 1826 1119 ipsius
1880 1021 2248 1115 diligenter
2306 1015 2632 1111 inspectis
2656 1067 2675 1101 ‚
2736 1011 3142 1085 sententiam
3187 1011 3408 1106 ipsam
3459 1019 3696 1105 utp‘ote

871 1158 1127 1250 justam
1187 1150 1520 1230 duximus
1576 1145 2156 1234 confirmandam3
2230 1139 2548 1215 fidelitati
2603 1146 2833 1210 vestre
2868 1134 3295 1209 mandantes
3355 1143 3697 1229 quatenus

878 1281 1106 1352 nullus
1134 1278 1225 1349 sit
1251 1275 1373 1368 qui
1409 1281 1646 1346 contra
1678 1279 1988 1342 tenorem
2037 1265 2353 1361 eiusdem
2403 1262 2741 1335 sententie
2769 1259 2862 1333 de
2899 1258 3144 1332 eadem
3192 1258 3499 1351 cappella
3542 1278 3697 1350 pre-

879 1408 1109 1474 sumat
1163 1396 1431 1491 aliquid
1479 1402 1909 1489 attemptare.
1966 1389 2290 1483 Alioquin
2344 1385 2889 1479 indignationem
2940 1391 3243 1455 nostram
3297 1403 3375 1454 se
3434 1380 3704 1453 noverit

881 1544 1345 1598 incursurum.

976 1650 1225 1721 Datum
1262 1644 1690 1737 Hagenowe,
1731 1659 1916 1712 nono
1946 1636 2378 1733 septembris,
2421 1653 2608 1705 nona
2637 1631 3037 1704 indictione.

983 2209 1408 2291 Fridericus
1441 2270 1464 2316 ‚
1541 2207 2064 2292 Romanorum
2145 2203 2596 2312 imperator,
2677 2201 3033 2285 Cunrado
3111 2202 3520 2314 burgravio
3609 2208 3706 2290 de
3792 2237 4046 2290 menon-e

876 2339 943 2423 N
947 2339 1325 2450 urenberg
1377 2351 1453 2422 et
1512 2337 1968 2420 haeredibus
2003 2334 2170 2445 ejus
2204 2336 2664 2443 emptionem
2713 2335 2941 2415 castri
2992 2334 3445 2445 Virnsberg,
3492 2339 3703 2445 quod

879 2471 1269 2553 Gotfridus
1340 2471 1437 2552 de
1507 2468 1950 2551 Hohenloch
2004 2493 2051 2549 a
2094 2467 2495 2551 Ludewico
2549 2467 2646 2549 de
2699 2467 3116 2576 Virnsberg
3189 2494 3327 2575 pro
3388 2494 3702 2552 recom-

876 2604 1316 2711 pensatione
1350 2603 1662 2707 damni,
1700 2627 1837 2710 per
1871 2601 2227 2683 eumdem
2264 2600 2410 2683 sibi
2446 2599 2680 2706 illati,
2711 2610 3131 2707 receperat,
3160 2600 3588 2684 confirmat.

1040 2804 1237 2885 (Edit.
1266 2821 1365 2880 ap.
1396 2805 1891 2881 Hanssmann,
1935 2799 2189 2881 Diplom.
2226 2802 2469 2861 Beweiss
2506 2798 2605 2859 des
2645 2798 2814 2859 ham.
2844 2796 3113 2875 Habent„
3161 2806 3206 2861 t.
3243 2802 3308 2875 1,
3355 2820 3418 2879 p.
3449 2812 3589 2866 400.
3620 2837 3700 2853 —-

1117 2912 1396 2986 Ourna,
1436 2909 1623 2970 cuch.
1655 2908 1761 2969 der
1786 2912 2067 2990 Burqqr„
2095 2916 2146 2970 t.
2176 2908 2237 2984 1,
2266 2927 2330 2986 p.
2364 2917 2503 2969 292.
2527 2941 2609 2952 -
2630 2908 2898 2985 Senum,
2925 2907 3144 2967 Hister.
3176 2907 3534 2984 Brundenb„
3562 2913 3695 2974 cod.

1113 3019 1385 3097 diplom„
1423 3035 1485 3094 p.
1520 3027 1633 3091 72,
1670 3025 1737 3077 n·
1762 3025 1862 3078 36.
1891 3049 1971 3062 -
1996 3015 2260 3075 Monam.
2294 3015 2480 3087 Boio„
2506 3020 2556 3074 t.
2585 3014 2793 3087 XXX,
2823 3031 2885 3090 p.
2916 3022 3058 3084 238,
3103 3031 3271 3075 num.
3302 3016 3696 3084 Dccxxxv.

1113 3157 1193 3170 -
1231 3125 1615 3197 suturam,
1662 3122 1928 3182 Monam.
1971 3118 2211 3195 Zoller„
2248 3127 2396 3181 tom.
2430 3120 2491 3196 Ι,
2520 3138 2582 3197 p.
2619 3128 2716 3178 40.
2746 3149 2827 3165 -
2856 3120 3159 3198 originale
3208 3119 3581 3198 desumptum
3628 3141 3703 3183 ex

1113 3231 1355 3292 archivo
1379 3230 1511 3293 ord.
1542 3230 1836 3292 Theuton.
1866 3230 2255 3291 commendas
2281 3227 2605 3305 Vlrnsberg
2621 3272 2639 3304 ,
2669 3232 2836 3288 extat
2874 3229 2939 3286 in
2981 3226 3170 3287 tabul.
3215 3227 3480 3302 Monac..
3523 3233 3701 3308 sigll-

1113 3338 1359 3414 lumque
1396 3338 1460 3395 in
1487 3338 1648 3396 omni
1676 3352 1780 3396 ora
1808 3336 2032 3412 laesum
2059 3335 2351 3416 appendet
2376 3350 2453 3394 ex
2479 3332 2595 3394 filis
2621 3335 2823 3394 sericis
2846 3332 2990 3394 flavi
3018 3333 3248 3394 coloris.
3271 3333 3362 3395 cf.
3383 3333 3701 3398 Deduction

1116 3440 1339 3502 Brund.
1361 3438 1945 3523 usurpationsqesclt„
1978 3450 2079 3514 τε,
2109 3436 2158 3519 S
2184 3448 2283 3512 es,
2314 3445 2377 3500 et
2401 3439 2658 3518 Anhang
2685 3448 3013 3513 23⁵,num.
3052 3439 3215 3516 117.)

972 3627 1394 3714 Fridericus‚
1444 3628 1571 3699 Dei
1618 3627 1839 3721 gratia
1882 3628 2343 3700 Romanorum
2379 3628 2757 3722 imperator
2782 3648 3053 3722 semper
3080 3635 3448 3720 augustus,
3492 3629 3693 3701 Jeru-

875 3751 1089 3823 salem
1120 3759 1192 3823 et
1218 3750 1472 3845 Sycilie
1509 3770 1666 3821 rex.
1700 3751 1828 3823 Per
1854 3771 2135 3844 presens
2170 3750 2500 3846 scriptum
2533 3761 2773 3823 notum
2814 3751 3104 3822 facimus
3137 3751 3480 3823 universis
3504 3752 3695 3847 quod

875 3873 1237 3946 Cunradus
1264 3874 1682 3966 burgravius
1719 3873 1810 3946 de
1842 3874 2270 3966 Nurenberc,
2303 3874 2599 3947 dilectus
2623 3872 2847 3947 fidelis
2875 3883 3130 3963 noster,
3165 3874 3237 3945 in
3263 3883 3496 3949 nostra
3534 3900 3691 3971 pre-

875 3998 1096 4070 sentia
1142 3997 1550 4070 constitutus
1598 4006 1828 4070 nostre
1871 3997 2262 4071 celsitudini
2308 3999 2730 4093 supplicavit
2779 3996 2968 4090 quod
3011 4018 3173 4070 cum
3224 3999 3373 4094 ipse
3417 4000 3695 4073 emisset

873 4143 915 4193 a
957 4120 1268 4194 Gotfrido
1306 4121 1398 4194 de
1429 4120 1829 4194 Hohenloch
1884 4120 2073 4193 fideli
2130 4130 2360 4194 nostro
2419 4132 2723 4194 castrum
2774 4122 3204 4217 Virnesperc,
3264 4122 3452 4215 quod
3504 4123 3691 4195 idem

872 4242 1225 4318 Gotfridus
1274 4266 1400 4341 pro
1438 4245 2074 4342 recompensatione
2118 4244 2402 4340 dampni
2455 4267 2497 4318 a
2543 4244 2922 4320 Ludewico
2966 4244 3055 4317 de
3098 4246 3508 4339 Virnesperc
3559 4246 3692 4319 sibi

873 4369 1039 4441 illati
1099 4369 1348 4442 eodem
1408 4368 1789 4443 Ludewico
1841 4368 2263 4443 concedente
2301 4368 2394 4442 de
2442 4379 2675 4441 nostra
2711 4368 2986 4442 licentia
3031 4369 3253 4442 fuerat
3300 4379 3689 4462 assecutus,

875 4513 1001 4564 nos
1033 4493 1518 4566 vendicionem
1555 4494 1779 4588 ipsam
1821 4503 2038 4567 ratam
2077 4493 2369 4584 habere,
2402 4502 2475 4566 et
2518 4493 2780 4566 dictum
2824 4502 3121 4566 castrum
3148 4514 3328 4565 cum
3372 4495 3698 4569 omnibus

865 4615 1162 4705 justiciis
1210 4623 1282 4688 et
1329 4617 1715 4690 rationibus
1759 4617 1908 4690 suis
1953 4617 2086 4689 sibi
2134 4626 2228 4694 et,
2252 4616 2628 4689 heredibus
2675 4616 2821 4689 suis
2872 4614 3279 4689 confirmare
3331 4617 3423 4691 de
3469 4630 3698 4692 nostra

874 4736 1098 4827 gratia
1153 4735 1632 4829 dignaremur.
1683 4739 1822 4810 Nos
1865 4738 2078 4832 igitur
2134 4739 2281 4811 suis
2334 4739 2954 4834 supplicationibus
2996 4741 3460 4814 favorabiliter
3506 4743 3703 4816 incli-

3804 2293 4043 2344 septembri
