4842 5802
1118 544 1241 606 864
2124 545 2549 606 tammum
2600 545 2946 608 SECUNDl
3568 548 3726 631 [Anu.
3765 550 3936 615 1236.

751 1074 1054 1183 „agfggim’
1230 1065 1655 1149 Fridericus
1680 1126 1703 1170 ,
1761 1065 2278 1148 Romanorum
2337 1066 2778 1174 imperator,
2836 1067 3153 1151 sculteto
3204 1069 3301 1151 de
3348 1069 3824 1178 Oppenheim
3868 1083 3941 1155 et

837 1185 971 1226 ⁰⁰⁰⁰⁰⁰
1128 1198 1690 1282 successoribus
1736 1197 1898 1307 ejus
1931 1199 2248 1279 mandat
2301 1208 2383 1280 ut
2418 1198 2599 1308 jura
2641 1211 2714 1281 et
2755 1200 3338 1283 consuetudines
3375 1227 3575 1310 quae
3607 1203 3808 1287 cives
3844 1207 3941 1288 de

1130 1331 1602 1440 Oppenheim
1641 1356 1687 1411 a
1722 1327 2111 1438 majestate
2156 1356 2294 1412 sua
2334 1339 2629 1435 tenent,
2668 1330 3069 1414 observare
3105 1333 3482 1415 studeant.

1274 1540 1518 1619 (Inedit.
1566 1556 1645 1601 ex
1671 1539 1940 1618 originali
1977 1540 2037 1599 in
2065 1539 2309 1600 archivo
2344 1538 2844 1612 Darmstadtensi‚
2873 1550 2938 1601 n·
2984 1550 3091 1615 133
3133 1541 3312 1619 sigilli
3351 1544 3498 1603 cerei
3541 1543 3938 1622 fragmentum

1366 1648 1591 1723 laqueis
1616 1646 2005 1706 membraneis
2030 1643 2290 1722 pendet.)

1224 1829 1367 1916 Fr„
1408 1827 1531 1900 Dei
1580 1828 1791 1920 gratia
1835 1827 2292 1899 Romanorum
2335 1825 2703 1920 imperator
2742 1847 3013 1922 semper
3047 1836 3415 1922 augustus,
3456 1831 3827 1905 Jerusalem
3870 1841 3940 1904 et

1128 1953 1378 2049 Sycilie
1403 1973 1553 2037 rex,
1589 1952 1875 2022 sculteto
1909 1948 2000 2022 de
2033 1949 2441 2044 Oppenhein
2491 1958 2562 2021 et
2597 1949 2938 2022 universis
2972 1951 3274 2024 scultetis
3298 1952 3558 2024 ibidem
3592 1975 3717 2048 pro
3750 1964 3938 2027 tem-

1130 2098 1299 2172 pore
1332 2074 1715 2148 constitutis
1769 2072 2093 2145 fidelibus
2137 2073 2283 2144 suis
2331 2074 2620 2164 gratiam
2656 2096 2852 2145 suam
2890 2084 2958 2145 et
3001 2094 3206 2147 omne
3241 2076 3526 2148 bonum.
3560 2079 3791 2163 Quum
3845 2080 3937 2153 ad

1129 2202 1260 2273 hoc
1296 2202 1454 2293 jura
1491 2197 1810 2291 specialia
1856 2217 1978 2289 per
2012 2195 2373 2290 privilegia
2408 2205 2480 2267 et
2519 2196 2770 2290 scripta
2802 2197 3074 2290 publica
3112 2199 3582 2271 conceduntur
3609 2208 3686 2271 ut
3721 2210 3938 2274 status

1126 2325 1534 2398 devotorum
1577 2320 1841 2415 imperii
1875 2319 1966 2393 de
1998 2320 2180 2391 bono
2213 2320 2284 2389 in
2324 2320 2571 2391 melius
2603 2329 2964 2412 augeatur,
3002 2319 3165 2392 hinc
3190 2332 3294 2393 est
3333 2323 3567 2417 itaque
3593 2325 3784 2418 quod
3812 2349 3939 2400 nos

1127 2452 1354 2521 future
1402 2446 1674 2518 utilitati
1711 2445 1971 2516 civium
2018 2453 2404 2515 nostrorum
2452 2443 2542 2516 de
2580 2444 2982 2539 Oppenhein
3017 2446 3384 2541 providere
3419 2450 3761 2541 volenteS,
3813 2452 3937 2523 tibi

1127 2574 1402 2666 tuisque
1461 2568 1973 2642 successoribus
2030 2565 2443 2638 mandamus
2499 2588 2621 2660 per
2681 2577 3034 2660 optentum
3102 2570 3318 2661 gratie
3380 2581 3607 2645 nostre
3659 2572 3940 2648 firmiter

1128 2696 1585 2793 precipientes
1626 2692 1951 2786 quatinus
1978 2692 2137 2781 jura
2188 2700 2255 2762 et
2302 2691 2835 2764 consuetudines
2870 2692 3167 2764 civitatis
3217 2691 3306 2765 de
3347 2694 3746 2789 Oppenhein
3801 2720 3940 2796 que

1128 2844 1251 2920 per
1292 2817 1649 2915 privilegia
1686 2837 1810 2913 pro
1857 2815 2025 2911 ipsis
2066 2814 2338 2886 civibus
2382 2824 2613 2886 nostra
2654 2815 2974 2906 maJestas
3014 2816 3430 2909 introduxit,
3481 2829 3618 2890 tam
3652 2821 3724 2891 in
3759 2823 3941 2894 civi-

1125 2957 1265 3018 tate
1295 2964 1504 3039 quam
1546 2950 1741 3013 extra
1773 2940 2121 3011 civitatem
2157 2940 2227 3009 in
2257 2939 2456 3010 terris
2483 2950 2551 3011 et
2586 2940 2655 3009 in
2702 2941 2904 3034 aquis
2945 2942 3166 3013 taliter
3199 2942 3567 3015 observare
3608 2946 3939 3022 studeatis

1126 3080 1200 3141 ut
1249 3090 1324 3140 se
1359 3067 1661 3138 munitos
1710 3063 2087 3160 privilegiis
2134 3063 2384 3135 nostris
2413 3061 2763 3156 gaudeant
2788 3073 2858 3136 et
2883 3084 3011 3136 vos
3050 3063 3587 3156 indignationem
3638 3078 3938 3142 nostram

1119 3189 1395 3287 possitis
1425 3188 1709 3261 evitare.

1216 3315 1463 3385 Datum
1497 3309 1688 3404 apud
1731 3309 2190 3403 Herbipolim‚
2228 3328 2413 3381 anno
2450 3308 2796 3382 dominice
2830 3309 3315 3382 incarnationis
3354 3311 3450 3385 M.
3479 3311 3601 3386 CC.
3625 3313 3934 3408 xxxvl,

1122 3457 1357 3511 mense
1388 3434 1628 3525 madii,
1673 3453 1854 3505 none
1888 3432 2306 3504 indictionis.

738 3977 1041 4085 nussfflm
1229 3962 1653 4045 Fridericus
1669 4024 1693 4070 ,
1733 3963 2252 4045 Romanorum
2312 3960 2752 4068 imperator,
2810 3961 2908 4042 ad
2955 3960 3579 4068 supplicationem
3614 3960 3939 4070 Philippi

822 4088 958 4128 ω’·
1124 4098 1220 4180 de
1267 4094 1692 4179 Hohenvels
1735 4093 1981 4177 fidelis
2033 4094 2192 4199 sui,
2245 4093 2404 4175 filio
2451 4103 2526 4175 et
2576 4092 2774 4202 filiae
2824 4091 2988 4202 ejus
3041 4092 3387 4202 Philippo
3431 4103 3506 4176 et
3551 4094 3938 4176 Elizabeth

1123 4230 1352 4313 feuda
1404 4252 1603 4337 quae
1655 4227 1815 4335 ipse
1869 4225 2265 4334 Philippus
2318 4224 2417 4308 ab
2463 4225 2777 4333 imperio
2821 4233 3062 4332 tenet,
3100 4233 3273 4332 post
3324 4235 3650 4307 mortem
3703 4224 3941 4333 ipsius

1121 4361 1579 4470 possidenda
1612 4358 1978 4443 concedit.

1280 4527 1519 4639 (Inedit.
1549 4577 1626 4619 ex
1653 4559 1919 4636 originali
1945 4559 2006 4617 in
2032 4557 2274 4618 archivo
2299 4556 2501 4617 ducat.
2523 4557 2783 4618 Nassow.
2816 4554 2976 4630 apud
3001 4554 3223 4615 ldstein
3245 4558 3425 4632 juxta
3451 4553 3934 4625 Ptanoofurtum

1355 4670 1534 4744 cujus
1559 4668 1788 4743 copiam
1814 4664 2130 4725 liberaliter
2156 4662 2326 4724 nobis
2353 4663 2495 4723 fecit
2518 4664 2614 4722 vir
2640 4664 2908 4740 egregius
2928 4662 2987 4722 J.
3017 4661 3089 4722 F.
3118 4659 3521 4739 Boehmerus.)
