4842 5802
1104 609 1225 671 562
2140 604 2484 666 namma
2533 603 2871 667 samur
3534 604 3694 683 [Asu.
3733 604 3908 666 1232.

1197 739 1590 830 HeinricuS‚
1625 739 1751 811 Dei
1796 739 2017 834 gratia
2065 739 2526 812 Romanorum
2571 759 2705 811 rex
2742 747 2813 811 et
2856 757 3129 833 semper
3174 744 3515 832 augustus
3534 794 3552 825 ‚
3590 737 3918 812 fidelibus

1102 863 1247 935 suis
1282 863 1585 935 scultetis
1612 869 1681 933 et
1715 862 2059 935 universis
2095 863 2368 935 civibus
2402 862 2494 935 de
2518 862 2974 953 Fraukiufort,
3011 860 3101 935 de
3121 860 3518 958 Wepflaria,
3558 860 3650 936 de
3678 862 3918 936 Fride·

1103 987 1273 1079 berg
1308 995 1376 1058 et
1412 983 1503 1057 de
1543 984 1986 1058 Geilinhuseu
2022 986 2312 1081 gratiam
2356 1006 2555 1057 suam
2597 993 2666 1058 et
2707 1006 2911 1058 omne
2951 983 3237 1057 bonum.
3280 984 3746 1058 Constantiam
3786 984 3920 1059 de-

1103 1110 1403 1183 votionis
1441 1117 1668 1182 vestre
1712 1117 1781 1181 et
1814 1110 2150 1183 fervorem
2189 1107 2351 1182 fidei
2386 1129 2592 1201 quam
2633 1107 2848 1181 multa
2877 1108 3023 1199 Jam
3061 1129 3188 1203 per
3222 1117 3536 1203 tempora
3566 1109 3747 1181 circa
3793 1130 3921 1182 nos

1101 1239 1170 1306 et
1204 1232 1565 1328 imperium
1594 1232 1929 1305 habuistis
1964 1233 2322 1306 salubriter
2366 1231 2829 1320 advertentes,
2865 1232 3071 1306 talem
3107 1230 3306 1304 vobis
3342 1231 3590 1305 damus
3628 1232 3918 1325 gratiam

1100 1363 1170 1428 et
1216 1354 1658 1429 concedimus
1710 1356 2094 1429 libertatem
2138 1365 2215 1427 ut
2263 1377 2624 1449 nunquam
2675 1355 2977 1450 aliquem
3021 1362 3329 1428 vestrum
3381 1375 3756 1450 pauperem
3806 1356 3920 1428 vel

1100 1476 1388 1551 divitem
1429 1501 1757 1575 cogamus
1804 1489 1927 1553 aut
1969 1489 2309 1553 arctemus
2351 1478 2559 1553 filiam
2609 1480 2723 1552 vel
2773 1487 3055 1572 neptem
3095 1499 3295 1550 suam
3345 1477 3552 1550 alicui
3591 1476 3682 1551 de
3729 1478 3922 1551 curia

1102 1609 1333 1674 nostra
1392 1624 1515 1675 seu
1579 1610 1773 1676 extra
1843 1603 2102 1676 curiam
2157 1611 2458 1675 nostram
2520 1602 2844 1697 copulare
2901 1608 3024 1674 aut
3085 1598 3354 1674 tradere
3407 1598 3787 1692 legitimam
3847 1599 3922 1672 in

1102 1746 1416 1798 uxorem.
1453 1726 1539 1798 Et
1574 1726 1646 1798 iu
1698 1727 1998 1824 presenti
2040 1726 2255 1800 filiam
2300 1724 2524 1800 fidelis
2569 1724 2781 1797 nostri
2827 1724 3158 1798 Johanuis
3200 1722 3528 1797 Goltstein
3579 1721 3669 1796 de
3702 1723 3921 1794 Fran-

1105 1847 1373 1920 kenfort
1415 1870 1457 1920 a
1502 1850 1852 1923 coactione
1902 1872 2111 1943 quam
2163 1849 2640 1944 inceperamus
2685 1868 2810 1944 pro
2857 1848 2941 1919 R.
2982 1868 3184 1921 servo
3238 1855 3472 1920 nostro
3516 1845 3924 1920 dimittimus

1105 1969 1527 2063 absolutam;
1579 1973 1886 2046 nolentes
1935 1973 2262 2068 deinceps
2313 1973 2613 2065 aliquem
2670 1971 2898 2044 civem
2948 1978 3258 2044 vestrum
3312 1970 3403 2043 ad
3458 1970 3615 2043 talia
3678 1988 3925 2062 cogere

1107 2093 1221 2165 vel
1269 2102 1525 2184 artare,
1581 2093 1708 2167 sed
1751 2104 2083 2189 quantum
2128 2116 2490 2191 possumus
2542 2115 2664 2188 per
2717 2093 3098 2189 simplicem
3147 2093 3541 2187 petitionem
3595 2093 3925 2187 proficere

1111 2215 1469 2306 faelemuS,
1519 2219 1708 2289 nulla
1743 2228 1971 2291 tamen
2015 2219 2197 2290 mala
2249 2217 2560 2291 adhibita
2602 2217 2977 2290 voluntate.
3021 2214 3137 2289 Ad
3167 2216 3367 2308 cujus
3399 2216 3633 2309 itaque
3669 2216 3829 2287 facti
3861 2225 3929 2288 et

1109 2338 1327 2428 gratie
1370 2348 1604 2412 nostre
1648 2341 2004 2414 certiorem
2052 2341 2509 2434 evidentiam,
2556 2363 2839 2438 presens
2896 2340 3155 2415 exinde
3201 2341 3528 2435 scriptum
3586 2337 3733 2411 fieri
3774 2341 3929 2432 jus-

1107 2461 1325 2532 simus
1358 2472 1428 2533 et
1461 2462 1667 2557 sigilli
1706 2466 1916 2536 nostri
1949 2465 2331 2537 munimine
2365 2466 2697 2538 roborari.

1208 2586 1456 2656 Datum
1497 2585 1689 2681 apud
1723 2587 2180 2678 Nuremberc,
2217 2608 2402 2658 anuo
2440 2586 2787 2659 dominice
2820 2587 3313 2662 incarnationis
3345 2588 3443 2661 Μ’
3467 2587 3590 2660 CC⁰
3612 2587 3923 2676 XXX11⁰‚

1109 2706 1323 2779 XVIII
1356 2707 1685 2781 kalendas
1716 2709 2068 2795 februarii,
2108 2708 2480 2781 indictione
2503 2709 2590 2780 V.

824 3382 950 3436 Apud
1221 3338 1624 3447 Esuriens,
1664 3340 2181 3424 Romanorum
2216 3366 2348 3424 rex
2364 3401 2389 3448 ‚
2429 3342 2801 3427 universis
2854 3343 3362 3455 burgensibus
3395 3347 3492 3428 de
3529 3345 3933 3431 Gelnhau-

738 3437 1043 3535 fflffiffifi
1120 3495 1253 3552 sen
1308 3472 1679 3580 promittit
1730 3475 1939 3582 quod
1992 3500 2390 3584 nunquam
2448 3475 2546 3558 ab
2598 3475 2855 3586 aliquo
2908 3502 3175 3560 eorum
3226 3477 3473 3588 exiget
3523 3490 3610 3563 ut
3659 3505 3800 3587 pro
3854 3507 3935 3564 se

1117 3602 1510 3713 recolligat
1542 3630 1909 3713 expensas
1944 3606 2223 3715 quibus
2259 3606 2419 3715 ipse
2454 3606 2561 3690 ibi
2596 3633 2909 3691 causam
2943 3608 3271 3716 dederit,
3312 3610 3446 3693 sed
3480 3612 3691 3721 quod
3723 3610 3938 3720 ejus—

1122 3736 1300 3818 dem
1333 3735 1482 3819 loci
1521 3738 1881 3821 scultetus
1914 3738 2061 3823 hoc
2096 3737 2300 3823 idem
2330 3739 2577 3824 facere
2611 3740 2908 3826 debeat.

1288 3973 1623 4054 (Memorat.
1653 3993 1746 4054 ap.
1776 3979 2103 4052 Bonmn,
2131 3979 2357 4062 Reque.
2387 3981 2616 4062 irnper„
2655 3996 2716 4058 p.
2750 3989 2890 4055 24⁰,
2937 3989 3005 4041 n⁶
3030 3988 3169 4054 256,
3196 3995 3275 4042 ex
3311 3983 3479 4060 copia
3520 3981 3701 4044 seculi
3744 3983 3942 4058 quarti

1369 4080 1582 4141 decimi
1602 4082 1761 4160 apud
1787 4081 2208 4161 Gelnhausen.)

1225 4294 1475 4365 Datum
1517 4290 1705 4387 apud
1740 4290 2193 4385 Geilnhusen‚
2230 4315 2412 4366 auno
2459 4292 2802 4369 dominice
2847 4296 3334 4371 incarnationis
3380 4296 3475 4371 M.
3506 4294 3627 4370 CC.
3660 4294 3936 4386 XXXII,

1129 4417 1197 4489 X
1228 4415 1557 4490 kalendas
1589 4415 1840 4504 martii,
1878 4415 2252 4489 indictione
2282 4418 2368 4491 V.
