4842 5802
966 587 1163 648 lxmcr.
1198 585 1285 664 5.]
1870 581 2260 645 HISTORIA
2310 580 2896 643 mehoMATch.
3669 582 3788 644 563

1073 1192 1443 1276 Henricus
1458 1251 1482 1297 ,
1523 1191 2045 1274 Romanorum
2095 1215 2227 1272 rex
2242 1248 2267 1295 ,
2306 1189 2819 1273 venditionem
2854 1215 2902 1271 a
2937 1188 3317 1275 Ludovico
3349 1191 3446 1272 de
3479 1189 3786 1300 Schipfa
3859 1207 4164 1315 Hergffim,

967 1325 1431 1408 monasterio
1463 1323 1561 1405 de
1596 1322 2002 1433 Otterberg
2053 1347 2231 1405 cum
2286 1347 2604 1405 assensu
2657 1348 2795 1405 suo
2845 1321 3126 1405 factam
3178 1324 3275 1405 de
3327 1322 3549 1408 honis
3594 1351 3792 1436 quae
3863 1316 3919 1357 ’ὦ
3945 1315 4166 1359 ””’“““’·

967 1457 1296 1541 habebat
1330 1458 1410 1538 in
1451 1456 1950 1564 Ormisheim,
1991 1465 2256 1539 notam
2290 1455 2474 1538 facit
2506 1465 2581 1538 et
2615 1454 3036 1539 confirmat.

1131 1715 1390 1794 (Edider.
1414 1715 1581 1775 Fan
1607 1720 1669 1774 et
1693 1713 2002 1787 nmmo,
2039 1709 2497 1773 Urkundenbnoela
2524 1710 2621 1772 des
2648 1713 2705 1774 K
2706 1715 2835 1775 lost.
2869 1711 3193 1793 Occerbcrq,
3221 1730 3283 1792 p.
3315 1723 3415 1790 44,
3445 1725 3512 1775 n⁰
3538 1715 3670 1796 59.)

1068 1952 1464 2036 HeinricuS,
1507 1951 1628 2023 Dei
1661 1950 1880 2045 gratia
1931 1951 2392 2022 Romanorum
2436 1972 2568 2024 rex
2607 1963 2678 2023 et
2715 1972 2983 2048 semper
3017 1964 3394 2047 augustus,
3448 1957 3789 2029 universis

969 2075 1239 2173 imperii
1283 2074 1606 2147 fidelibus
1656 2075 1915 2168 quibus
1952 2094 2235 2167 presens
2290 2074 2511 2146 littera
2569 2075 2774 2146 fuerit
2820 2086 3093 2149 ostensa
3142 2078 3430 2170 gratiam
3480 2100 3677 2152 suam
3720 2091 3791 2153 et

971 2220 1173 2272 omne
1204 2199 1494 2271 bonum.
1534 2198 1622 2269 Ut
1656 2197 1726 2267 iu
1772 2196 2026 2268 nostris
2060 2197 2483 2290 temporibus
2524 2197 2960 2271 venditiones
2990 2210 3060 2271 et
3092 2202 3474 2296 emptiones
3511 2204 3685 2275 facte
3715 2205 3787 2274 in

968 2331 1231 2394 nostros
1251 2319 1658 2417 perveniant
1687 2327 1994 2413 posteros
2028 2326 2097 2388 et
2132 2340 2222 2389 ne
2253 2317 2392 2388 litis
2424 2318 2696 2389 occasio
2732 2328 3067 2411 prestetur
3093 2323 3498 2412 successori,
3528 2344 3609 2394 ea
3646 2347 3787 2418 que

972 2464 1196 2516 coram
1232 2441 1433 2514 nobis
1467 2448 1799 2534 geruntur
1827 2437 2263 2512 decrevimus
2294 2439 2629 2533 scripture
2660 2442 3044 2514 testimonio
3080 2444 3398 2516 eternari.
3438 2446 3786 2520 Memine-

970 2566 1103 2637 rint
1137 2565 1345 2660 igitur
1372 2572 1725 2659 presentes
1761 2570 1830 2634 et
1865 2562 2076 2634 futuri
2118 2561 2310 2657 quod
2343 2561 2823 2662 fidelislnoster
2859 2564 3274 2639 Lodowicus
3316 2565 3405 2638 de
3439 2568 3785 2665 Schiffpha

972 2689 1284 2762 vendidit
1316 2688 1602 2761 ecclesie
1637 2686 1727 2759 de
1759 2686 2126 2780 Otterburg
2158 2707 2280 2780 per
2313 2708 2564 2760 manus
2618 2697 2919 2776 nostras,
2976 2687 3177 2760 nobis
3231 2688 3778 2780 licentiantihus‚

966 2813 1144 2886 bona
1180 2834 1305 2885 sua
1328 2833 1467 2906 que
1500 2808 1881 2883 dinoscitur
1908 2808 2238 2881 habuisse
2269 2810 2343 2880 in
2377 2809 2788 2882 Ormisheim
2817 2836 2833 2880 ε
2862 2809 3186 2883 videlicet
3207 2809 3549 2886 decimam
3579 2811 3787 2909 quin-

968 2958 1103 3031 que
1137 2936 1481 3007 mansium
1516 2941 1585 3007 et
1615 2931 2073 3028 quadraginta
2107 2933 2350 3027 jugera
2394 2952 2717 3027 agrorum
2756 2942 2825 3005 et
2859 2932 3196 3006 decimam
3234 2934 3441 3007 unius
3482 2937 3692 3010 vinee
3719 2948 3789 3010 et

968 3060 1175 3132 unius
1209 3060 1342 3133 orti
1386 3079 1511 3154 pro
1545 3066 1821 3130 centum
1849 3055 2045 3129 libris
2071 3055 2514 3129 metensium.
2557 3055 2729 3127 Cum
2768 3055 2982 3148 igitur
3023 3056 3179 3129 talis
3210 3059 3467 3154 emptio
3501 3066 3572 3131 et
3604 3081 3790 3134 ven-

966 3181 1135 3256 ditio
1179 3181 1382 3255 uobis
1425 3178 2010 3253 consentientibus
2046 3179 2136 3250 sit
2169 3180 2347 3251 sacta
2395 3188 2463 3252 et
2509 3179 2891 3274 requisitis,
2943 3180 3164 3276 ipsam
3210 3189 3445 3254 tenore
3497 3205 3787 3279 presen-

968 3307 1139 3379 tium
1177 3302 1587 3401 profitemur
1635 3311 1705 3375 et
1748 3301 2259 3395 confirmamus,
2320 3312 2398 3374 ut
2430 3323 2788 3397 nunquam
2824 3303 3076 3398 aliquis
3123 3325 3406 3377 suorum
3446 3305 3781 3380 heredum

965 3437 1412 3502 memoratam
1444 3424 1920 3499 venditionem
1971 3424 2229 3499 audeat
2277 3446 2605 3498 revocare
2650 3425 2762 3499 vel
2815 3427 3212 3520 infringere.
3255 3427 3457 3512 Quod
3493 3428 3615 3521 qui
3668 3430 3785 3502 fe-

973 3552 1137 3621 cerit
1165 3551 1335 3623 iram
1366 3559 1667 3624 nostram
1703 3549 1950 3621 sentiet
1984 3557 2052 3622 et
2076 3549 2434 3621 offensam.
2465 3549 2757 3621 Demum
2790 3548 3200 3623 mandamus
3235 3559 3305 3621 et
3331 3549 3464 3621 sub
3496 3550 3780 3624 obtentu

971 3673 1187 3766 gratie
1219 3682 1449 3746 nostre
1484 3671 1874 3744 firmissime
1902 3671 2322 3767 precipimus
2349 3680 2430 3743 ut
2455 3672 2687 3744 nullus
2714 3673 2802 3743 sit
2836 3673 2957 3766 qui
2988 3673 3390 3767 premissam
3423 3676 3776 3749 ecclesiam

967 3794 1164 3868 nobis
1201 3795 1518 3868 dilectam
1562 3795 1636 3866 in
1676 3803 2049 3867 memorata
2084 3794 2432 3888 emptione
2475 3793 2857 3888 inquietare
2899 3793 3154 3866 audeat
3188 3796 3303 3867 vel
3342 3818 3652 3889 gravare.
3697 3800 3781 3872 Et

964 3926 1041 3991 ut
1071 3920 1295 3992 minor
1343 3918 1431 3990 sit
1481 3939 1691 4013 super
1724 3918 1877 4013 ipsa
1913 3917 2259 4013 emptione
2304 3915 2757 4010 ambiguitas,
2796 3924 3181 4013 presentem
3218 3917 3508 3992 litteram
3552 3921 3777 4016 sigillo

964 4050 1190 4115 nostro
1227 4042 1565 4115 duximus
1596 4039 2030 4112 communiri.

1056 4168 1289 4238 Testes
1321 4173 1485 4237 sunt
1515 4163 1591 4235 hi
1630 4190 1646 4233 ε
1682 4163 2070 4236 Fridericus
2114 4160 2204 4235 de
2241 4162 2787 4258 Truhindingin,
2831 4163 3225 4239 Burkardus
3264 4167 3649 4261 prepositus
3681 4168 3772 4241 de

964 4288 1515 4382 Aschaffinburg,
1553 4286 1981 4359 Ebirhardus
2009 4286 2100 4359 de
2128 4286 2671 4380 Hertingisberg,
2712 4296 2781 4359 et
2809 4287 2924 4359 alii
2957 4289 3425 4383 quamplures.

1053 4413 1299 4483 Actum
1337 4410 1523 4504 apud
1565 4410 2017 4504 Herbipolim‚
2065 4429 2247 4481 anno
2293 4406 2638 4482 dominice
2677 4410 3163 4484 incarnationis
3204 4413 3300 4485 M.
3331 4410 3455 4485 CC.
3483 4413 3764 4509 XXXII,

965 4531 1199 4624 quinto
1233 4531 1563 4605 kalendas
1597 4531 1846 4623 martii,
1885 4529 2260 4606 indictione
2287 4532 2373 4605 V.
