4842 5802
1930 605 2546 671 Annl'rAMEN'rA.
3522 606 3645 669 943

1884 879 3193 895 ‘oo-“fi-—flfflmw

928 1135 1340 1246 Gregorius
1374 1160 1574 1243 papa
1625 1158 1893 1242 pacem
1928 1133 2123 1216 inter
2175 1131 2673 1236 Friderioum,
2730 1129 3249 1213 Romanorum
3302 1128 3641 1238 impera-
3742 1143 3973 1242 22:53

818 1278 1092 1376 torem,
1135 1278 1211 1352 et
1245 1268 1572 1352 barones
1607 1265 1826 1377 regni
1861 1264 2520 1376 Hierosolymitani
2563 1263 2833 1345 initam
2868 1261 3294 1345 confirmat.
3803 1253 3923 1296 ¹²³⁴·

979 1479 1326 1562 (Memorat.
1355 1484 1422 1543 in
1452 1478 1651 1542 Indice
1688 1476 1906 1561 epistol.
1939 1481 2177 1561 (ἔναρον.
2213 1480 2322 1556 IX,
2350 1480 2582 1543 collect.
2611 1480 2863 1558 Luporte
2885 1478 2971 1540 du
2994 1477 3165 1540 'rheu
3176 1521 3197 1552 ‚
3227 1494 3319 1556 ap.
3354 1475 3633 1537 Biblioth.

1054 1591 1265 1667 imper.
1293 1589 1507 1664 Paris„
1538 1604 1680 1649 ann.
1711 1587 1880 1660 VIII,
1908 1596 1974 1647 n⁰
2002 1584 2095 1665 2.)

913 1775 1168 1847 Datum
1197 1773 1539 1863 Laterani,
1584 1772 1679 1846 XI
1708 1770 2040 1845 kalendas
2072 1769 2332 1866 apriliS,
2373 1768 2811 1864 pontificatus
2840 1789 3023 1842 anno
3060 1776 3331 1840 octavo.

1937 2071 2096 2081 —————

922 2332 1337 2445 Gregorius
1400 2358 1598 2441 papa
1677 2331 2014 2416 nobilem
2078 2331 2330 2416 virum
2391 2330 2811 2415 Iohannem
2881 2333 2977 2415 de
3038 2332 3326 2415 Ibelino
3380 2330 3632 2441 arguit
3737 2347 3939 2443 „5532
3951 2431 3966 2453 ν

810 2467 1020 2576 quod
1063 2466 1532 2549 Fridericum
1556 2526 1580 2570 ‚
1636 2465 2159 2549 Romanorum
2218 2466 2753 2575 imperatorem
2775 2526 2799 2572 ,
2849 2465 3294 2574 gravissime
3372 2464 3630 2549 offen-
3672 2457 3698 2497 ⁷
3714 2456 3892 2507 ⁸¹¹⁸¹¹¹‘¹
3909 2456 4028 2499 ¹²⁸ss

808 2600 1043 2706 derit3
1082 2624 1406 2684 monens
1454 2608 1540 2681 ut
1574 2597 1818 2681 eidem
1856 2624 1992 2707 per
2025 2598 2334 2681 nuntios
2370 2597 2962 2681 satisfactionem
2996 2582 3332 2681 debitam
3367 2596 3632 2681 offerat

809 2732 926 2817 vel
965 2759 1048 2816 se
1090 2732 1550 2816 ordinationi
1586 2729 1965 2815 Ecclesiae
1999 2731 2386 2816 Romanae
2429 2730 2878 2814 committat.

967 2944 1097 3027 (Cf.
1127 2962 1327 3023 supra,
1358 2962 1414 3022 p.
1449 2954 1590 3006 481.
1620 2946 1794 3007 Nunc
1819 2946 2122 3022 epistolam
2143 2947 2436 3025 integram
2459 2945 2668 3006 damus
2696 2962 2772 3005 ex
2810 2944 2950 3004 Mus
2983 2944 3243 3018 Luam,
3272 2945 3522 3006 Histoire
3555 2944 3624 3005 de

1043 3049 1163 3112 rete
1197 3049 1269 3112 de
1310 3049 1538 3131 Ckypre
1571 3069 1703 3112 sous
1736 3048 2067 3130 lapi-incer
2101 3049 2173 3112 de
2210 3048 2272 3111 la
2306 3051 2529 3112 maison
2565 3048 2637 3111 de
2667 3051 2990 3131 Lusiqmn,
3022 3057 3071 3112 t.
3100 3051 3227 3125 111,
3256 3068 3319 3128 p.
3369 3059 3520 3125 640,
3550 3067 3623 3111 ex

1042 3165 1258 3237 regest.
1288 3158 1534 3238 Gregor.
1567 3158 1679 3233 IX,
1708 3175 1851 3220 ann.
1881 3158 2051 3233 VIII,
2080 3161 2252 3237 epist.
2289 3166 2426 3232 184,
2455 3160 2520 3218 in
2541 3157 2780 3219 archivo
2800 3157 3130 3232 Vaticano.)

901 3341 1270 3435 Gregorius
1300 3344 1692 3437 episcopus,
1728 3364 1973 3415 servus
2005 3364 2361 3416 servorum
2395 3343 2548 3432 Dei,
2576 3342 2789 3415 nobili
2819 3343 2971 3415 viro
2999 3341 3292 3414 Iohanni
3330 3342 3420 3415 de
3459 3343 3622 3414 Bel-

804 3465 946 3536 lino
981 3466 1296 3558 spiritum
1331 3465 1593 3537 consilii
1637 3465 1958 3537 sanioris.
2000 3464 2112 3537 Ad
2157 3486 2360 3537 aures
2403 3475 2668 3536 nostras
2706 3465 2982 3537 noveris
3008 3465 3402 3559 pervenisse
3432 3464 3623 3558 quod

808 3596 880 3656 tu
924 3584 1163 3678 iniqua
1222 3585 1667 3678 suggestione
1722 3584 2086 3675 seductus,
2129 3584 2559 3657 carissimum
2605 3586 2677 3656 in
2740 3584 3003 3658 Christo
3050 3584 3268 3656 filium
3319 3596 3624 3657 nostrum

804 3707 1227 3780 Fridericum
1260 3709 1618 3799 illustrem,
1652 3708 2110 3780 Romanorum
2144 3707 2618 3802 imperatorem
2664 3729 2932 3802 semper
2971 3719 3378 3802 augustum,
3420 3710 3626 3781 Jeru-

801 3832 1018 3904 salem
1065 3839 1135 3904 et
1187 3831 1417 3903 Sicilie
1463 3852 1725 3925 regem,
1764 3830 2169 3922 gravissime
2219 3828 2607 3920 offendisti,
2649 3830 3037 3903 celsitudini
3088 3833 3424 3926 imperiali
3483 3855 3621 3905 non

803 3956 1119 4029 deferens
1152 3977 1279 4028 nec
1312 3976 1692 4051 precavens
1724 3955 1849 4027 tibi
1884 3954 2017 4051 ipsi
2055 3965 2132 4027 ut
2169 3955 2565 4047 hujusmodi
2599 3954 3017 4028 difficultatis
3048 3959 3410 4029 articulum
3460 3959 3623 4031 evi-

802 4091 1040 4153 tasseS.
1078 4078 1257 4165 Quia
1292 4100 1461 4152 vero
1499 4100 1804 4172 congrua
1863 4089 1970 4150 est
2009 4078 2406 4152 adhibenda
2444 4080 2711 4151 vulneri
2762 4079 3144 4171 medicina,
3197 4082 3618 4154 nobilitatem

800 4215 993 4277 tuam
1035 4224 1395 4277 monemus
1442 4212 1511 4275 et
1559 4202 1913 4275 hortamur
1960 4211 2214 4275 attente
2259 4212 2328 4274 et
2378 4203 2500 4275 tibi
2549 4204 2971 4275 consulimus
3022 4205 3206 4277 bona
3265 4204 3405 4278 fide
3445 4228 3620 4299 qua·

801 4329 988 4400 tinus
1020 4348 1177 4400 cum
1219 4328 1599 4400 consultius
1637 4347 1789 4399 esse
1835 4334 2154 4397 noscatur
2198 4335 2275 4397 ut
2300 4321 2445 4398 sibi
2480 4346 2604 4421 per
2634 4347 2710 4397 se
2741 4327 3003 4421 absque
3043 4328 3412 4401 coactionis
3455 4330 3616 4403 vio-

803 4451 1012 4524 lentia
1055 4451 1375 4542 satisfiat,
1417 4473 1542 4547 per
1594 4450 1878 4523 idoneos
1934 4450 2209 4523 nuntios
2258 4472 2435 4545 quos
2479 4452 2544 4523 ei
2581 4452 3036 4525 transmittere
3069 4473 3206 4524 non
3251 4464 3619 4548 postponas

803 4576 1333 4648 satisfactionem
1382 4575 1610 4648 eidem
1663 4577 2015 4648 ultroneus
2060 4574 2303 4647 offeras
2346 4575 2438 4648 de
2490 4574 2808 4669 dampnis
2850 4585 2919 4647 et
2960 4575 3229 4668 injuriis
3269 4578 3610 4669 irrogatis.

799 4699 940 4771 Nos
973 4696 1159 4772 enim
1196 4700 1286 4774 de
1322 4700 1688 4774 securitate
1726 4710 1843 4773 tua
1882 4709 1950 4772 et
1981 4710 2253 4773 tuorum
2302 4710 2372 4772 et
2406 4709 2475 4773 te
2518 4701 2941 4774 restituendo
2984 4702 3056 4773 in
3086 4703 3376 4797 gratiam
3421 4725 3617 4776 suam
