4842 5802
780 592 968 652 lumcr.
1002 590 1093 667 5.]
1673 587 2085 651 HISTORIA.
2118 587 2707 648 DIPLOMATICA.
3484 586 3602 649 567

871 724 1245 814 Henricus,
1284 723 1747 797 Romanorum
1779 744 1909 797 rex
1947 723 2071 797 Dei
2109 722 2327 816 gratia
2363 742 2635 817 semper
2670 734 3009 815 augustus
3025 774 3046 813 ,
3090 721 3430 795 universis
3468 723 3605 796 im-

787 848 950 942 perii
983 846 1311 921 fidelibus
1340 845 1664 942 paginam
1710 846 1896 919 hanc
1942 846 2200 919 visuris
2230 846 2524 939 gratiam
2561 868 2761 918 suam
2796 856 2868 919 et
2899 867 3103 919 omne
3142 847 3428 919 bonum.
3465 848 3608 920 Re-

784 971 917 1064 gali
953 969 1427 1045 munifioentie
1476 969 1663 1044 cedit
1701 969 1794 1045 ad
1830 969 2120 1061 gloriam
2156 970 2215 1042 si
2266 969 2501 1062 dignis
2531 969 2798 1043 extollit
2824 970 3198 1043 honoribus
3215 1022 3236 1061 ,
3286 971 3345 1042 si
3373 992 3605 1044 rerum

784 1093 1154 1188 amplificat
1188 1094 1629 1169 incrementis
1654 1093 1766 1166 sui
1799 1094 2095 1166 cultores
2131 1093 2364 1166 lateris
2401 1102 2471 1165 et
2501 1114 2786 1166 suorum
2810 1093 3120 1166 conscios
3153 1103 3595 1167 secretorum.

786 1217 957 1289 Hinc
1001 1218 1187 1289 enim
1228 1217 1509 1292 devotio
1558 1217 1849 1311 pullulat
1900 1217 1975 1288 in
2010 1216 2338 1309 subjectis
2386 1226 2458 1290 et
2490 1225 2782 1311 augetur
2812 1238 3144 1299 numerus
3177 1217 3252 1288 in
3295 1219 3599 1311 devotis,

786 1341 1274 1434 multiplicante
1327 1339 1801 1416 munificentia
1856 1362 1982 1437 per
2034 1342 2435 1436 exemplum
2487 1340 2827 1436 quicquid
2875 1342 3097 1436 potuit
3151 1364 3277 1436 per
3320 1343 3608 1435 gratiam

789 1463 1175 1535 contulisse.
1219 1462 1388 1537 Inde
1428 1472 1534 1538 est
1573 1463 1767 1557 quod
1800 1474 2042 1537 notum
2076 1486 2229 1537 esse
2261 1465 2586 1537 volumus
2619 1465 2962 1537 universis
2996 1467 3248 1537 nostris
3285 1464 3609 1539 fidelibus

787 1595 924 1658 tam
969 1587 1399 1681 presentibus
1437 1609 1652 1682 qnam
1704 1588 1959 1661 futuris
2004 1588 2194 1683 quod
2244 1588 2654 1660 constitutus
2701 1587 2775 1659 in
2828 1589 3169 1684 presentia
3215 1597 3444 1661 nostra
3497 1587 3608 1661 di-

787 1709 1003 1782 lectus
1069 1711 1390 1807 princeps
1447 1718 1678 1784 noster
1745 1711 2041 1786 Sifridus
2105 1712 2663 1807 archiepiscopus
2717 1714 3159 1807 Moguntinus
3220 1711 3610 1786 celsitudini

788 1840 1018 1906 nostre
1045 1834 1464 1930 supplicavit
1488 1842 1745 1908 attente
1773 1844 1852 1907 ut
1871 1834 2311 1909 donationem
2340 1847 2411 1909 et
2444 1837 2952 1909 concessionem
2983 1836 3410 1930 principatus
3435 1838 3614 1909 Lau-

789 1956 1106 2029 rissensis
1146 1957 1430 2030 ecclesie
1459 1978 1623 2030 cum
1659 1957 1848 2030 omni
1880 1957 2167 2052 honore,
2204 1959 2510 2050 vasallis,
2555 1957 3137 2050 ministerialibus,
3180 1958 3447 2050 castris,
3482 1979 3611 2053 op-

789 2079 972 2175 pidis
991 2133 1012 2170 ,
1055 2080 1505 2176 proventibus
1524 2132 1547 2173 ,
1583 2080 1861 2172 juribus
1896 2090 1967 2154 et
2013 2082 2443 2176 pertinentiis
2469 2082 2641 2173 suis,
2678 2103 2721 2154 a
2749 2081 3029 2154 domino
3061 2090 3129 2153 et
3158 2090 3349 2175 patre
3381 2093 3611 2155 nostro

790 2202 1134 2277 Friderico
1169 2203 1621 2278 invictissimo
1651 2205 2115 2279 Romanorum
2151 2206 2559 2301 imperatore
2588 2226 2859 2299 semper
2887 2213 3206 2298 augusto,
3239 2206 3613 2278 Jerusalem

793 2337 861 2400 et
906 2326 1136 2402 Sicilie
1182 2351 1349 2423 rege
1371 2385 1389 2417 ,
1441 2328 1644 2401 nobis
1692 2328 2133 2424 presentibus
2188 2339 2259 2400 et
2316 2329 2935 2417 consentientibus,
2987 2327 3425 2400 laudabiliter
3480 2329 3616 2400 sibi

796 2453 1040 2526 factam
1075 2460 1146 2524 et
1179 2451 1464 2525 ecclesie
1502 2452 1906 2546 Moguntine
1945 2450 2005 2547 (⁴
2024 2452 2052 2548 )
2072 2505 2093 2544 ,
2138 2452 2369 2525 denuo
2410 2461 2625 2525 ratam
2662 2451 2919 2523 habere
2952 2461 3021 2522 et
3059 2472 3467 2523 conservare
3514 2451 3623 2522 in-

795 2574 1203 2649 violabiliter
1250 2574 1684 2649 deberemuS.
1722 2576 1862 2649 Nos
1915 2575 2128 2670 igitur
2175 2574 2604 2649 attendentes
2655 2584 2851 2668 grata
2883 2574 3214 2669 obsequia
3257 2597 3396 2669 que
3437 2574 3621 2649 dicta

798 2700 1080 2772 ecclesia
1125 2698 1531 2792 Moguntina
1569 2700 1771 2773 nobis
1811 2708 1879 2771 et
1928 2700 2485 2794 progenitoribus
2528 2699 2776 2771 nostris
2817 2699 3123 2771 noscitur
3161 2699 3614 2794 impendisse,

800 2822 1312 2897 considerantes
1355 2824 1564 2896 etiam
1596 2823 1878 2896 servitia
1918 2822 2150 2896 debita
2197 2823 2486 2917 imperio
2521 2844 2661 2918 que
2710 2843 2836 2918 per
2875 2822 3344 2918 impotentiam
3387 2844 3628 2897 mona-

799 2949 981 3021 sterii
1023 2947 1380 3021 memorati
1424 2947 1490 3019 ei
1529 2947 1866 3019 hactenus
1915 2955 2079 3019 sunt
2128 2946 2474 3019 subtracta
2490 2999 2512 3039 ,
2556 2967 2685 3042 per
2725 2945 2986 3019 dictum
3031 2945 3623 3043 archiepiscopum

801 3079 868 3144 et
893 3091 1322 3145 successores
1364 3071 1516 3163 ejus
1560 3091 1766 3165 posse
1796 3092 2101 3164 congrue
2145 3070 2497 3161 exhiberi,
2541 3071 3052 3143 concessionem
3079 3078 3149 3142 et
3188 3070 3627 3144 donationem

800 3195 1173 3289 predictam
1220 3203 1545 3287 tanquam
1586 3193 1677 3266 de
1707 3214 1993 3266 assensu
2037 3203 2267 3267 nostro
2305 3194 2556 3267 factam
2606 3202 2822 3267 ratam
2865 3193 3198 3267 habentes
3215 3246 3237 3286 ,
3285 3194 3627 3288 presentis

801 3319 1048 3411 regalis
1082 3317 1338 3413 pagine
1379 3318 1731 3390 sancimus
1775 3316 2004 3390 edicto
2043 3328 2386 3411 quatenus
2433 3317 2621 3390 nulla
2655 3338 2949 3412 persona
2978 3317 3116 3389 alta
3142 3318 3258 3389 vel
3302 3317 3622 3408 humilis,

803 3441 1257 3513 ecclesiastica
1310 3442 1425 3514 vel
1462 3441 1851 3532 mundana,
1889 3441 1956 3514 ei
2003 3463 2178 3514 ausu
2217 3442 2578 3515 temerario
2627 3442 2965 3516 contraire
3006 3450 3378 3537 presumat.
3427 3441 3628 3526 Quod

807 3563 868 3634 si
895 3564 1055 3657 quis
1089 3566 1548 3654 attentaverit,
1585 3575 1813 3660 preter
1848 3563 2395 3658 indignationem
2426 3587 2638 3660 quam
2675 3588 2769 3638 ex
2803 3566 2936 3638 hoc
2970 3564 3251 3654 incidet,
3283 3565 3630 3659 quinqua-

809 3686 1002 3779 ginta
1061 3687 1269 3760 libras
1319 3689 1467 3761 auri
1513 3711 1589 3761 se
1644 3688 1916 3761 noverit
1968 3690 2514 3785 compositurum
2537 3745 2554 3776 ,
2608 3710 2903 3782 quarum
2959 3688 3395 3760 medietatem
3446 3689 3635 3761 curie

808 3820 1063 3903 nostre,
1107 3812 1386 3884 alteram
1420 3833 1589 3884 vero
1621 3812 1801 3907 parti
1833 3832 2033 3907 passe
2070 3811 2390 3903 injuriam
2425 3813 2749 3884 volumus
2786 3809 3136 3907 applicari.

902 3935 1132 4009 Testes
1173 3935 1381 4029 huJus
1416 3935 1956 4009 confirmationis
1992 3946 2221 4009 nostre
2271 3943 2434 4008 sunt
2475 3961 2492 4006 ε
2538 3936 2618 4005 Β.
2660 3932 3044 4029 patriarcha
3081 3932 3623 4029 AquilegiensiS,

807 4057 887 4130 E.
925 4059 1444 4153 Salzburgensis
1480 4059 2074 4155 archiepiscopus,
2110 4061 2195 4129 H.
2245 4057 2786 4152 Herbipolensis,
2826 4056 2905 4127 E.
2945 4056 3505 4152 Bambergensis.
3555 4061 3625 4132 S.

810 4179 1321 4254 Ratisbonensis
1369 4181 1744 4276 imperialis
1793 4182 1949 4253 aule
1998 4180 2489 4272 cancellarius,
2549 4180 2908 4252 Heinricus
2956 4181 3510 4273 wormatiensis,
3552 4181 3629 4253 C.

813 4302 1262 4398 Frisingensis
1303 4304 1655 4402 episcopi,
1708 4305 1926 4379 abbas
1975 4304 2204 4378 Sancti
2256 4302 2469 4392 Galli,
2516 4304 2857 4398 Saxonie,
2897 4304 3240 4396 Meranie,
3284 4291 3638 4379 Karinthie

890 4708 962 4782 (⁴)
997 4709 1077 4771 Cf.
1106 4726 1293 4788 supra,
1317 4727 1376 4785 p.
1406 4715 1511 4770 326
1543 4718 1598 4770 et
1622 4727 1775 4788 seqq.
