<?xml version="1.0" encoding="UTF-8"?>
<!DOCTYPE html PUBLIC "-//W3C//DTD XHTML 1.0 Transitional//EN"
    "http://www.w3.org/TR/xhtml1/DTD/xhtml1-transitional.dtd">
<html xmlns="http://www.w3.org/1999/xhtml" xml:lang="en" lang="en">
 <head>
  <title>
</title>
<meta http-equiv="Content-Type" content="text/html;charset=utf-8" />
  <meta name='ocr-system' content='tesseract 3.04.00' />
  <meta name='ocr-capabilities' content='ocr_page ocr_carea ocr_par ocr_line ocrx_word'/>
</head>
<body>
  <div class='ocr_page' id='page_1' title='image "./historiadiploma01degoog_0166.png"; bbox 0 0 4842 5802; ppageno 0'>
   <div class='ocr_carea' id='block_1_1' title="bbox 1141 653 3962 1032">
    <p class='ocr_par' dir='ltr' id='par_1_1' title="bbox 1141 653 3962 1032">
     <span class='ocr_line' id='line_1_1' title="bbox 1141 653 3955 738; baseline 0.005 -24"><span class='ocrx_word' id='word_1_1' title='bbox 1141 653 1262 715; x_wconf 85' lang='lat'>678</span> <span class='ocrx_word' id='word_1_2' title='bbox 2176 656 2523 716; x_wconf 71' lang='lat' dir='ltr'>nsunlcl</span> <span class='ocrx_word' id='word_1_3' title='bbox 2575 657 2908 717; x_wconf 71' lang='lat' dir='ltr'>summ</span> <span class='ocrx_word' id='word_1_4' title='bbox 3585 661 3747 738; x_wconf 66' lang='lat' dir='ltr'><strong>[Anu.</strong></span> <span class='ocrx_word' id='word_1_5' title='bbox 3784 664 3955 728; x_wconf 76' lang='lat'><strong>1234.</strong></span> 
     </span>
     <span class='ocr_line' id='line_1_2' title="bbox 1149 784 3962 902; baseline 0.005 -35"><span class='ocrx_word' id='word_1_6' title='bbox 1149 784 1292 868; x_wconf 90' lang='lat' dir='ltr'>sibi</span> <span class='ocrx_word' id='word_1_7' title='bbox 1336 797 1413 868; x_wconf 86' lang='lat' dir='ltr'>et</span> <span class='ocrx_word' id='word_1_8' title='bbox 1461 786 1779 896; x_wconf 89' lang='lat' dir='ltr'>imperio</span> <span class='ocrx_word' id='word_1_9' title='bbox 1833 786 2203 895; x_wconf 84' lang='lat' dir='ltr'>exhibita,</span> <span class='ocrx_word' id='word_1_10' title='bbox 2258 787 2697 870; x_wconf 87' lang='lat' dir='ltr'>molendina</span> <span class='ocrx_word' id='word_1_11' title='bbox 2750 788 3167 898; x_wconf 87' lang='lat' dir='ltr'>quaedam,</span> <span class='ocrx_word' id='word_1_12' title='bbox 3208 788 3317 872; x_wconf 92' lang='lat' dir='ltr'>ibi</span> <span class='ocrx_word' id='word_1_13' title='bbox 3369 789 3745 902; x_wconf 85' lang='lat' dir='ltr'>descripta</span> <span class='ocrx_word' id='word_1_14' title='bbox 3788 807 3865 879; x_wconf 87' lang='lat' dir='ltr'>et</span> <span class='ocrx_word' id='word_1_15' title='bbox 3916 823 3962 881; x_wconf 87' lang='lat' dir='ltr'>a</span> 
     </span>
     <span class='ocr_line' id='line_1_3' title="bbox 1149 917 3952 1032; baseline 0.003 -31"><span class='ocrx_word' id='word_1_16' title='bbox 1149 917 1501 1003; x_wconf 88' lang='lat' dir='ltr'>Conrado</span> <span class='ocrx_word' id='word_1_17' title='bbox 1537 919 1947 1029; x_wconf 85' lang='lat' dir='ltr'>burgravio</span> <span class='ocrx_word' id='word_1_18' title='bbox 1983 920 2078 1003; x_wconf 92' lang='lat' dir='ltr'>de</span> <span class='ocrx_word' id='word_1_19' title='bbox 2110 919 2558 1031; x_wconf 86' lang='lat' dir='ltr'>Nurenberg</span> <span class='ocrx_word' id='word_1_20' title='bbox 2592 922 2672 1002; x_wconf 90' lang='lat' dir='ltr'>in</span> <span class='ocrx_word' id='word_1_21' title='bbox 2709 945 2987 1004; x_wconf 90' lang='lat' dir='ltr'>manus</span> <span class='ocrx_word' id='word_1_22' title='bbox 3033 946 3213 1004; x_wconf 88' lang='lat' dir='ltr'>suas</span> <span class='ocrx_word' id='word_1_23' title='bbox 3248 921 3596 1032; x_wconf 87' lang='lat' dir='ltr'>delegata</span> <span class='ocrx_word' id='word_1_24' title='bbox 3619 986 3643 1029; x_wconf 89' lang='lat'>,</span> <span class='ocrx_word' id='word_1_25' title='bbox 3691 926 3952 1012; x_wconf 88' lang='lat' dir='ltr'>donat.</span> 
     </span>
    </p>
   </div>
   <div class='ocr_carea' id='block_1_2' title="bbox 1309 1134 3962 1328">
    <p class='ocr_par' dir='ltr' id='par_1_2' title="bbox 1309 1134 3962 1328">
     <span class='ocr_line' id='line_1_4' title="bbox 1309 1134 3962 1223; baseline 0.004 -26"><span class='ocrx_word' id='word_1_26' title='bbox 1309 1134 1498 1216; x_wconf 86' lang='lat' dir='ltr'>(Edit.</span> <span class='ocrx_word' id='word_1_27' title='bbox 1531 1154 1621 1214; x_wconf 88' lang='lat' dir='ltr'>ap.</span> <span class='ocrx_word' id='word_1_28' title='bbox 1654 1136 1915 1197; x_wconf 73' lang='lat' dir='ltr'>Manum.</span> <span class='ocrx_word' id='word_1_29' title='bbox 1945 1136 2133 1210; x_wconf 61' lang='lat' dir='ltr'>Boia,</span> <span class='ocrx_word' id='word_1_30' title='bbox 2160 1142 2305 1201; x_wconf 86' lang='lat' dir='ltr'>tom.</span> <span class='ocrx_word' id='word_1_31' title='bbox 2334 1137 2541 1212; x_wconf 84' lang='lat' dir='ltr'>XXX,</span> <span class='ocrx_word' id='word_1_32' title='bbox 2570 1154 2709 1215; x_wconf 77' lang='lat' dir='ltr'>pars</span> <span class='ocrx_word' id='word_1_33' title='bbox 2735 1138 2810 1212; x_wconf 77' lang='lat'>1⁸,</span> <span class='ocrx_word' id='word_1_34' title='bbox 2848 1155 2910 1216; x_wconf 84' lang='lat' dir='ltr'>p.</span> <span class='ocrx_word' id='word_1_35' title='bbox 2944 1147 3092 1213; x_wconf 74' lang='lat'>216,</span> <span class='ocrx_word' id='word_1_36' title='bbox 3123 1140 3189 1200; x_wconf 82' lang='lat' dir='ltr'>n·</span> <span class='ocrx_word' id='word_1_37' title='bbox 3217 1149 3358 1217; x_wconf 78' lang='lat'>728,</span> <span class='ocrx_word' id='word_1_38' title='bbox 3387 1158 3466 1202; x_wconf 82' lang='lat' dir='ltr'>ex</span> <span class='ocrx_word' id='word_1_39' title='bbox 3491 1144 3765 1221; x_wconf 71' lang='lat' dir='ltr'>originali</span> <span class='ocrx_word' id='word_1_40' title='bbox 3791 1149 3962 1223; x_wconf 73' lang='lat' dir='ltr'>cnjus</span> 
     </span>
     <span class='ocr_line' id='line_1_5' title="bbox 1389 1241 3602 1328; baseline 0.002 -23"><span class='ocrx_word' id='word_1_41' title='bbox 1389 1244 1648 1323; x_wconf 86' lang='lat' dir='ltr'>sigillum</span> <span class='ocrx_word' id='word_1_42' title='bbox 1673 1246 1868 1321; x_wconf 84' lang='lat' dir='ltr'>periit.</span> <span class='ocrx_word' id='word_1_43' title='bbox 1889 1276 1971 1288; x_wconf 93' lang='lat'>—</span> <span class='ocrx_word' id='word_1_44' title='bbox 1996 1244 2073 1304; x_wconf 85' lang='lat' dir='ltr'>Et</span> <span class='ocrx_word' id='word_1_45' title='bbox 2098 1260 2195 1320; x_wconf 88' lang='lat' dir='ltr'>ap.</span> <span class='ocrx_word' id='word_1_46' title='bbox 2229 1243 2613 1322; x_wconf 71' lang='lat' dir='ltr'>Snumsn,</span> <span class='ocrx_word' id='word_1_47' title='bbox 2644 1244 2905 1307; x_wconf 62' lang='lat' dir='ltr'>Monam.</span> <span class='ocrx_word' id='word_1_48' title='bbox 2934 1241 3175 1318; x_wconf 71' lang='lat' dir='ltr'>Zoleer„</span> <span class='ocrx_word' id='word_1_49' title='bbox 3203 1253 3250 1308; x_wconf 87' lang='lat' dir='ltr'>t.</span> <span class='ocrx_word' id='word_1_50' title='bbox 3282 1248 3348 1321; x_wconf 87' lang='lat'>1,</span> <span class='ocrx_word' id='word_1_51' title='bbox 3377 1264 3439 1325; x_wconf 83' lang='lat' dir='ltr'>p.</span> <span class='ocrx_word' id='word_1_52' title='bbox 3474 1245 3602 1328; x_wconf 79' lang='lat'><strong>88.)</strong></span> 
     </span>
    </p>
   </div>
   <div class='ocr_carea' id='block_1_3' title="bbox 1146 1431 3964 4009">
    <p class='ocr_par' dir='ltr' id='par_1_3' title="bbox 1146 1431 3964 4009">
     <span class='ocr_line' id='line_1_6' title="bbox 1247 1431 3960 1530; baseline 0.001 -26"><span class='ocrx_word' id='word_1_53' title='bbox 1247 1435 1329 1504; x_wconf 90' lang='lat' dir='ltr'>H.</span> <span class='ocrx_word' id='word_1_54' title='bbox 1357 1486 1377 1522; x_wconf 94' lang='lat'>,</span> <span class='ocrx_word' id='word_1_55' title='bbox 1433 1431 1555 1504; x_wconf 91' lang='lat' dir='ltr'>Dei</span> <span class='ocrx_word' id='word_1_56' title='bbox 1592 1431 1809 1525; x_wconf 86' lang='lat' dir='ltr'>gratia</span> <span class='ocrx_word' id='word_1_57' title='bbox 1842 1432 2299 1507; x_wconf 86' lang='lat' dir='ltr'>Romanorum</span> <span class='ocrx_word' id='word_1_58' title='bbox 2330 1452 2457 1503; x_wconf 82' lang='lat' dir='ltr'>rex</span> <span class='ocrx_word' id='word_1_59' title='bbox 2492 1440 2562 1504; x_wconf 92' lang='lat' dir='ltr'>et</span> <span class='ocrx_word' id='word_1_60' title='bbox 2594 1453 2863 1526; x_wconf 88' lang='lat' dir='ltr'>semper</span> <span class='ocrx_word' id='word_1_61' title='bbox 2896 1441 3234 1527; x_wconf 89' lang='lat' dir='ltr'>augustus</span> <span class='ocrx_word' id='word_1_62' title='bbox 3252 1486 3273 1525; x_wconf 99' lang='lat'>,</span> <span class='ocrx_word' id='word_1_63' title='bbox 3313 1433 3658 1509; x_wconf 87' lang='lat' dir='ltr'>universis</span> <span class='ocrx_word' id='word_1_64' title='bbox 3691 1434 3960 1530; x_wconf 91' lang='lat' dir='ltr'>imperii</span> 
     </span>
     <span class='ocr_line' id='line_1_7' title="bbox 1149 1555 3960 1652; baseline 0.001 -24"><span class='ocrx_word' id='word_1_65' title='bbox 1149 1555 1472 1629; x_wconf 90' lang='lat' dir='ltr'>fidelibus</span> <span class='ocrx_word' id='word_1_66' title='bbox 1498 1565 1636 1627; x_wconf 88' lang='lat' dir='ltr'>tam</span> <span class='ocrx_word' id='word_1_67' title='bbox 1670 1555 2098 1650; x_wconf 75' lang='lat' dir='ltr'>presentibus</span> <span class='ocrx_word' id='word_1_68' title='bbox 2128 1577 2337 1648; x_wconf 89' lang='lat' dir='ltr'>quam</span> <span class='ocrx_word' id='word_1_69' title='bbox 2376 1556 2624 1628; x_wconf 81' lang='lat' dir='ltr'>futuris</span> <span class='ocrx_word' id='word_1_70' title='bbox 2655 1565 3039 1650; x_wconf 80' lang='lat' dir='ltr'><strong>presentem</strong></span> <span class='ocrx_word' id='word_1_71' title='bbox 3082 1556 3833 1652; x_wconf 85' lang='lat' dir='ltr'>litteram-inspecturis</span> <span class='ocrx_word' id='word_1_72' title='bbox 3886 1558 3960 1632; x_wconf 84' lang='lat' dir='ltr'>in</span> 
     </span>
     <span class='ocr_line' id='line_1_8' title="bbox 1155 1677 3963 1776; baseline 0 -24"><span class='ocrx_word' id='word_1_73' title='bbox 1155 1689 1589 1776; x_wconf 90' lang='lat' dir='ltr'>perpetuum.</span> <span class='ocrx_word' id='word_1_74' title='bbox 1624 1678 1793 1750; x_wconf 91' lang='lat' dir='ltr'>Cum</span> <span class='ocrx_word' id='word_1_75' title='bbox 1818 1677 2056 1751; x_wconf 89' lang='lat' dir='ltr'>divine</span> <span class='ocrx_word' id='word_1_76' title='bbox 2083 1677 2554 1751; x_wconf 87' lang='lat' dir='ltr'>misericordie</span> <span class='ocrx_word' id='word_1_77' title='bbox 2580 1681 2779 1771; x_wconf 86' lang='lat' dir='ltr'>cujus</span> <span class='ocrx_word' id='word_1_78' title='bbox 2807 1679 3213 1773; x_wconf 81' lang='lat' dir='ltr'>magnitudo</span> <span class='ocrx_word' id='word_1_79' title='bbox 3232 1681 3655 1753; x_wconf 90' lang='lat' dir='ltr'>intellectum</span> <span class='ocrx_word' id='word_1_80' title='bbox 3684 1681 3963 1755; x_wconf 78' lang='lat' dir='ltr'>excedit</span> 
     </span>
     <span class='ocr_line' id='line_1_9' title="bbox 1152 1802 3960 1899; baseline 0.001 -24"><span class='ocrx_word' id='word_1_81' title='bbox 1152 1804 1571 1894; x_wconf 87' lang='lat' dir='ltr'>humanum,</span> <span class='ocrx_word' id='word_1_82' title='bbox 1637 1802 2057 1874; x_wconf 85' lang='lat' dir='ltr'>incrementa</span> <span class='ocrx_word' id='word_1_83' title='bbox 2084 1804 2154 1872; x_wconf 92' lang='lat' dir='ltr'>in</span> <span class='ocrx_word' id='word_1_84' title='bbox 2189 1803 2393 1874; x_wconf 90' lang='lat' dir='ltr'>nobis</span> <span class='ocrx_word' id='word_1_85' title='bbox 2423 1803 2745 1875; x_wconf 86' lang='lat' dir='ltr'>continua</span> <span class='ocrx_word' id='word_1_86' title='bbox 2795 1804 3205 1894; x_wconf 89' lang='lat' dir='ltr'>sentiamus,</span> <span class='ocrx_word' id='word_1_87' title='bbox 3246 1804 3489 1876; x_wconf 92' lang='lat' dir='ltr'>merito</span> <span class='ocrx_word' id='word_1_88' title='bbox 3524 1805 3625 1876; x_wconf 90' lang='lat' dir='ltr'>illi</span> <span class='ocrx_word' id='word_1_89' title='bbox 3659 1804 3851 1899; x_wconf 86' lang='lat' dir='ltr'>quod</span> <span class='ocrx_word' id='word_1_90' title='bbox 3886 1806 3960 1877; x_wconf 91' lang='lat' dir='ltr'>in</span> 
     </span>
     <span class='ocr_line' id='line_1_10' title="bbox 1155 1925 3961 2022; baseline 0.001 -23"><span class='ocrx_word' id='word_1_91' title='bbox 1155 1929 1356 2000; x_wconf 89' lang='lat' dir='ltr'>nobis</span> <span class='ocrx_word' id='word_1_92' title='bbox 1387 1936 1490 2000; x_wconf 88' lang='lat' dir='ltr'>est</span> <span class='ocrx_word' id='word_1_93' title='bbox 1519 1925 1771 1999; x_wconf 86' lang='lat' dir='ltr'>devote</span> <span class='ocrx_word' id='word_1_94' title='bbox 1790 1926 2279 2020; x_wconf 91' lang='lat' dir='ltr'>impendimus,</span> <span class='ocrx_word' id='word_1_95' title='bbox 2312 1936 2392 1997; x_wconf 94' lang='lat' dir='ltr'>ut</span> <span class='ocrx_word' id='word_1_96' title='bbox 2424 1928 2573 1999; x_wconf 90' lang='lat' dir='ltr'>loca</span> <span class='ocrx_word' id='word_1_97' title='bbox 2609 1926 2847 2000; x_wconf 93' lang='lat' dir='ltr'>divino</span> <span class='ocrx_word' id='word_1_98' title='bbox 2873 1929 3090 1999; x_wconf 86' lang='lat' dir='ltr'>cultui</span> <span class='ocrx_word' id='word_1_99' title='bbox 3119 1937 3188 2000; x_wconf 93' lang='lat' dir='ltr'>et</span> <span class='ocrx_word' id='word_1_100' title='bbox 3216 1949 3593 2022; x_wconf 86' lang='lat' dir='ltr'>pauperum</span> <span class='ocrx_word' id='word_1_101' title='bbox 3621 1938 3961 2003; x_wconf 86' lang='lat' dir='ltr'>sustenta-</span> 
     </span>
     <span class='ocr_line' id='line_1_11' title="bbox 1149 2047 3962 2146; baseline -0 -22"><span class='ocrx_word' id='word_1_102' title='bbox 1149 2053 1454 2125; x_wconf 81' lang='lat' dir='ltr'>tionibus</span> <span class='ocrx_word' id='word_1_103' title='bbox 1481 2051 1868 2144; x_wconf 86' lang='lat' dir='ltr'>mancipata</span> <span class='ocrx_word' id='word_1_104' title='bbox 1905 2047 2372 2122; x_wconf 87' lang='lat' dir='ltr'>munificentie</span> <span class='ocrx_word' id='word_1_105' title='bbox 2404 2058 2634 2123; x_wconf 88' lang='lat' dir='ltr'>nostre</span> <span class='ocrx_word' id='word_1_106' title='bbox 2651 2049 3007 2123; x_wconf 86' lang='lat' dir='ltr'>beneficiis</span> <span class='ocrx_word' id='word_1_107' title='bbox 3031 2072 3431 2144; x_wconf 80' lang='lat' dir='ltr'>augeamus.</span> <span class='ocrx_word' id='word_1_108' title='bbox 3452 2051 3732 2123; x_wconf 85' lang='lat' dir='ltr'>Noverit</span> <span class='ocrx_word' id='word_1_109' title='bbox 3751 2051 3962 2146; x_wconf 90' lang='lat' dir='ltr'>igitur</span> 
     </span>
     <span class='ocr_line' id='line_1_12' title="bbox 1153 2172 3961 2270; baseline 0.002 -23"><span class='ocrx_word' id='word_1_110' title='bbox 1153 2187 1290 2249; x_wconf 88' lang='lat' dir='ltr'>tam</span> <span class='ocrx_word' id='word_1_111' title='bbox 1320 2198 1599 2270; x_wconf 69' lang='lat' dir='ltr'>presens</span> <span class='ocrx_word' id='word_1_112' title='bbox 1617 2185 1763 2247; x_wconf 87' lang='lat' dir='ltr'>etas</span> <span class='ocrx_word' id='word_1_113' title='bbox 1788 2195 1995 2268; x_wconf 90' lang='lat' dir='ltr'>quam</span> <span class='ocrx_word' id='word_1_114' title='bbox 2031 2194 2433 2246; x_wconf 87' lang='lat' dir='ltr'>successura</span> <span class='ocrx_word' id='word_1_115' title='bbox 2452 2175 2809 2268; x_wconf 84' lang='lat' dir='ltr'>posteritas</span> <span class='ocrx_word' id='word_1_116' title='bbox 2834 2174 3027 2269; x_wconf 89' lang='lat' dir='ltr'>quod</span> <span class='ocrx_word' id='word_1_117' title='bbox 3057 2195 3183 2247; x_wconf 93' lang='lat' dir='ltr'>nos</span> <span class='ocrx_word' id='word_1_118' title='bbox 3203 2172 3631 2247; x_wconf 87' lang='lat' dir='ltr'>attendentes</span> <span class='ocrx_word' id='word_1_119' title='bbox 3657 2176 3961 2269; x_wconf 85' lang='lat' dir='ltr'>preclara</span> 
     </span>
     <span class='ocr_line' id='line_1_13' title="bbox 1151 2297 3961 2394; baseline 0.001 -21"><span class='ocrx_word' id='word_1_120' title='bbox 1151 2302 1479 2394; x_wconf 90' lang='lat' dir='ltr'>obsequia</span> <span class='ocrx_word' id='word_1_121' title='bbox 1515 2321 1652 2393; x_wconf 90' lang='lat' dir='ltr'>que</span> <span class='ocrx_word' id='word_1_122' title='bbox 1689 2298 1921 2373; x_wconf 88' lang='lat' dir='ltr'>dilecti</span> <span class='ocrx_word' id='word_1_123' title='bbox 1954 2297 2191 2371; x_wconf 88' lang='lat' dir='ltr'>fideles</span> <span class='ocrx_word' id='word_1_124' title='bbox 2239 2300 2452 2372; x_wconf 86' lang='lat' dir='ltr'>nostri</span> <span class='ocrx_word' id='word_1_125' title='bbox 2499 2302 2741 2372; x_wconf 86' lang='lat' dir='ltr'>fratres</span> <span class='ocrx_word' id='word_1_126' title='bbox 2792 2298 3042 2373; x_wconf 91' lang='lat' dir='ltr'>domus</span> <span class='ocrx_word' id='word_1_127' title='bbox 3087 2299 3662 2374; x_wconf 87' lang='lat' dir='ltr'>Theotunicorum</span> <span class='ocrx_word' id='word_1_128' title='bbox 3714 2302 3961 2375; x_wconf 87' lang='lat' dir='ltr'>Sancte</span> 
     </span>
     <span class='ocr_line' id='line_1_14' title="bbox 1146 2422 3958 2517; baseline 0 -20"><span class='ocrx_word' id='word_1_129' title='bbox 1146 2426 1359 2497; x_wconf 87' lang='lat' dir='ltr'>Marie</span> <span class='ocrx_word' id='word_1_130' title='bbox 1396 2424 1465 2496; x_wconf 91' lang='lat' dir='ltr'>in</span> <span class='ocrx_word' id='word_1_131' title='bbox 1496 2424 1868 2497; x_wconf 89' lang='lat' dir='ltr'>Jerusalem</span> <span class='ocrx_word' id='word_1_132' title='bbox 1906 2422 2104 2495; x_wconf 90' lang='lat' dir='ltr'>nobis</span> <span class='ocrx_word' id='word_1_133' title='bbox 2134 2432 2202 2494; x_wconf 91' lang='lat' dir='ltr'>et</span> <span class='ocrx_word' id='word_1_134' title='bbox 2236 2423 2524 2517; x_wconf 91' lang='lat' dir='ltr'>imperio</span> <span class='ocrx_word' id='word_1_135' title='bbox 2552 2423 2888 2497; x_wconf 86' lang='lat' dir='ltr'>exhibent</span> <span class='ocrx_word' id='word_1_136' title='bbox 2912 2424 3365 2517; x_wconf 84' lang='lat' dir='ltr'>incessanter,</span> <span class='ocrx_word' id='word_1_137' title='bbox 3393 2425 3484 2498; x_wconf 94' lang='lat' dir='ltr'>ob</span> <span class='ocrx_word' id='word_1_138' title='bbox 3510 2426 3958 2499; x_wconf 89' lang='lat' dir='ltr'>reverentiam</span> 
     </span>
     <span class='ocr_line' id='line_1_15' title="bbox 1149 2542 3962 2642; baseline 0 -22"><span class='ocrx_word' id='word_1_139' title='bbox 1149 2551 1548 2620; x_wconf 88' lang='lat' dir='ltr'>intemerate</span> <span class='ocrx_word' id='word_1_140' title='bbox 1582 2548 1887 2642; x_wconf 87' lang='lat' dir='ltr'>Virginis</span> <span class='ocrx_word' id='word_1_141' title='bbox 1911 2547 2145 2618; x_wconf 88' lang='lat' dir='ltr'>Matris</span> <span class='ocrx_word' id='word_1_142' title='bbox 2170 2548 2478 2638; x_wconf 89' lang='lat' dir='ltr'>Domini,</span> <span class='ocrx_word' id='word_1_143' title='bbox 2539 2542 2849 2620; x_wconf 88' lang='lat' dir='ltr'>cessione</span> <span class='ocrx_word' id='word_1_144' title='bbox 2874 2570 3083 2642; x_wconf 89' lang='lat' dir='ltr'>quam</span> <span class='ocrx_word' id='word_1_145' title='bbox 3129 2548 3421 2623; x_wconf 89' lang='lat' dir='ltr'>dilectus</span> <span class='ocrx_word' id='word_1_146' title='bbox 3465 2548 3689 2623; x_wconf 89' lang='lat' dir='ltr'>fidelis</span> <span class='ocrx_word' id='word_1_147' title='bbox 3733 2560 3962 2623; x_wconf 87' lang='lat' dir='ltr'>noster</span> 
     </span>
     <span class='ocr_line' id='line_1_16' title="bbox 1148 2670 3962 2765; baseline 0 -18"><span class='ocrx_word' id='word_1_148' title='bbox 1148 2673 1502 2747; x_wconf 88' lang='lat' dir='ltr'>Conradus</span> <span class='ocrx_word' id='word_1_149' title='bbox 1533 2670 1991 2765; x_wconf 86' lang='lat' dir='ltr'>burcgravius</span> <span class='ocrx_word' id='word_1_150' title='bbox 2037 2670 2128 2743; x_wconf 92' lang='lat' dir='ltr'>de</span> <span class='ocrx_word' id='word_1_151' title='bbox 2173 2671 2618 2765; x_wconf 91' lang='lat' dir='ltr'>Nuerenberg</span> <span class='ocrx_word' id='word_1_152' title='bbox 2665 2671 2825 2745; x_wconf 85' lang='lat' dir='ltr'>fecit</span> <span class='ocrx_word' id='word_1_153' title='bbox 2863 2671 3232 2745; x_wconf 87' lang='lat' dir='ltr'>liberaliter</span> <span class='ocrx_word' id='word_1_154' title='bbox 3279 2671 3354 2743; x_wconf 93' lang='lat' dir='ltr'>in</span> <span class='ocrx_word' id='word_1_155' title='bbox 3395 2694 3640 2745; x_wconf 90' lang='lat' dir='ltr'>manus</span> <span class='ocrx_word' id='word_1_156' title='bbox 3695 2683 3962 2747; x_wconf 87' lang='lat' dir='ltr'>nostras</span> 
     </span>
     <span class='ocr_line' id='line_1_17' title="bbox 1148 2794 3964 2891; baseline 0.001 -23"><span class='ocrx_word' id='word_1_157' title='bbox 1148 2807 1421 2891; x_wconf 90' lang='lat' dir='ltr'>recepta</span> <span class='ocrx_word' id='word_1_158' title='bbox 1448 2795 1535 2867; x_wconf 93' lang='lat' dir='ltr'>de</span> <span class='ocrx_word' id='word_1_159' title='bbox 1553 2795 1948 2867; x_wconf 89' lang='lat' dir='ltr'>molendino</span> <span class='ocrx_word' id='word_1_160' title='bbox 1972 2794 2162 2888; x_wconf 92' lang='lat' dir='ltr'>apud</span> <span class='ocrx_word' id='word_1_161' title='bbox 2180 2795 2620 2868; x_wconf 90' lang='lat' dir='ltr'>Nuerenberc</span> <span class='ocrx_word' id='word_1_162' title='bbox 2637 2796 2769 2868; x_wconf 91' lang='lat' dir='ltr'>sito</span> <span class='ocrx_word' id='word_1_163' title='bbox 2794 2796 2970 2867; x_wconf 87' lang='lat' dir='ltr'>inter</span> <span class='ocrx_word' id='word_1_164' title='bbox 2993 2795 3237 2868; x_wconf 88' lang='lat' dir='ltr'>salices</span> <span class='ocrx_word' id='word_1_165' title='bbox 3264 2805 3334 2869; x_wconf 91' lang='lat' dir='ltr'>et</span> <span class='ocrx_word' id='word_1_166' title='bbox 3355 2817 3703 2890; x_wconf 89' lang='lat' dir='ltr'>campum,</span> <span class='ocrx_word' id='word_1_167' title='bbox 3726 2807 3964 2871; x_wconf 81' lang='lat' dir='ltr'>exten·</span> 
     </span>
     <span class='ocr_line' id='line_1_18' title="bbox 1153 2919 3960 3015; baseline 0 -21"><span class='ocrx_word' id='word_1_168' title='bbox 1153 2922 1326 2994; x_wconf 91' lang='lat' dir='ltr'>dens</span> <span class='ocrx_word' id='word_1_169' title='bbox 1361 2943 1439 2993; x_wconf 89' lang='lat' dir='ltr'>se</span> <span class='ocrx_word' id='word_1_170' title='bbox 1474 2942 1516 2992; x_wconf 86' lang='lat' dir='ltr'>a</span> <span class='ocrx_word' id='word_1_171' title='bbox 1557 2920 1833 2992; x_wconf 87' lang='lat' dir='ltr'>civitate</span> <span class='ocrx_word' id='word_1_172' title='bbox 1888 2921 2294 3014; x_wconf 88' lang='lat' dir='ltr'>Nurenberg</span> <span class='ocrx_word' id='word_1_173' title='bbox 2338 2942 2564 3014; x_wconf 87' lang='lat' dir='ltr'>usque</span> <span class='ocrx_word' id='word_1_174' title='bbox 2613 2919 2708 2992; x_wconf 90' lang='lat' dir='ltr'>ad</span> <span class='ocrx_word' id='word_1_175' title='bbox 2757 2920 3040 2994; x_wconf 87' lang='lat' dir='ltr'>domum</span> <span class='ocrx_word' id='word_1_176' title='bbox 3090 2921 3515 3015; x_wconf 84' lang='lat' dir='ltr'>leprosorum</span> <span class='ocrx_word' id='word_1_177' title='bbox 3551 2922 3624 2993; x_wconf 93' lang='lat' dir='ltr'>in</span> <span class='ocrx_word' id='word_1_178' title='bbox 3659 2922 3960 2996; x_wconf 80' lang='lat' dir='ltr'>inferiori</span> 
     </span>
     <span class='ocr_line' id='line_1_19' title="bbox 1154 3042 3961 3140; baseline 0.001 -24"><span class='ocrx_word' id='word_1_179' title='bbox 1154 3053 1352 3140; x_wconf 90' lang='lat' dir='ltr'>parte</span> <span class='ocrx_word' id='word_1_180' title='bbox 1381 3053 1615 3132; x_wconf 84' lang='lat' dir='ltr'>strate,</span> <span class='ocrx_word' id='word_1_181' title='bbox 1657 3044 1748 3117; x_wconf 90' lang='lat' dir='ltr'>de</span> <span class='ocrx_word' id='word_1_182' title='bbox 1779 3053 1925 3115; x_wconf 90' lang='lat' dir='ltr'>orto</span> <span class='ocrx_word' id='word_1_183' title='bbox 1959 3043 2088 3115; x_wconf 88' lang='lat' dir='ltr'>sito</span> <span class='ocrx_word' id='word_1_184' title='bbox 2129 3043 2319 3138; x_wconf 91' lang='lat' dir='ltr'>apud</span> <span class='ocrx_word' id='word_1_185' title='bbox 2362 3044 2624 3116; x_wconf 90' lang='lat' dir='ltr'>dictum</span> <span class='ocrx_word' id='word_1_186' title='bbox 2662 3042 3172 3134; x_wconf 88' lang='lat' dir='ltr'>molendinum,</span> <span class='ocrx_word' id='word_1_187' title='bbox 3221 3043 3309 3116; x_wconf 92' lang='lat' dir='ltr'>de</span> <span class='ocrx_word' id='word_1_188' title='bbox 3339 3043 3734 3116; x_wconf 90' lang='lat' dir='ltr'>molendino</span> <span class='ocrx_word' id='word_1_189' title='bbox 3770 3045 3961 3139; x_wconf 87' lang='lat' dir='ltr'>apud</span> 
     </span>
     <span class='ocr_line' id='line_1_20' title="bbox 1154 3167 3960 3262; baseline 0.001 -23"><span class='ocrx_word' id='word_1_190' title='bbox 1154 3167 1504 3239; x_wconf 77' lang='lat' dir='ltr'>vischbah</span> <span class='ocrx_word' id='word_1_191' title='bbox 1539 3178 1608 3239; x_wconf 89' lang='lat' dir='ltr'>et</span> <span class='ocrx_word' id='word_1_192' title='bbox 1663 3167 1752 3240; x_wconf 91' lang='lat' dir='ltr'>de</span> <span class='ocrx_word' id='word_1_193' title='bbox 1788 3167 2182 3240; x_wconf 89' lang='lat' dir='ltr'>molendino</span> <span class='ocrx_word' id='word_1_194' title='bbox 2227 3167 2412 3239; x_wconf 88' lang='lat' dir='ltr'>dicto</span> <span class='ocrx_word' id='word_1_195' title='bbox 2450 3167 2826 3260; x_wconf 85' lang='lat' dir='ltr'>vulgariter</span> <span class='ocrx_word' id='word_1_196' title='bbox 2876 3167 3587 3261; x_wconf 86' lang='lat' dir='ltr'>Liubmannismuole,</span> <span class='ocrx_word' id='word_1_197' title='bbox 3649 3168 3960 3262; x_wconf 83' lang='lat' dir='ltr'>predicta</span> 
     </span>
     <span class='ocr_line' id='line_1_21' title="bbox 1153 3290 3960 3385; baseline 0 -21"><span class='ocrx_word' id='word_1_198' title='bbox 1153 3292 1550 3366; x_wconf 86' lang='lat' dir='ltr'>molendina</span> <span class='ocrx_word' id='word_1_199' title='bbox 1584 3301 1654 3364; x_wconf 91' lang='lat' dir='ltr'>et</span> <span class='ocrx_word' id='word_1_200' title='bbox 1681 3300 1904 3366; x_wconf 86' lang='lat' dir='ltr'>ortum</span> <span class='ocrx_word' id='word_1_201' title='bbox 1942 3300 2369 3385; x_wconf 86' lang='lat' dir='ltr'>prenotatum</span> <span class='ocrx_word' id='word_1_202' title='bbox 2407 3291 2731 3385; x_wconf 88' lang='lat' dir='ltr'>hospitali</span> <span class='ocrx_word' id='word_1_203' title='bbox 2761 3291 3005 3364; x_wconf 88' lang='lat' dir='ltr'>Sancte</span> <span class='ocrx_word' id='word_1_204' title='bbox 3039 3292 3250 3364; x_wconf 88' lang='lat' dir='ltr'>Marie</span> <span class='ocrx_word' id='word_1_205' title='bbox 3287 3290 3537 3364; x_wconf 87' lang='lat' dir='ltr'>domus</span> <span class='ocrx_word' id='word_1_206' title='bbox 3573 3292 3960 3365; x_wconf 89' lang='lat' dir='ltr'>Theotuni-</span> 
     </span>
     <span class='ocr_line' id='line_1_22' title="bbox 1153 3414 3960 3511; baseline 0 -22"><span class='ocrx_word' id='word_1_207' title='bbox 1153 3438 1390 3489; x_wconf 92' lang='lat' dir='ltr'>corum</span> <span class='ocrx_word' id='word_1_208' title='bbox 1424 3415 1613 3511; x_wconf 87' lang='lat' dir='ltr'>apud</span> <span class='ocrx_word' id='word_1_209' title='bbox 1650 3415 2082 3507; x_wconf 85' lang='lat' dir='ltr'>Nuerinberg</span> <span class='ocrx_word' id='word_1_210' title='bbox 2136 3414 2208 3486; x_wconf 92' lang='lat' dir='ltr'>in</span> <span class='ocrx_word' id='word_1_211' title='bbox 2240 3414 2622 3489; x_wconf 90' lang='lat' dir='ltr'>remedium</span> <span class='ocrx_word' id='word_1_212' title='bbox 2666 3415 2893 3487; x_wconf 90' lang='lat' dir='ltr'>anime</span> <span class='ocrx_word' id='word_1_213' title='bbox 2925 3425 3155 3488; x_wconf 91' lang='lat' dir='ltr'>nostre</span> <span class='ocrx_word' id='word_1_214' title='bbox 3187 3425 3255 3488; x_wconf 91' lang='lat' dir='ltr'>et</span> <span class='ocrx_word' id='word_1_215' title='bbox 3290 3437 3761 3489; x_wconf 89' lang='lat' dir='ltr'>successorum</span> <span class='ocrx_word' id='word_1_216' title='bbox 3800 3439 3960 3490; x_wconf 91' lang='lat' dir='ltr'>nos-</span> 
     </span>
     <span class='ocr_line' id='line_1_23' title="bbox 1155 3538 3963 3634; baseline 0.001 -22"><span class='ocrx_word' id='word_1_217' title='bbox 1155 3552 1409 3613; x_wconf 81' lang='lat' dir='ltr'>trorum</span> <span class='ocrx_word' id='word_1_218' title='bbox 1439 3562 1678 3634; x_wconf 81' lang='lat' dir='ltr'>regum</span> <span class='ocrx_word' id='word_1_219' title='bbox 1702 3549 1773 3612; x_wconf 88' lang='lat' dir='ltr'>et</span> <span class='ocrx_word' id='word_1_220' title='bbox 1797 3540 2280 3633; x_wconf 86' lang='lat' dir='ltr'>imperatorum</span> <span class='ocrx_word' id='word_1_221' title='bbox 2319 3538 2641 3612; x_wconf 90' lang='lat' dir='ltr'>dedimus</span> <span class='ocrx_word' id='word_1_222' title='bbox 2675 3549 2744 3612; x_wconf 89' lang='lat' dir='ltr'>et</span> <span class='ocrx_word' id='word_1_223' title='bbox 2775 3540 3265 3633; x_wconf 87' lang='lat' dir='ltr'>concessimus,</span> <span class='ocrx_word' id='word_1_224' title='bbox 3283 3561 3444 3613; x_wconf 89' lang='lat' dir='ltr'>cum</span> <span class='ocrx_word' id='word_1_225' title='bbox 3474 3542 3795 3614; x_wconf 90' lang='lat' dir='ltr'>omnibus</span> <span class='ocrx_word' id='word_1_226' title='bbox 3816 3542 3963 3616; x_wconf 90' lang='lat' dir='ltr'>suis</span> 
     </span>
     <span class='ocr_line' id='line_1_24' title="bbox 1152 3664 3961 3762; baseline 0.001 -24"><span class='ocrx_word' id='word_1_227' title='bbox 1152 3666 1579 3761; x_wconf 84' lang='lat' dir='ltr'>pertinentiis</span> <span class='ocrx_word' id='word_1_228' title='bbox 1595 3664 2036 3760; x_wconf 89' lang='lat' dir='ltr'>possidenda.</span> <span class='ocrx_word' id='word_1_229' title='bbox 2081 3666 2465 3740; x_wconf 83' lang='lat' dir='ltr'>Statuentes</span> <span class='ocrx_word' id='word_1_230' title='bbox 2490 3675 2560 3738; x_wconf 86' lang='lat' dir='ltr'>et</span> <span class='ocrx_word' id='word_1_231' title='bbox 2573 3666 2973 3739; x_wconf 83' lang='lat' dir='ltr'>auctoritate</span> <span class='ocrx_word' id='word_1_232' title='bbox 3001 3667 3190 3760; x_wconf 85' lang='lat' dir='ltr'>regia</span> <span class='ocrx_word' id='word_1_233' title='bbox 3212 3664 3490 3739; x_wconf 85' lang='lat' dir='ltr'>firmiter</span> <span class='ocrx_word' id='word_1_234' title='bbox 3515 3667 3961 3762; x_wconf 83' lang='lat' dir='ltr'>precipientes</span> 
     </span>
     <span class='ocr_line' id='line_1_25' title="bbox 1151 3788 3955 3885; baseline 0.001 -24"><span class='ocrx_word' id='word_1_235' title='bbox 1151 3790 1446 3862; x_wconf 89' lang='lat' dir='ltr'>utnulla</span> <span class='ocrx_word' id='word_1_236' title='bbox 1484 3812 1811 3883; x_wconf 90' lang='lat' dir='ltr'>umquam</span> <span class='ocrx_word' id='word_1_237' title='bbox 1848 3809 2138 3885; x_wconf 89' lang='lat' dir='ltr'>persona</span> <span class='ocrx_word' id='word_1_238' title='bbox 2184 3788 2464 3861; x_wconf 90' lang='lat' dir='ltr'>humilis</span> <span class='ocrx_word' id='word_1_239' title='bbox 2515 3791 2625 3861; x_wconf 89' lang='lat' dir='ltr'>vel</span> <span class='ocrx_word' id='word_1_240' title='bbox 2667 3791 2838 3883; x_wconf 88' lang='lat' dir='ltr'>alta,</span> <span class='ocrx_word' id='word_1_241' title='bbox 2894 3792 3351 3864; x_wconf 87' lang='lat' dir='ltr'>ecclesiastica</span> <span class='ocrx_word' id='word_1_242' title='bbox 3405 3792 3517 3863; x_wconf 92' lang='lat' dir='ltr'>vel</span> <span class='ocrx_word' id='word_1_243' title='bbox 3562 3791 3955 3881; x_wconf 86' lang='lat' dir='ltr'>mundana,</span> 
     </span>
     <span class='ocr_line' id='line_1_26' title="bbox 1146 3913 3959 4009; baseline -0 -25"><span class='ocrx_word' id='word_1_244' title='bbox 1146 3915 1329 3986; x_wconf 89' lang='lat' dir='ltr'>hanc</span> <span class='ocrx_word' id='word_1_245' title='bbox 1352 3924 1579 3985; x_wconf 86' lang='lat' dir='ltr'>nostre</span> <span class='ocrx_word' id='word_1_246' title='bbox 1617 3913 2005 3986; x_wconf 89' lang='lat' dir='ltr'>donationis</span> <span class='ocrx_word' id='word_1_247' title='bbox 2032 3924 2101 3984; x_wconf 87' lang='lat' dir='ltr'>et</span> <span class='ocrx_word' id='word_1_248' title='bbox 2134 3913 2591 3986; x_wconf 87' lang='lat' dir='ltr'>concessionis</span> <span class='ocrx_word' id='word_1_249' title='bbox 2620 3914 2945 4009; x_wconf 89' lang='lat' dir='ltr'>paginam</span> <span class='ocrx_word' id='word_1_250' title='bbox 2982 3923 3331 4009; x_wconf 90' lang='lat' dir='ltr'>presumat</span> <span class='ocrx_word' id='word_1_251' title='bbox 3359 3914 3731 4003; x_wconf 81' lang='lat' dir='ltr'>infringere</span> <span class='ocrx_word' id='word_1_252' title='bbox 3754 3913 3866 3985; x_wconf 92' lang='lat' dir='ltr'>vel</span> <span class='ocrx_word' id='word_1_253' title='bbox 3895 3913 3959 3984; x_wconf 92' lang='lat' dir='ltr'>ei</span> 
     </span>
    </p>
   </div>
   <div class='ocr_carea' id='block_1_4' title="bbox 1146 4036 3960 4248">
    <p class='ocr_par' dir='ltr' id='par_1_4' title="bbox 1146 4036 3960 4248">
     <span class='ocr_line' id='line_1_27' title="bbox 1146 4036 3960 4131; baseline -0 -23"><span class='ocrx_word' id='word_1_254' title='bbox 1146 4060 1321 4109; x_wconf 88' lang='lat' dir='ltr'>ausu</span> <span class='ocrx_word' id='word_1_255' title='bbox 1366 4038 1722 4109; x_wconf 85' lang='lat' dir='ltr'>temerario</span> <span class='ocrx_word' id='word_1_256' title='bbox 1755 4039 2111 4109; x_wconf 89' lang='lat' dir='ltr'>contraire.</span> <span class='ocrx_word' id='word_1_257' title='bbox 2158 4037 2359 4122; x_wconf 91' lang='lat' dir='ltr'>Quod</span> <span class='ocrx_word' id='word_1_258' title='bbox 2392 4038 2514 4131; x_wconf 91' lang='lat' dir='ltr'>qui</span> <span class='ocrx_word' id='word_1_259' title='bbox 2561 4041 2796 4111; x_wconf 83' lang='lat' dir='ltr'>fecerit</span> <span class='ocrx_word' id='word_1_260' title='bbox 2831 4036 3374 4131; x_wconf 88' lang='lat' dir='ltr'>indignationem</span> <span class='ocrx_word' id='word_1_261' title='bbox 3419 4037 3543 4110; x_wconf 91' lang='lat' dir='ltr'>Dei</span> <span class='ocrx_word' id='word_1_262' title='bbox 3589 4046 3960 4128; x_wconf 89' lang='lat' dir='ltr'>nostreque</span> 
     </span>
     <span class='ocr_line' id='line_1_28' title="bbox 1146 4155 3958 4248; baseline -0.002 -20"><span class='ocrx_word' id='word_1_263' title='bbox 1146 4157 1572 4228; x_wconf 83' lang='lat' dir='ltr'>celsitudinis</span> <span class='ocrx_word' id='word_1_264' title='bbox 1604 4157 2078 4248; x_wconf 85' lang='lat' dir='ltr'>gravissimam</span> <span class='ocrx_word' id='word_1_265' title='bbox 2111 4156 2436 4228; x_wconf 86' lang='lat' dir='ltr'>offensam</span> <span class='ocrx_word' id='word_1_266' title='bbox 2482 4177 2557 4228; x_wconf 90' lang='lat' dir='ltr'>se</span> <span class='ocrx_word' id='word_1_267' title='bbox 2601 4157 2873 4228; x_wconf 86' lang='lat' dir='ltr'>noverit</span> <span class='ocrx_word' id='word_1_268' title='bbox 2900 4157 3361 4227; x_wconf 89' lang='lat' dir='ltr'>incursurum.</span> <span class='ocrx_word' id='word_1_269' title='bbox 3406 4155 3494 4224; x_wconf 88' lang='lat' dir='ltr'>Ut</span> <span class='ocrx_word' id='word_1_270' title='bbox 3534 4163 3764 4226; x_wconf 90' lang='lat' dir='ltr'>autem</span> <span class='ocrx_word' id='word_1_271' title='bbox 3796 4174 3958 4247; x_wconf 90' lang='lat' dir='ltr'>pre-</span> 
     </span>
    </p>
   </div>
   <div class='ocr_carea' id='block_1_5' title="bbox 1145 4277 3962 4869">
    <p class='ocr_par' dir='ltr' id='par_1_5' title="bbox 1145 4277 3962 4869">
     <span class='ocr_line' id='line_1_29' title="bbox 1146 4277 3960 4373; baseline -0.001 -23"><span class='ocrx_word' id='word_1_272' title='bbox 1146 4302 1301 4351; x_wconf 88' lang='lat' dir='ltr'>sens</span> <span class='ocrx_word' id='word_1_273' title='bbox 1332 4279 1611 4352; x_wconf 88' lang='lat' dir='ltr'>donatio</span> <span class='ocrx_word' id='word_1_274' title='bbox 1644 4290 1713 4349; x_wconf 88' lang='lat' dir='ltr'>et</span> <span class='ocrx_word' id='word_1_275' title='bbox 1753 4281 2100 4351; x_wconf 88' lang='lat' dir='ltr'>concessio</span> <span class='ocrx_word' id='word_1_276' title='bbox 2136 4281 2310 4350; x_wconf 84' lang='lat' dir='ltr'>facta</span> <span class='ocrx_word' id='word_1_277' title='bbox 2340 4288 2481 4350; x_wconf 88' lang='lat' dir='ltr'>tam</span> <span class='ocrx_word' id='word_1_278' title='bbox 2506 4301 2626 4373; x_wconf 90' lang='lat' dir='ltr'>per</span> <span class='ocrx_word' id='word_1_279' title='bbox 2651 4300 2776 4351; x_wconf 90' lang='lat' dir='ltr'>nos</span> <span class='ocrx_word' id='word_1_280' title='bbox 2803 4300 3009 4372; x_wconf 87' lang='lat' dir='ltr'>quam</span> <span class='ocrx_word' id='word_1_281' title='bbox 3040 4300 3161 4372; x_wconf 90' lang='lat' dir='ltr'>per</span> <span class='ocrx_word' id='word_1_282' title='bbox 3189 4277 3678 4368; x_wconf 86' lang='lat' dir='ltr'>burcgravium</span> <span class='ocrx_word' id='word_1_283' title='bbox 3716 4298 3960 4371; x_wconf 86' lang='lat' dir='ltr'>supra-</span> 
     </span>
     <span class='ocr_line' id='line_1_30' title="bbox 1146 4400 3958 4496; baseline -0.001 -20"><span class='ocrx_word' id='word_1_284' title='bbox 1146 4404 1404 4476; x_wconf 91' lang='lat' dir='ltr'>dictum</span> <span class='ocrx_word' id='word_1_285' title='bbox 1438 4404 1661 4476; x_wconf 85' lang='lat' dir='ltr'>eidem</span> <span class='ocrx_word' id='word_1_286' title='bbox 1695 4402 2016 4496; x_wconf 90' lang='lat' dir='ltr'>hospitali</span> <span class='ocrx_word' id='word_1_287' title='bbox 2055 4412 2123 4473; x_wconf 84' lang='lat' dir='ltr'>et</span> <span class='ocrx_word' id='word_1_288' title='bbox 2181 4403 2502 4473; x_wconf 85' lang='lat' dir='ltr'>fratribus</span> <span class='ocrx_word' id='word_1_289' title='bbox 2538 4401 2728 4496; x_wconf 88' lang='lat' dir='ltr'>apud</span> <span class='ocrx_word' id='word_1_290' title='bbox 2764 4402 3192 4492; x_wconf 90' lang='lat' dir='ltr'>Nuerinberg</span> <span class='ocrx_word' id='word_1_291' title='bbox 3245 4400 3662 4472; x_wconf 90' lang='lat' dir='ltr'>inviolabilis</span> <span class='ocrx_word' id='word_1_292' title='bbox 3724 4402 3958 4473; x_wconf 86' lang='lat' dir='ltr'>obser-</span> 
     </span>
     <span class='ocr_line' id='line_1_31' title="bbox 1145 4525 3807 4620; baseline -0.002 -21"><span class='ocrx_word' id='word_1_293' title='bbox 1145 4538 1376 4613; x_wconf 89' lang='lat' dir='ltr'>vetur,</span> <span class='ocrx_word' id='word_1_294' title='bbox 1420 4536 1802 4620; x_wconf 87' lang='lat' dir='ltr'>presentem</span> <span class='ocrx_word' id='word_1_295' title='bbox 1842 4526 2167 4620; x_wconf 87' lang='lat' dir='ltr'>paginam</span> <span class='ocrx_word' id='word_1_296' title='bbox 2191 4527 2415 4620; x_wconf 89' lang='lat' dir='ltr'>sigillo</span> <span class='ocrx_word' id='word_1_297' title='bbox 2445 4536 2673 4598; x_wconf 91' lang='lat' dir='ltr'>nostre</span> <span class='ocrx_word' id='word_1_298' title='bbox 2708 4526 3139 4598; x_wconf 87' lang='lat' dir='ltr'>celsitudinis</span> <span class='ocrx_word' id='word_1_299' title='bbox 3164 4525 3448 4596; x_wconf 81' lang='lat' dir='ltr'>fecimus</span> <span class='ocrx_word' id='word_1_300' title='bbox 3480 4525 3807 4598; x_wconf 90' lang='lat' dir='ltr'>roborari.</span> 
     </span>
     <span class='ocr_line' id='line_1_32' title="bbox 1240 4647 3962 4744; baseline -0 -24"><span class='ocrx_word' id='word_1_301' title='bbox 1240 4652 1469 4722; x_wconf 83' lang='lat' dir='ltr'>Testes</span> <span class='ocrx_word' id='word_1_302' title='bbox 1518 4651 1721 4742; x_wconf 83' lang='lat' dir='ltr'>hujus</span> <span class='ocrx_word' id='word_1_303' title='bbox 1767 4650 1862 4721; x_wconf 90' lang='lat' dir='ltr'>rei</span> <span class='ocrx_word' id='word_1_304' title='bbox 1916 4660 2076 4720; x_wconf 88' lang='lat' dir='ltr'>sunt</span> <span class='ocrx_word' id='word_1_305' title='bbox 2118 4676 2134 4719; x_wconf 74' lang='grc' dir='ltr'><strong><em>ε</em></strong></span> <span class='ocrx_word' id='word_1_306' title='bbox 2175 4648 2604 4744; x_wconf 82' lang='lat' dir='ltr'>Sypheridus</span> <span class='ocrx_word' id='word_1_307' title='bbox 2646 4648 3059 4722; x_wconf 84' lang='lat' dir='ltr'>venerabilis</span> <span class='ocrx_word' id='word_1_308' title='bbox 3109 4649 3552 4742; x_wconf 85' lang='lat' dir='ltr'>Maguntinus</span> <span class='ocrx_word' id='word_1_309' title='bbox 3611 4647 3962 4742; x_wconf 86' lang='lat' dir='ltr'>archiepi-</span> 
     </span>
     <span class='ocr_line' id='line_1_33' title="bbox 1146 4773 3961 4869; baseline -0.001 -24"><span class='ocrx_word' id='word_1_310' title='bbox 1146 4795 1422 4869; x_wconf 87' lang='lat' dir='ltr'>scopus,</span> <span class='ocrx_word' id='word_1_311' title='bbox 1463 4776 1889 4868; x_wconf 86' lang='lat' dir='ltr'>Eggebertus</span> <span class='ocrx_word' id='word_1_312' title='bbox 1911 4774 2527 4867; x_wconf 89' lang='lat' dir='ltr'>Babenbergensis,</span> <span class='ocrx_word' id='word_1_313' title='bbox 2564 4773 2920 4846; x_wconf 87' lang='lat' dir='ltr'>Heinricus</span> <span class='ocrx_word' id='word_1_314' title='bbox 2949 4774 3342 4847; x_wconf 88' lang='lat' dir='ltr'>Eistetensis</span> <span class='ocrx_word' id='word_1_315' title='bbox 3368 4774 3708 4869; x_wconf 88' lang='lat' dir='ltr'>episcopi,</span> <span class='ocrx_word' id='word_1_316' title='bbox 3749 4774 3961 4845; x_wconf 89' lang='lat' dir='ltr'>Hein-</span> 
     </span>
    </p>
   </div>
  </div>
 </body>
</html>
