<?xml version="1.0" encoding="UTF-8"?>
<!DOCTYPE html PUBLIC "-//W3C//DTD XHTML 1.0 Transitional//EN"
    "http://www.w3.org/TR/xhtml1/DTD/xhtml1-transitional.dtd">
<html xmlns="http://www.w3.org/1999/xhtml" xml:lang="en" lang="en">
 <head>
  <title>
</title>
<meta http-equiv="Content-Type" content="text/html;charset=utf-8" />
  <meta name='ocr-system' content='tesseract 3.04.00' />
  <meta name='ocr-capabilities' content='ocr_page ocr_carea ocr_par ocr_line ocrx_word'/>
</head>
<body>
  <div class='ocr_page' id='page_1' title='image "./historiadiploma01degoog_0130.png"; bbox 0 0 4842 5802; ppageno 0'>
   <div class='ocr_carea' id='block_1_1' title="bbox 1184 623 4007 701">
    <p class='ocr_par' dir='ltr' id='par_1_1' title="bbox 1184 623 4007 701">
     <span class='ocr_line' id='line_1_1' title="bbox 1184 623 4007 701; baseline 0.001 -15"><span class='ocrx_word' id='word_1_1' title='bbox 1184 623 1308 686; x_wconf 84' lang='lat'>650</span> <span class='ocrx_word' id='word_1_2' title='bbox 2232 623 2573 685; x_wconf 69' lang='lat' dir='ltr'>namium</span> <span class='ocrx_word' id='word_1_3' title='bbox 2622 623 2953 685; x_wconf 66' lang='lat' dir='ltr'>sam-ml</span> <span class='ocrx_word' id='word_1_4' title='bbox 3633 624 3793 701; x_wconf 68' lang='lat' dir='ltr'>[An.</span> <span class='ocrx_word' id='word_1_5' title='bbox 3831 626 4007 689; x_wconf 75' lang='lat'><strong>1234.</strong></span> 
     </span>
    </p>
   </div>
   <div class='ocr_carea' id='block_1_2' title="bbox 1159 756 4014 4304">
    <p class='ocr_par' dir='ltr' id='par_1_2' title="bbox 1159 756 4014 4304">
     <span class='ocr_line' id='line_1_2' title="bbox 1186 756 4014 852; baseline 0 -22"><span class='ocrx_word' id='word_1_6' title='bbox 1186 758 1627 831; x_wconf 87' lang='lat' dir='ltr'>absconditos</span> <span class='ocrx_word' id='word_1_7' title='bbox 1686 767 1753 832; x_wconf 89' lang='lat' dir='ltr'>et</span> <span class='ocrx_word' id='word_1_8' title='bbox 1807 762 2108 834; x_wconf 75' lang='lat' dir='ltr'><strong>fautores</strong></span> <span class='ocrx_word' id='word_1_9' title='bbox 2161 781 2401 834; x_wconf 90' lang='lat' dir='ltr'>eorum</span> <span class='ocrx_word' id='word_1_10' title='bbox 2454 758 2944 831; x_wconf 75' lang='lat' dir='ltr'><strong>manifestaret.</strong></span> <span class='ocrx_word' id='word_1_11' title='bbox 3003 758 3147 829; x_wconf 89' lang='lat' dir='ltr'>Hec</span> <span class='ocrx_word' id='word_1_12' title='bbox 3196 756 3407 828; x_wconf 91' lang='lat' dir='ltr'>missa</span> <span class='ocrx_word' id='word_1_13' title='bbox 3451 766 3555 828; x_wconf 90' lang='lat' dir='ltr'>est</span> <span class='ocrx_word' id='word_1_14' title='bbox 3595 778 3638 829; x_wconf 91' lang='lat' dir='ltr'>a</span> <span class='ocrx_word' id='word_1_15' title='bbox 3685 760 4014 852; x_wconf 86' lang='lat' dir='ltr'>magistro</span> 
     </span>
     <span class='ocr_line' id='line_1_3' title="bbox 1188 879 4012 977; baseline 0.001 -24"><span class='ocrx_word' id='word_1_16' title='bbox 1188 880 1535 953; x_wconf 88' lang='lat' dir='ltr'>Conrardo</span> <span class='ocrx_word' id='word_1_17' title='bbox 1596 882 1717 977; x_wconf 89' lang='lat' dir='ltr'>qui</span> <span class='ocrx_word' id='word_1_18' title='bbox 1763 884 1969 956; x_wconf 89' lang='lat' dir='ltr'>nimis</span> <span class='ocrx_word' id='word_1_19' title='bbox 2008 884 2074 956; x_wconf 93' lang='lat' dir='ltr'>ei</span> <span class='ocrx_word' id='word_1_20' title='bbox 2124 882 2462 966; x_wconf 87' lang='lat' dir='ltr'>credidit,</span> <span class='ocrx_word' id='word_1_21' title='bbox 2508 889 2576 953; x_wconf 90' lang='lat' dir='ltr'>et</span> <span class='ocrx_word' id='word_1_22' title='bbox 2628 881 2776 976; x_wconf 90' lang='lat' dir='ltr'>ipsa</span> <span class='ocrx_word' id='word_1_23' title='bbox 2823 880 3042 976; x_wconf 92' lang='lat' dir='ltr'>primo</span> <span class='ocrx_word' id='word_1_24' title='bbox 3080 879 3274 976; x_wconf 90' lang='lat' dir='ltr'>apud</span> <span class='ocrx_word' id='word_1_25' title='bbox 3326 880 3586 953; x_wconf 89' lang='lat' dir='ltr'>Clavelt</span> <span class='ocrx_word' id='word_1_26' title='bbox 3634 881 3871 953; x_wconf 87' lang='lat' dir='ltr'>villam</span> <span class='ocrx_word' id='word_1_27' title='bbox 3922 883 4012 956; x_wconf 93' lang='lat' dir='ltr'>de</span> 
     </span>
     <span class='ocr_line' id='line_1_4' title="bbox 1188 1004 4012 1102; baseline 0.001 -25"><span class='ocrx_word' id='word_1_28' title='bbox 1188 1026 1328 1097; x_wconf 88' lang='lat' dir='ltr'>qua</span> <span class='ocrx_word' id='word_1_29' title='bbox 1391 1005 1688 1078; x_wconf 90' lang='lat' dir='ltr'>oriunda</span> <span class='ocrx_word' id='word_1_30' title='bbox 1749 1008 1879 1078; x_wconf 83' lang='lat' dir='ltr'>fuit</span> <span class='ocrx_word' id='word_1_31' title='bbox 1903 1060 1925 1098; x_wconf 90' lang='lat'>,</span> <span class='ocrx_word' id='word_1_32' title='bbox 1996 1017 2323 1102; x_wconf 88' lang='lat' dir='ltr'>cognatos</span> <span class='ocrx_word' id='word_1_33' title='bbox 2390 1014 2462 1078; x_wconf 91' lang='lat' dir='ltr'>et</span> <span class='ocrx_word' id='word_1_34' title='bbox 2521 1013 2720 1077; x_wconf 89' lang='lat' dir='ltr'>notos</span> <span class='ocrx_word' id='word_1_35' title='bbox 2784 1013 2852 1076; x_wconf 91' lang='lat' dir='ltr'>et</span> <span class='ocrx_word' id='word_1_36' title='bbox 2903 1004 3143 1076; x_wconf 90' lang='lat' dir='ltr'>affines</span> <span class='ocrx_word' id='word_1_37' title='bbox 3195 1005 3319 1098; x_wconf 91' lang='lat' dir='ltr'>qui</span> <span class='ocrx_word' id='word_1_38' title='bbox 3378 1026 3531 1078; x_wconf 89' lang='lat' dir='ltr'>eam</span> <span class='ocrx_word' id='word_1_39' title='bbox 3588 1005 4012 1080; x_wconf 80' lang='lat' dir='ltr'>exheredare</span> 
     </span>
     <span class='ocr_line' id='line_1_5' title="bbox 1187 1126 4008 1225; baseline 0.002 -28"><span class='ocrx_word' id='word_1_40' title='bbox 1187 1126 1639 1220; x_wconf 84' lang='lat' dir='ltr'>videbantur,</span> <span class='ocrx_word' id='word_1_41' title='bbox 1699 1130 1859 1201; x_wconf 81' lang='lat' dir='ltr'>fecit</span> <span class='ocrx_word' id='word_1_42' title='bbox 1924 1131 2278 1220; x_wconf 87' lang='lat' dir='ltr'>comburi;</span> <span class='ocrx_word' id='word_1_43' title='bbox 2345 1129 2717 1201; x_wconf 90' lang='lat' dir='ltr'>subornato</span> <span class='ocrx_word' id='word_1_44' title='bbox 2783 1128 2989 1201; x_wconf 88' lang='lat' dir='ltr'>etiam</span> <span class='ocrx_word' id='word_1_45' title='bbox 3045 1127 3349 1221; x_wconf 87' lang='lat' dir='ltr'>quodam</span> <span class='ocrx_word' id='word_1_46' title='bbox 3407 1127 3747 1220; x_wconf 83' lang='lat' dir='ltr'>Amfrid0,</span> <span class='ocrx_word' id='word_1_47' title='bbox 3801 1152 4008 1225; x_wconf 83' lang='lat' dir='ltr'>quem</span> 
     </span>
     <span class='ocr_line' id='line_1_6' title="bbox 1184 1230 4009 1346; baseline 0.002 -26"><span class='ocrx_word' id='word_1_48' title='bbox 1184 1249 1394 1322; x_wconf 91' lang='lat' dir='ltr'>modo</span> <span class='ocrx_word' id='word_1_49' title='bbox 1441 1251 1726 1324; x_wconf 84' lang='lat' dir='ltr'>fecimus</span> <span class='ocrx_word' id='word_1_50' title='bbox 1784 1253 1855 1324; x_wconf 87' lang='lat' dir='ltr'>in</span> <span class='ocrx_word' id='word_1_51' title='bbox 1897 1253 2196 1326; x_wconf 84' lang='lat' dir='ltr'>vinculis</span> <span class='ocrx_word' id='word_1_52' title='bbox 2242 1252 2575 1343; x_wconf 76' lang='lat' dir='ltr'>detineri,</span> <span class='ocrx_word' id='word_1_53' title='bbox 2624 1252 2746 1346; x_wconf 91' lang='lat' dir='ltr'>qui</span> <span class='ocrx_word' id='word_1_54' title='bbox 2809 1234 3163 1324; x_wconf 86' lang='lat' dir='ltr'>confessus</span> <span class='ocrx_word' id='word_1_55' title='bbox 3189 1230 3315 1324; x_wconf 26' lang='lat' dir='ltr'>&#39;est</span> <span class='ocrx_word' id='word_1_56' title='bbox 3354 1252 3546 1345; x_wconf 88' lang='lat' dir='ltr'>quod</span> <span class='ocrx_word' id='word_1_57' title='bbox 3593 1255 3843 1325; x_wconf 91' lang='lat' dir='ltr'>multos</span> <span class='ocrx_word' id='word_1_58' title='bbox 3898 1255 4009 1327; x_wconf 89' lang='lat' dir='ltr'>iu-</span> 
     </span>
     <span class='ocr_line' id='line_1_7' title="bbox 1191 1375 4006 1470; baseline 0.002 -27"><span class='ocrx_word' id='word_1_59' title='bbox 1191 1383 1553 1465; x_wconf 90' lang='lat' dir='ltr'>nocentes,</span> <span class='ocrx_word' id='word_1_60' title='bbox 1614 1376 1785 1447; x_wconf 87' lang='lat' dir='ltr'>alios</span> <span class='ocrx_word' id='word_1_61' title='bbox 1835 1376 1927 1449; x_wconf 87' lang='lat' dir='ltr'>ad</span> <span class='ocrx_word' id='word_1_62' title='bbox 1985 1377 2253 1470; x_wconf 85' lang='lat' dir='ltr'>ignem,</span> <span class='ocrx_word' id='word_1_63' title='bbox 2318 1378 2491 1448; x_wconf 89' lang='lat' dir='ltr'>alios</span> <span class='ocrx_word' id='word_1_64' title='bbox 2537 1375 2627 1448; x_wconf 87' lang='lat' dir='ltr'>ad</span> <span class='ocrx_word' id='word_1_65' title='bbox 2683 1384 3032 1447; x_wconf 81' lang='lat' dir='ltr'>tonsuram</span> <span class='ocrx_word' id='word_1_66' title='bbox 3104 1397 3232 1470; x_wconf 90' lang='lat' dir='ltr'>per</span> <span class='ocrx_word' id='word_1_67' title='bbox 3289 1375 3756 1447; x_wconf 88' lang='lat' dir='ltr'>testimonium</span> <span class='ocrx_word' id='word_1_68' title='bbox 3800 1399 4006 1450; x_wconf 90' lang='lat' dir='ltr'>suum</span> 
     </span>
     <span class='ocr_line' id='line_1_8' title="bbox 1184 1497 4005 1593; baseline 0.002 -26"><span class='ocrx_word' id='word_1_69' title='bbox 1184 1498 1495 1591; x_wconf 82' lang='lat' dir='ltr'>congerit</span> <span class='ocrx_word' id='word_1_70' title='bbox 1547 1497 1734 1593; x_wconf 81' lang='lat' dir='ltr'>(sic),</span> <span class='ocrx_word' id='word_1_71' title='bbox 1783 1500 2113 1592; x_wconf 84' lang='lat' dir='ltr'>magistro</span> <span class='ocrx_word' id='word_1_72' title='bbox 2166 1499 2513 1573; x_wconf 87' lang='lat' dir='ltr'>Conrardo</span> <span class='ocrx_word' id='word_1_73' title='bbox 2558 1498 2903 1591; x_wconf 88' lang='lat' dir='ltr'>judicium</span> <span class='ocrx_word' id='word_1_74' title='bbox 2964 1499 3397 1570; x_wconf 77' lang='lat' dir='ltr'>fulminante.</span> <span class='ocrx_word' id='word_1_75' title='bbox 3455 1498 3541 1569; x_wconf 92' lang='lat' dir='ltr'>Et</span> <span class='ocrx_word' id='word_1_76' title='bbox 3591 1498 3839 1572; x_wconf 89' lang='lat' dir='ltr'>horum</span> <span class='ocrx_word' id='word_1_77' title='bbox 3889 1522 4005 1573; x_wconf 90' lang='lat' dir='ltr'>ac·</span> 
     </span>
     <span class='ocr_line' id='line_1_9' title="bbox 1184 1620 4006 1719; baseline 0.002 -29"><span class='ocrx_word' id='word_1_78' title='bbox 1184 1620 1447 1693; x_wconf 87' lang='lat' dir='ltr'>cusatio</span> <span class='ocrx_word' id='word_1_79' title='bbox 1498 1623 1831 1716; x_wconf 90' lang='lat' dir='ltr'>paulatim</span> <span class='ocrx_word' id='word_1_80' title='bbox 1882 1624 2068 1719; x_wconf 92' lang='lat' dir='ltr'>cepit</span> <span class='ocrx_word' id='word_1_81' title='bbox 2128 1623 2500 1696; x_wconf 91' lang='lat' dir='ltr'>ascendere</span> <span class='ocrx_word' id='word_1_82' title='bbox 2550 1643 2591 1694; x_wconf 88' lang='lat' dir='ltr'>a</span> <span class='ocrx_word' id='word_1_83' title='bbox 2646 1622 2921 1695; x_wconf 89' lang='lat' dir='ltr'>rusticis</span> <span class='ocrx_word' id='word_1_84' title='bbox 2971 1621 3060 1694; x_wconf 92' lang='lat' dir='ltr'>ad</span> <span class='ocrx_word' id='word_1_85' title='bbox 3123 1623 3508 1715; x_wconf 82' lang='lat' dir='ltr'>burgenses</span> <span class='ocrx_word' id='word_1_86' title='bbox 3568 1622 4006 1697; x_wconf 84' lang='lat' dir='ltr'>honorabiles</span> 
     </span>
     <span class='ocr_line' id='line_1_10' title="bbox 1182 1743 4005 1840; baseline 0.002 -26"><span class='ocrx_word' id='word_1_87' title='bbox 1182 1751 1253 1814; x_wconf 91' lang='lat' dir='ltr'>et</span> <span class='ocrx_word' id='word_1_88' title='bbox 1294 1764 1532 1815; x_wconf 89' lang='lat' dir='ltr'>eorum</span> <span class='ocrx_word' id='word_1_89' title='bbox 1583 1766 1872 1836; x_wconf 84' lang='lat' dir='ltr'>uxores,</span> <span class='ocrx_word' id='word_1_90' title='bbox 1925 1746 2091 1818; x_wconf 89' lang='lat' dir='ltr'>iude</span> <span class='ocrx_word' id='word_1_91' title='bbox 2134 1746 2228 1819; x_wconf 91' lang='lat' dir='ltr'>ad</span> <span class='ocrx_word' id='word_1_92' title='bbox 2277 1747 2681 1818; x_wconf 87' lang='lat' dir='ltr'>castellanos</span> <span class='ocrx_word' id='word_1_93' title='bbox 2711 1743 2792 1840; x_wconf 68' lang='lat' dir='ltr'>[et</span> <span class='ocrx_word' id='word_1_94' title='bbox 2831 1745 3137 1835; x_wconf 88' lang='lat' dir='ltr'>nobiles,</span> <span class='ocrx_word' id='word_1_95' title='bbox 3184 1755 3255 1816; x_wconf 87' lang='lat' dir='ltr'>et</span> <span class='ocrx_word' id='word_1_96' title='bbox 3294 1746 3366 1815; x_wconf 91' lang='lat' dir='ltr'>in</span> <span class='ocrx_word' id='word_1_97' title='bbox 3413 1744 3552 1817; x_wconf 86' lang='lat' dir='ltr'>fine</span> <span class='ocrx_word' id='word_1_98' title='bbox 3587 1745 3677 1818; x_wconf 91' lang='lat' dir='ltr'>ad</span> <span class='ocrx_word' id='word_1_99' title='bbox 3721 1748 4005 1821; x_wconf 83' lang='lat' dir='ltr'>comites</span> 
     </span>
     <span class='ocr_line' id='line_1_11' title="bbox 1180 1867 3996 1962; baseline 0.002 -25"><span class='ocrx_word' id='word_1_100' title='bbox 1180 1886 1395 1959; x_wconf 89' lang='lat' dir='ltr'>prope</span> <span class='ocrx_word' id='word_1_101' title='bbox 1444 1875 1514 1938; x_wconf 93' lang='lat' dir='ltr'>et</span> <span class='ocrx_word' id='word_1_102' title='bbox 1566 1869 1767 1960; x_wconf 88' lang='lat' dir='ltr'>longe</span> <span class='ocrx_word' id='word_1_103' title='bbox 1824 1867 2106 1962; x_wconf 90' lang='lat' dir='ltr'>positos.</span> <span class='ocrx_word' id='word_1_104' title='bbox 2167 1869 2251 1939; x_wconf 92' lang='lat' dir='ltr'>Et</span> <span class='ocrx_word' id='word_1_105' title='bbox 2310 1869 2634 1961; x_wconf 87' lang='lat' dir='ltr'>magister</span> <span class='ocrx_word' id='word_1_106' title='bbox 2703 1868 2918 1951; x_wconf 91' lang='lat' dir='ltr'>nulli,</span> <span class='ocrx_word' id='word_1_107' title='bbox 2973 1868 3424 1962; x_wconf 83' lang='lat' dir='ltr'>quantumvis</span> <span class='ocrx_word' id='word_1_108' title='bbox 3482 1868 3617 1940; x_wconf 90' lang='lat' dir='ltr'>alte</span> <span class='ocrx_word' id='word_1_109' title='bbox 3669 1890 3996 1962; x_wconf 86' lang='lat' dir='ltr'>persone,</span> 
     </span>
     <span class='ocr_line' id='line_1_12' title="bbox 1177 1986 3997 2085; baseline 0.002 -29"><span class='ocrx_word' id='word_1_110' title='bbox 1177 1986 1409 2059; x_wconf 93' lang='lat' dir='ltr'>locum</span> <span class='ocrx_word' id='word_1_111' title='bbox 1451 1987 1643 2060; x_wconf 90' lang='lat' dir='ltr'>dedit</span> <span class='ocrx_word' id='word_1_112' title='bbox 1691 1989 1992 2081; x_wconf 88' lang='lat' dir='ltr'>legitime</span> <span class='ocrx_word' id='word_1_113' title='bbox 2041 1989 2499 2080; x_wconf 83' lang='lat' dir='ltr'>defensionis,</span> <span class='ocrx_word' id='word_1_114' title='bbox 2541 2011 2670 2061; x_wconf 90' lang='lat' dir='ltr'>nec</span> <span class='ocrx_word' id='word_1_115' title='bbox 2715 1991 2918 2062; x_wconf 87' lang='lat' dir='ltr'>etiam</span> <span class='ocrx_word' id='word_1_116' title='bbox 2963 1989 3268 2085; x_wconf 81' lang='lat' dir='ltr'>confiteri</span> <span class='ocrx_word' id='word_1_117' title='bbox 3311 1989 3589 2084; x_wconf 88' lang='lat' dir='ltr'>proprio</span> <span class='ocrx_word' id='word_1_118' title='bbox 3632 1990 3997 2075; x_wconf 89' lang='lat' dir='ltr'>sacerdoti,</span> 
     </span>
     <span class='ocr_line' id='line_1_13' title="bbox 1177 2106 3992 2208; baseline 0 -26"><span class='ocrx_word' id='word_1_119' title='bbox 1177 2109 1305 2182; x_wconf 90' lang='lat' dir='ltr'>sed</span> <span class='ocrx_word' id='word_1_120' title='bbox 1336 2106 1732 2183; x_wconf 77' lang='lat' dir='ltr'>accusatum</span> <span class='ocrx_word' id='word_1_121' title='bbox 1764 2113 2064 2206; x_wconf 90' lang='lat' dir='ltr'>oportuit</span> <span class='ocrx_word' id='word_1_122' title='bbox 2096 2112 2403 2185; x_wconf 90' lang='lat' dir='ltr'>confiteri</span> <span class='ocrx_word' id='word_1_123' title='bbox 2439 2134 2515 2184; x_wconf 93' lang='lat' dir='ltr'>se</span> <span class='ocrx_word' id='word_1_124' title='bbox 2539 2112 2916 2185; x_wconf 91' lang='lat' dir='ltr'>hereticum</span> <span class='ocrx_word' id='word_1_125' title='bbox 2944 2134 3121 2202; x_wconf 90' lang='lat' dir='ltr'>esse,</span> <span class='ocrx_word' id='word_1_126' title='bbox 3169 2112 3521 2185; x_wconf 86' lang='lat' dir='ltr'>buffouem</span> <span class='ocrx_word' id='word_1_127' title='bbox 3570 2120 3824 2183; x_wconf 90' lang='lat' dir='ltr'>tactum</span> <span class='ocrx_word' id='word_1_128' title='bbox 3851 2111 3992 2208; x_wconf 81' lang='lat'>(?),</span> 
     </span>
     <span class='ocr_line' id='line_1_14' title="bbox 1176 2234 4000 2330; baseline 0.002 -25"><span class='ocrx_word' id='word_1_129' title='bbox 1176 2234 1514 2328; x_wconf 88' lang='lat' dir='ltr'>pallidum</span> <span class='ocrx_word' id='word_1_130' title='bbox 1568 2236 1796 2307; x_wconf 89' lang='lat' dir='ltr'>virum</span> <span class='ocrx_word' id='word_1_131' title='bbox 1860 2245 1929 2307; x_wconf 92' lang='lat' dir='ltr'>et</span> <span class='ocrx_word' id='word_1_132' title='bbox 1977 2236 2382 2327; x_wconf 89' lang='lat' dir='ltr'>hujusmodi</span> <span class='ocrx_word' id='word_1_133' title='bbox 2434 2246 2735 2309; x_wconf 88' lang='lat' dir='ltr'>monstra</span> <span class='ocrx_word' id='word_1_134' title='bbox 2786 2236 3191 2309; x_wconf 91' lang='lat' dir='ltr'>dissidentie</span> <span class='ocrx_word' id='word_1_135' title='bbox 3241 2237 3430 2330; x_wconf 87' lang='lat' dir='ltr'>pacis</span> <span class='ocrx_word' id='word_1_136' title='bbox 3476 2237 3547 2305; x_wconf 90' lang='lat' dir='ltr'>in</span> <span class='ocrx_word' id='word_1_137' title='bbox 3592 2237 3829 2308; x_wconf 90' lang='lat' dir='ltr'>osculo</span> <span class='ocrx_word' id='word_1_138' title='bbox 3874 2258 4000 2310; x_wconf 87' lang='lat' dir='ltr'>sa—</span> 
     </span>
     <span class='ocr_line' id='line_1_15' title="bbox 1172 2357 3999 2453; baseline 0.002 -27"><span class='ocrx_word' id='word_1_139' title='bbox 1172 2357 1456 2430; x_wconf 90' lang='lat' dir='ltr'>lutasse.</span> <span class='ocrx_word' id='word_1_140' title='bbox 1521 2359 1769 2431; x_wconf 86' lang='lat' dir='ltr'>Taliter</span> <span class='ocrx_word' id='word_1_141' title='bbox 1816 2359 2105 2453; x_wconf 88' lang='lat' dir='ltr'>quidam</span> <span class='ocrx_word' id='word_1_142' title='bbox 2156 2359 2474 2432; x_wconf 86' lang='lat' dir='ltr'>catholici</span> <span class='ocrx_word' id='word_1_143' title='bbox 2525 2360 2900 2453; x_wconf 86' lang='lat' dir='ltr'>abjudicati</span> <span class='ocrx_word' id='word_1_144' title='bbox 2944 2361 3334 2433; x_wconf 88' lang='lat' dir='ltr'>maluerunt</span> <span class='ocrx_word' id='word_1_145' title='bbox 3394 2361 3790 2433; x_wconf 89' lang='lat' dir='ltr'>innocenter</span> <span class='ocrx_word' id='word_1_146' title='bbox 3841 2382 3999 2432; x_wconf 92' lang='lat' dir='ltr'>cre-</span> 
     </span>
     <span class='ocr_line' id='line_1_16' title="bbox 1172 2482 4001 2579; baseline 0.002 -29"><span class='ocrx_word' id='word_1_147' title='bbox 1172 2482 1343 2553; x_wconf 90' lang='lat' dir='ltr'>mari</span> <span class='ocrx_word' id='word_1_148' title='bbox 1393 2490 1465 2553; x_wconf 91' lang='lat' dir='ltr'>et</span> <span class='ocrx_word' id='word_1_149' title='bbox 1520 2483 1775 2554; x_wconf 88' lang='lat' dir='ltr'>salvari</span> <span class='ocrx_word' id='word_1_150' title='bbox 1824 2504 2035 2576; x_wconf 90' lang='lat' dir='ltr'>quam</span> <span class='ocrx_word' id='word_1_151' title='bbox 2096 2484 2372 2555; x_wconf 91' lang='lat' dir='ltr'>mentiri</span> <span class='ocrx_word' id='word_1_152' title='bbox 2420 2483 2513 2558; x_wconf 93' lang='lat' dir='ltr'>de</span> <span class='ocrx_word' id='word_1_153' title='bbox 2565 2484 2849 2557; x_wconf 90' lang='lat' dir='ltr'>crimine</span> <span class='ocrx_word' id='word_1_154' title='bbox 2897 2484 3291 2579; x_wconf 90' lang='lat' dir='ltr'>turpissimo</span> <span class='ocrx_word' id='word_1_155' title='bbox 3346 2485 3546 2575; x_wconf 88' lang='lat' dir='ltr'>cujus</span> <span class='ocrx_word' id='word_1_156' title='bbox 3603 2505 3744 2556; x_wconf 91' lang='lat' dir='ltr'>non</span> <span class='ocrx_word' id='word_1_157' title='bbox 3805 2495 4001 2557; x_wconf 89' lang='lat' dir='ltr'>erant</span> 
     </span>
     <span class='ocr_line' id='line_1_17' title="bbox 1171 2603 3995 2701; baseline 0.001 -26"><span class='ocrx_word' id='word_1_158' title='bbox 1171 2603 1463 2693; x_wconf 90' lang='lat' dir='ltr'>conscii,</span> <span class='ocrx_word' id='word_1_159' title='bbox 1517 2613 1586 2675; x_wconf 91' lang='lat' dir='ltr'>et</span> <span class='ocrx_word' id='word_1_160' title='bbox 1629 2605 2043 2699; x_wconf 91' lang='lat' dir='ltr'>supplicium</span> <span class='ocrx_word' id='word_1_161' title='bbox 2096 2605 2468 2700; x_wconf 89' lang='lat' dir='ltr'>promereri</span> <span class='ocrx_word' id='word_1_162' title='bbox 2518 2607 2775 2699; x_wconf 87' lang='lat' dir='ltr'>quibus</span> <span class='ocrx_word' id='word_1_163' title='bbox 2824 2606 2972 2698; x_wconf 89' lang='lat' dir='ltr'>ipse</span> <span class='ocrx_word' id='word_1_164' title='bbox 3018 2607 3347 2699; x_wconf 87' lang='lat' dir='ltr'>magister</span> <span class='ocrx_word' id='word_1_165' title='bbox 3389 2608 3794 2701; x_wconf 80' lang='lat' dir='ltr'>martyrium</span> <span class='ocrx_word' id='word_1_166' title='bbox 3835 2628 3995 2701; x_wconf 90' lang='lat' dir='ltr'>pro·</span> 
     </span>
     <span class='ocr_line' id='line_1_18' title="bbox 1172 2726 3998 2823; baseline 0.002 -26"><span class='ocrx_word' id='word_1_167' title='bbox 1172 2726 1519 2807; x_wconf 89' lang='lat' dir='ltr'>mittebat;</span> <span class='ocrx_word' id='word_1_168' title='bbox 1576 2728 1692 2797; x_wconf 91' lang='lat' dir='ltr'>alii</span> <span class='ocrx_word' id='word_1_169' title='bbox 1723 2726 1976 2797; x_wconf 86' lang='lat' dir='ltr'>infirmi</span> <span class='ocrx_word' id='word_1_170' title='bbox 2010 2728 2239 2820; x_wconf 90' lang='lat' dir='ltr'>potius</span> <span class='ocrx_word' id='word_1_171' title='bbox 2273 2729 2631 2822; x_wconf 89' lang='lat' dir='ltr'>elegerunt</span> <span class='ocrx_word' id='word_1_172' title='bbox 2656 2728 2929 2800; x_wconf 90' lang='lat' dir='ltr'>mentiri</span> <span class='ocrx_word' id='word_1_173' title='bbox 2967 2751 3179 2822; x_wconf 89' lang='lat' dir='ltr'>quam</span> <span class='ocrx_word' id='word_1_174' title='bbox 3216 2729 3529 2801; x_wconf 89' lang='lat' dir='ltr'>comburi</span> <span class='ocrx_word' id='word_1_175' title='bbox 3559 2728 3693 2823; x_wconf 78' lang='lat' dir='ltr'>(l).</span> <span class='ocrx_word' id='word_1_176' title='bbox 3727 2731 3998 2814; x_wconf 90' lang='lat' dir='ltr'>Quibus</span> 
     </span>
     <span class='ocr_line' id='line_1_19' title="bbox 1170 2850 3994 2945; baseline 0.001 -23"><span class='ocrx_word' id='word_1_177' title='bbox 1170 2859 1403 2922; x_wconf 90' lang='lat' dir='ltr'>tamen</span> <span class='ocrx_word' id='word_1_178' title='bbox 1445 2850 1745 2943; x_wconf 90' lang='lat' dir='ltr'>oportuit</span> <span class='ocrx_word' id='word_1_179' title='bbox 1805 2851 2027 2922; x_wconf 91' lang='lat' dir='ltr'>scolas</span> <span class='ocrx_word' id='word_1_180' title='bbox 2083 2850 2470 2942; x_wconf 88' lang='lat' dir='ltr'>nominare,</span> <span class='ocrx_word' id='word_1_181' title='bbox 2529 2860 2600 2923; x_wconf 88' lang='lat' dir='ltr'>et</span> <span class='ocrx_word' id='word_1_182' title='bbox 2646 2850 3203 2945; x_wconf 84' lang='lat' dir='ltr'>respondebant:</span> <span class='ocrx_word' id='word_1_183' title='bbox 3254 2876 3291 2920; x_wconf 72' lang='grc' dir='ltr'>ι(</span> <span class='ocrx_word' id='word_1_184' title='bbox 3327 2851 3574 2924; x_wconf 91' lang='lat' dir='ltr'>Nescio</span> <span class='ocrx_word' id='word_1_185' title='bbox 3617 2873 3828 2945; x_wconf 92' lang='lat' dir='ltr'>quem</span> <span class='ocrx_word' id='word_1_186' title='bbox 3878 2875 3994 2926; x_wconf 87' lang='lat' dir='ltr'>ac-</span> 
     </span>
     <span class='ocr_line' id='line_1_20' title="bbox 1171 2971 3996 3069; baseline 0.001 -25"><span class='ocrx_word' id='word_1_187' title='bbox 1171 2993 1407 3045; x_wconf 91' lang='lat' dir='ltr'>cusem</span> <span class='ocrx_word' id='word_1_188' title='bbox 1454 2999 1470 3042; x_wconf 88' lang='lat'>:</span> <span class='ocrx_word' id='word_1_189' title='bbox 1522 2971 1730 3044; x_wconf 89' lang='lat' dir='ltr'>dicite</span> <span class='ocrx_word' id='word_1_190' title='bbox 1771 2973 1943 3044; x_wconf 91' lang='lat' dir='ltr'>mihi</span> <span class='ocrx_word' id='word_1_191' title='bbox 2010 2974 2289 3047; x_wconf 89' lang='lat' dir='ltr'>nomina</span> <span class='ocrx_word' id='word_1_192' title='bbox 2332 2974 2425 3047; x_wconf 94' lang='lat' dir='ltr'>de</span> <span class='ocrx_word' id='word_1_193' title='bbox 2465 2974 2724 3068; x_wconf 92' lang='lat' dir='ltr'>quibus</span> <span class='ocrx_word' id='word_1_194' title='bbox 2766 2974 3229 3069; x_wconf 86' lang='lat' dir='ltr'>suspicionem</span> <span class='ocrx_word' id='word_1_195' title='bbox 3269 2974 3559 3047; x_wconf 85' lang='lat' dir='ltr'>habetis.</span> <span class='ocrx_word' id='word_1_196' title='bbox 3606 2999 3643 3043; x_wconf 85' lang='lat'>»</span> <span class='ocrx_word' id='word_1_197' title='bbox 3686 2973 3996 3067; x_wconf 91' lang='lat' dir='ltr'>Cumque</span> 
     </span>
     <span class='ocr_line' id='line_1_21' title="bbox 1174 3094 3995 3193; baseline 0.002 -29"><span class='ocrx_word' id='word_1_198' title='bbox 1174 3102 1669 3189; x_wconf 89' lang='lat' dir='ltr'>proponeretur</span> <span class='ocrx_word' id='word_1_199' title='bbox 1707 3094 1797 3166; x_wconf 91' lang='lat' dir='ltr'>de</span> <span class='ocrx_word' id='word_1_200' title='bbox 1825 3095 2072 3169; x_wconf 86' lang='lat' dir='ltr'>comite</span> <span class='ocrx_word' id='word_1_201' title='bbox 2111 3096 2460 3187; x_wconf 90' lang='lat' dir='ltr'>Seinensi,</span> <span class='ocrx_word' id='word_1_202' title='bbox 2501 3096 2593 3169; x_wconf 93' lang='lat' dir='ltr'>de</span> <span class='ocrx_word' id='word_1_203' title='bbox 2636 3097 2884 3170; x_wconf 90' lang='lat' dir='ltr'>comite</span> <span class='ocrx_word' id='word_1_204' title='bbox 2922 3094 3085 3193; x_wconf 91' lang='lat' dir='ltr'>[de]</span> <span class='ocrx_word' id='word_1_205' title='bbox 3119 3094 3444 3190; x_wconf 88' lang='lat' dir='ltr'>Aneberg</span> <span class='ocrx_word' id='word_1_206' title='bbox 3480 3096 3608 3191; x_wconf 89' lang='lat' dir='ltr'>(a),</span> <span class='ocrx_word' id='word_1_207' title='bbox 3648 3096 3739 3169; x_wconf 92' lang='lat' dir='ltr'>de</span> <span class='ocrx_word' id='word_1_208' title='bbox 3771 3099 3995 3170; x_wconf 89' lang='lat' dir='ltr'>comi-</span> 
     </span>
     <span class='ocr_line' id='line_1_22' title="bbox 1173 3218 3994 3314; baseline 0.001 -25"><span class='ocrx_word' id='word_1_209' title='bbox 1173 3218 1339 3290; x_wconf 86' lang='lat' dir='ltr'>tissa</span> <span class='ocrx_word' id='word_1_210' title='bbox 1389 3218 1479 3290; x_wconf 93' lang='lat' dir='ltr'>de</span> <span class='ocrx_word' id='word_1_211' title='bbox 1528 3218 1697 3310; x_wconf 76' lang='lat' dir='ltr'>LoZ,</span> <span class='ocrx_word' id='word_1_212' title='bbox 1740 3219 2200 3314; x_wconf 90' lang='lat' dir='ltr'>respondebat</span> <span class='ocrx_word' id='word_1_213' title='bbox 2235 3219 2533 3295; x_wconf 88' lang='lat' dir='ltr'>evadere</span> <span class='ocrx_word' id='word_1_214' title='bbox 2570 3221 2810 3293; x_wconf 90' lang='lat' dir='ltr'>volens</span> <span class='ocrx_word' id='word_1_215' title='bbox 2844 3247 2860 3290; x_wconf 75' lang='grc' dir='ltr'><strong><em>ε</em></strong></span> <span class='ocrx_word' id='word_1_216' title='bbox 2908 3245 2945 3290; x_wconf 91' lang='lat'>«</span> <span class='ocrx_word' id='word_1_217' title='bbox 2979 3221 3084 3291; x_wconf 91' lang='lat' dir='ltr'>Illi</span> <span class='ocrx_word' id='word_1_218' title='bbox 3120 3221 3216 3293; x_wconf 90' lang='lat' dir='ltr'>ita</span> <span class='ocrx_word' id='word_1_219' title='bbox 3258 3220 3359 3292; x_wconf 91' lang='lat' dir='ltr'>rei</span> <span class='ocrx_word' id='word_1_220' title='bbox 3392 3231 3553 3292; x_wconf 90' lang='lat' dir='ltr'>sunt</span> <span class='ocrx_word' id='word_1_221' title='bbox 3602 3228 3682 3291; x_wconf 90' lang='lat' dir='ltr'>ut</span> <span class='ocrx_word' id='word_1_222' title='bbox 3727 3241 3885 3314; x_wconf 89' lang='lat' dir='ltr'>ego,</span> <span class='ocrx_word' id='word_1_223' title='bbox 3927 3231 3994 3294; x_wconf 92' lang='lat' dir='ltr'>et</span> 
     </span>
     <span class='ocr_line' id='line_1_23' title="bbox 1172 3338 3989 3435; baseline 0.001 -24"><span class='ocrx_word' id='word_1_224' title='bbox 1172 3340 1270 3412; x_wconf 91' lang='lat' dir='ltr'>illi</span> <span class='ocrx_word' id='word_1_225' title='bbox 1303 3341 1376 3413; x_wconf 91' lang='lat' dir='ltr'>in</span> <span class='ocrx_word' id='word_1_226' title='bbox 1409 3338 1614 3414; x_wconf 91' lang='lat' dir='ltr'>scolis</span> <span class='ocrx_word' id='word_1_227' title='bbox 1650 3342 1967 3431; x_wconf 81' lang='lat' dir='ltr'>fuerunt,</span> <span class='ocrx_word' id='word_1_228' title='bbox 2011 3352 2090 3413; x_wconf 90' lang='lat' dir='ltr'>ut</span> <span class='ocrx_word' id='word_1_229' title='bbox 2124 3342 2222 3414; x_wconf 91' lang='lat' dir='ltr'>ibi</span> <span class='ocrx_word' id='word_1_230' title='bbox 2255 3364 2386 3435; x_wconf 88' lang='lat' dir='ltr'>ego</span> <span class='ocrx_word' id='word_1_231' title='bbox 2421 3343 2549 3415; x_wconf 87' lang='lat' dir='ltr'>fui.</span> <span class='ocrx_word' id='word_1_232' title='bbox 2587 3367 2622 3411; x_wconf 87' lang='lat'>»</span> <span class='ocrx_word' id='word_1_233' title='bbox 2654 3343 2740 3415; x_wconf 93' lang='lat' dir='ltr'>Et</span> <span class='ocrx_word' id='word_1_234' title='bbox 2773 3343 2871 3414; x_wconf 93' lang='lat' dir='ltr'>sic</span> <span class='ocrx_word' id='word_1_235' title='bbox 2914 3343 3119 3416; x_wconf 78' lang='lat' dir='ltr'>frater</span> <span class='ocrx_word' id='word_1_236' title='bbox 3153 3343 3467 3430; x_wconf 88' lang='lat' dir='ltr'>fratrem,</span> <span class='ocrx_word' id='word_1_237' title='bbox 3508 3362 3689 3413; x_wconf 85' lang='lat' dir='ltr'>uxor</span> <span class='ocrx_word' id='word_1_238' title='bbox 3731 3343 3989 3432; x_wconf 84' lang='lat' dir='ltr'>virum,</span> 
     </span>
     <span class='ocr_line' id='line_1_24' title="bbox 1172 3464 3996 3561; baseline -0.001 -21"><span class='ocrx_word' id='word_1_239' title='bbox 1172 3467 1496 3540; x_wconf 91' lang='lat' dir='ltr'>dominus</span> <span class='ocrx_word' id='word_1_240' title='bbox 1553 3488 1834 3539; x_wconf 86' lang='lat' dir='ltr'>servum</span> <span class='ocrx_word' id='word_1_241' title='bbox 1891 3466 2263 3538; x_wconf 86' lang='lat' dir='ltr'>accusavit.</span> <span class='ocrx_word' id='word_1_242' title='bbox 2325 3466 2462 3538; x_wconf 87' lang='lat' dir='ltr'>Alii</span> <span class='ocrx_word' id='word_1_243' title='bbox 2522 3466 2782 3538; x_wconf 87' lang='lat' dir='ltr'>dabant</span> <span class='ocrx_word' id='word_1_244' title='bbox 2841 3466 3063 3561; x_wconf 91' lang='lat' dir='ltr'>pretia</span> <span class='ocrx_word' id='word_1_245' title='bbox 3113 3465 3477 3538; x_wconf 87' lang='lat' dir='ltr'>tonsoratis</span> <span class='ocrx_word' id='word_1_246' title='bbox 3529 3475 3608 3537; x_wconf 91' lang='lat' dir='ltr'>ut</span> <span class='ocrx_word' id='word_1_247' title='bbox 3669 3464 3996 3539; x_wconf 89' lang='lat' dir='ltr'>docerent</span> 
     </span>
     <span class='ocr_line' id='line_1_25' title="bbox 1166 3588 3993 3682; baseline 0.001 -22"><span class='ocrx_word' id='word_1_248' title='bbox 1166 3590 1452 3663; x_wconf 91' lang='lat' dir='ltr'>modum</span> <span class='ocrx_word' id='word_1_249' title='bbox 1489 3590 1875 3680; x_wconf 88' lang='lat' dir='ltr'>evadendi,</span> <span class='ocrx_word' id='word_1_250' title='bbox 1918 3601 1984 3661; x_wconf 90' lang='lat' dir='ltr'>et</span> <span class='ocrx_word' id='word_1_251' title='bbox 2024 3590 2204 3662; x_wconf 87' lang='lat' dir='ltr'>facta</span> <span class='ocrx_word' id='word_1_252' title='bbox 2243 3600 2348 3662; x_wconf 89' lang='lat' dir='ltr'>est</span> <span class='ocrx_word' id='word_1_253' title='bbox 2391 3590 2705 3662; x_wconf 87' lang='lat' dir='ltr'>confusio</span> <span class='ocrx_word' id='word_1_254' title='bbox 2744 3612 2788 3662; x_wconf 90' lang='lat' dir='ltr'>a</span> <span class='ocrx_word' id='word_1_255' title='bbox 2836 3589 3086 3662; x_wconf 91' lang='lat' dir='ltr'>seculis</span> <span class='ocrx_word' id='word_1_256' title='bbox 3134 3588 3474 3662; x_wconf 88' lang='lat' dir='ltr'>inaudita.</span> <span class='ocrx_word' id='word_1_257' title='bbox 3526 3588 3674 3682; x_wconf 88' lang='lat' dir='ltr'>Ego</span> <span class='ocrx_word' id='word_1_258' title='bbox 3719 3589 3993 3662; x_wconf 89' lang='lat' dir='ltr'>archie-</span> 
     </span>
     <span class='ocr_line' id='line_1_26' title="bbox 1165 3712 3988 3811; baseline -0.001 -25"><span class='ocrx_word' id='word_1_259' title='bbox 1165 3715 1493 3811; x_wconf 91' lang='lat' dir='ltr'>piscopus</span> <span class='ocrx_word' id='word_1_260' title='bbox 1544 3716 1947 3808; x_wconf 87' lang='lat' dir='ltr'>magistrum</span> <span class='ocrx_word' id='word_1_261' title='bbox 2009 3715 2435 3788; x_wconf 84' lang='lat' dir='ltr'>Conrardum</span> <span class='ocrx_word' id='word_1_262' title='bbox 2498 3714 2718 3811; x_wconf 91' lang='lat' dir='ltr'>primo</span> <span class='ocrx_word' id='word_1_263' title='bbox 2777 3716 2994 3803; x_wconf 78' lang='lat' dir='ltr'>soluS‚</span> <span class='ocrx_word' id='word_1_264' title='bbox 3035 3724 3273 3808; x_wconf 89' lang='lat' dir='ltr'>postea</span> <span class='ocrx_word' id='word_1_265' title='bbox 3324 3735 3483 3786; x_wconf 89' lang='lat' dir='ltr'>cum</span> <span class='ocrx_word' id='word_1_266' title='bbox 3544 3712 3823 3786; x_wconf 91' lang='lat' dir='ltr'>duobus</span> <span class='ocrx_word' id='word_1_267' title='bbox 3879 3735 3988 3786; x_wconf 90' lang='lat' dir='ltr'>ar·</span> 
     </span>
     <span class='ocr_line' id='line_1_27' title="bbox 1164 3835 3990 3935; baseline -0.001 -24"><span class='ocrx_word' id='word_1_268' title='bbox 1164 3839 1619 3935; x_wconf 90' lang='lat' dir='ltr'>chiepiscopis</span> <span class='ocrx_word' id='word_1_269' title='bbox 1666 3838 2049 3912; x_wconf 88' lang='lat' dir='ltr'>Coloniensi</span> <span class='ocrx_word' id='word_1_270' title='bbox 2109 3848 2177 3911; x_wconf 92' lang='lat' dir='ltr'>et</span> <span class='ocrx_word' id='word_1_271' title='bbox 2230 3839 2662 3928; x_wconf 87' lang='lat' dir='ltr'>Treverensi‚</span> <span class='ocrx_word' id='word_1_272' title='bbox 2712 3839 2951 3911; x_wconf 91' lang='lat' dir='ltr'>monui</span> <span class='ocrx_word' id='word_1_273' title='bbox 3004 3846 3108 3909; x_wconf 90' lang='lat' dir='ltr'>ut·</span> <span class='ocrx_word' id='word_1_274' title='bbox 3136 3836 3558 3910; x_wconf 87' lang='lat' dir='ltr'>moderatius</span> <span class='ocrx_word' id='word_1_275' title='bbox 3613 3845 3681 3908; x_wconf 92' lang='lat' dir='ltr'>et</span> <span class='ocrx_word' id='word_1_276' title='bbox 3733 3835 3990 3908; x_wconf 91' lang='lat' dir='ltr'>discre-</span> 
     </span>
     <span class='ocr_line' id='line_1_28' title="bbox 1167 3957 3990 4054; baseline -0.001 -22"><span class='ocrx_word' id='word_1_277' title='bbox 1167 3962 1306 4034; x_wconf 90' lang='lat' dir='ltr'>tius</span> <span class='ocrx_word' id='word_1_278' title='bbox 1347 3962 1418 4033; x_wconf 90' lang='lat' dir='ltr'>in</span> <span class='ocrx_word' id='word_1_279' title='bbox 1458 3971 1649 4035; x_wconf 87' lang='lat' dir='ltr'>tanto</span> <span class='ocrx_word' id='word_1_280' title='bbox 1687 3963 1963 4052; x_wconf 86' lang='lat' dir='ltr'>negotio</span> <span class='ocrx_word' id='word_1_281' title='bbox 2013 3983 2087 4034; x_wconf 92' lang='lat' dir='ltr'>se</span> <span class='ocrx_word' id='word_1_282' title='bbox 2116 3972 2424 4053; x_wconf 80' lang='lat' dir='ltr'>gereret3</span> <span class='ocrx_word' id='word_1_283' title='bbox 2459 3961 2582 4054; x_wconf 91' lang='lat' dir='ltr'>qui</span> <span class='ocrx_word' id='word_1_284' title='bbox 2623 3983 2764 4033; x_wconf 87' lang='lat' dir='ltr'>non</span> <span class='ocrx_word' id='word_1_285' title='bbox 2812 3960 3196 4052; x_wconf 81' lang='lat' dir='ltr'>acquievit,</span> <span class='ocrx_word' id='word_1_286' title='bbox 3239 3958 3365 4031; x_wconf 92' lang='lat' dir='ltr'>sed</span> <span class='ocrx_word' id='word_1_287' title='bbox 3415 3957 3695 4030; x_wconf 89' lang='lat' dir='ltr'>tandem</span> <span class='ocrx_word' id='word_1_288' title='bbox 3752 3968 3990 4029; x_wconf 89' lang='lat' dir='ltr'>contra</span> 
     </span>
     <span class='ocr_line' id='line_1_29' title="bbox 1164 4078 3990 4178; baseline -0.004 -19"><span class='ocrx_word' id='word_1_289' title='bbox 1164 4094 1469 4159; x_wconf 90' lang='lat' dir='ltr'>nostram</span> <span class='ocrx_word' id='word_1_290' title='bbox 1531 4085 1975 4158; x_wconf 90' lang='lat' dir='ltr'>monitionem</span> <span class='ocrx_word' id='word_1_291' title='bbox 2045 4105 2320 4157; x_wconf 88' lang='lat' dir='ltr'>crucem</span> <span class='ocrx_word' id='word_1_292' title='bbox 2398 4084 2678 4177; x_wconf 92' lang='lat' dir='ltr'>publice</span> <span class='ocrx_word' id='word_1_293' title='bbox 2744 4083 3124 4178; x_wconf 88' lang='lat' dir='ltr'>predicavit</span> <span class='ocrx_word' id='word_1_294' title='bbox 3184 4080 3562 4172; x_wconf 84' lang='lat' dir='ltr'>Maguntie.</span> <span class='ocrx_word' id='word_1_295' title='bbox 3629 4078 3781 4161; x_wconf 90' lang='lat' dir='ltr'>Quo</span> <span class='ocrx_word' id='word_1_296' title='bbox 3836 4078 3990 4150; x_wconf 83' lang='lat' dir='ltr'>viso</span> 
     </span>
     <span class='ocr_line' id='line_1_30' title="bbox 1159 4199 3987 4304; baseline -0.002 -25"><span class='ocrx_word' id='word_1_297' title='bbox 1159 4208 1449 4304; x_wconf 90' lang='lat' dir='ltr'>quidam</span> <span class='ocrx_word' id='word_1_298' title='bbox 1514 4208 2000 4281; x_wconf 86' lang='lat' dir='ltr'>interfecerunt</span> <span class='ocrx_word' id='word_1_299' title='bbox 2069 4227 2231 4280; x_wconf 92' lang='lat' dir='ltr'>eum</span> <span class='ocrx_word' id='word_1_300' title='bbox 2294 4227 2510 4301; x_wconf 90' lang='lat' dir='ltr'>prope</span> <span class='ocrx_word' id='word_1_301' title='bbox 2568 4207 2916 4299; x_wconf 85' lang='lat' dir='ltr'>Marburg.</span> <span class='ocrx_word' id='word_1_302' title='bbox 2981 4205 3286 4303; x_wconf 85' lang='lat' dir='ltr'>Tandem</span> <span class='ocrx_word' id='word_1_303' title='bbox 3344 4201 3737 4296; x_wconf 85' lang='lat' dir='ltr'>cougregati</span> <span class='ocrx_word' id='word_1_304' title='bbox 3795 4199 3987 4296; x_wconf 86' lang='lat' dir='ltr'>apud</span> 
     </span>
    </p>
   </div>
   <div class='ocr_carea' id='block_1_3' title="bbox 1252 4374 3484 4466">
    <p class='ocr_par' dir='ltr' id='par_1_3' title="bbox 1252 4374 3484 4466">
     <span class='ocr_line' id='line_1_31' title="bbox 1252 4374 3484 4466; baseline -0.004 -19"><span class='ocrx_word' id='word_1_305' title='bbox 1252 4386 1336 4466; x_wconf 85' lang='lat' dir='ltr'>(a)</span> <span class='ocrx_word' id='word_1_306' title='bbox 1381 4386 1647 4447; x_wconf 81' lang='lat' dir='ltr'>Correxit</span> <span class='ocrx_word' id='word_1_307' title='bbox 1668 4384 1936 4446; x_wconf 84' lang='lat' dir='ltr'>Lelbnitz</span> <span class='ocrx_word' id='word_1_308' title='bbox 1964 4380 2299 4462; x_wconf 74' lang='lat' dir='ltr'>Heumberq</span> <span class='ocrx_word' id='word_1_309' title='bbox 2311 4401 2346 4457; x_wconf 87' lang='lat'>,·</span> <span class='ocrx_word' id='word_1_310' title='bbox 2373 4385 2592 4443; x_wconf 87' lang='lat' dir='ltr'>rectius</span> <span class='ocrx_word' id='word_1_311' title='bbox 2615 4388 2815 4442; x_wconf 87' lang='lat' dir='ltr'>tamen</span> <span class='ocrx_word' id='word_1_312' title='bbox 2842 4380 3152 4458; x_wconf 85' lang='lat' dir='ltr'>legendum</span> <span class='ocrx_word' id='word_1_313' title='bbox 3169 4374 3484 4457; x_wconf 67' lang='lat' dir='ltr'>Amba-9.</span> 
     </span>
    </p>
   </div>
   <div class='ocr_carea' id='block_1_4' title="bbox 1165 4613 3988 4792">
    <p class='ocr_par' dir='ltr' id='par_1_4' title="bbox 1165 4613 3988 4792">
     <span class='ocr_line' id='line_1_32' title="bbox 1237 4613 3988 4694; baseline -0.003 -17"><span class='ocrx_word' id='word_1_314' title='bbox 1237 4620 1311 4694; x_wconf 73' lang='lat' dir='ltr'>(l)</span> <span class='ocrx_word' id='word_1_315' title='bbox 1342 4622 1422 4679; x_wconf 91' lang='lat' dir='ltr'>De</span> <span class='ocrx_word' id='word_1_316' title='bbox 1459 4621 1671 4684; x_wconf 86' lang='lat' dir='ltr'>insolito</span> <span class='ocrx_word' id='word_1_317' title='bbox 1699 4620 1857 4678; x_wconf 86' lang='lat' dir='ltr'>modo</span> <span class='ocrx_word' id='word_1_318' title='bbox 1886 4619 2209 4693; x_wconf 86' lang='lat' dir='ltr'>procedendi</span> <span class='ocrx_word' id='word_1_319' title='bbox 2237 4619 2295 4677; x_wconf 90' lang='lat' dir='ltr'>iu</span> <span class='ocrx_word' id='word_1_320' title='bbox 2320 4619 2622 4677; x_wconf 86' lang='lat' dir='ltr'>haereticos</span> <span class='ocrx_word' id='word_1_321' title='bbox 2655 4635 2762 4692; x_wconf 88' lang='lat' dir='ltr'>quo</span> <span class='ocrx_word' id='word_1_322' title='bbox 2808 4617 3060 4689; x_wconf 80' lang='lat' dir='ltr'>magister</span> <span class='ocrx_word' id='word_1_323' title='bbox 3092 4615 3366 4675; x_wconf 87' lang='lat' dir='ltr'>Conradus</span> <span class='ocrx_word' id='word_1_324' title='bbox 3392 4614 3674 4684; x_wconf 83' lang='lat' dir='ltr'>utebatur,</span> <span class='ocrx_word' id='word_1_325' title='bbox 3707 4613 3776 4671; x_wconf 83' lang='lat' dir='ltr'>cf.</span> <span class='ocrx_word' id='word_1_326' title='bbox 3818 4613 3988 4671; x_wconf 72' lang='lat' dir='ltr'>Chro-</span> 
     </span>
     <span class='ocr_line' id='line_1_33' title="bbox 1165 4716 2662 4792; baseline -0.002 -18"><span class='ocrx_word' id='word_1_327' title='bbox 1165 4717 1564 4791; x_wconf 79' lang='lat' dir='ltr'>m&#39;c.Erphord.</span> <span class='ocrx_word' id='word_1_328' title='bbox 1592 4735 1682 4792; x_wconf 88' lang='lat' dir='ltr'>ap.</span> <span class='ocrx_word' id='word_1_329' title='bbox 1710 4719 1996 4789; x_wconf 71' lang='grc' dir='ltr'>Βοεωιειι,</span> <span class='ocrx_word' id='word_1_330' title='bbox 2024 4718 2232 4784; x_wconf 53' lang='lat' dir='ltr'>Forata,</span> <span class='ocrx_word' id='word_1_331' title='bbox 2269 4724 2310 4772; x_wconf 86' lang='lat' dir='ltr'>t.</span> <span class='ocrx_word' id='word_1_332' title='bbox 2344 4716 2409 4787; x_wconf 87' lang='lat'>11,</span> <span class='ocrx_word' id='word_1_333' title='bbox 2447 4734 2501 4790; x_wconf 91' lang='lat' dir='ltr'>p.</span> <span class='ocrx_word' id='word_1_334' title='bbox 2539 4719 2662 4773; x_wconf 67' lang='lat'><strong>39⁴.</strong></span> 
     </span>
    </p>
   </div>
  </div>
 </body>
</html>
