4842 5802
853 1117 1128 1174 &pm
1142 1145 1158 1170 ι

940 1173 1070 1216 malo.

1226 586 1351 653 858
2225 582 2662 645 nmmum
2710 582 3060 644 summm
3669 587 3830 665 [An.
3867 586 4038 652 1236.

3259 861 3266 869 ι

3207 882 3570 895 -—————

1334 1089 1795 1197 Fridericu8‚
1835 1091 2355 1175 Romanorum
2404 1093 2845 1201 imperator,
2886 1093 3322 1177 Hermanno
3357 1094 3725 1204 magistro
3761 1095 4038 1177 domus

1226 1224 1865 1308 Theutonicorum
1902 1225 2220 1308 Sanctae
2253 1226 2533 1309 Mariae
2584 1235 2660 1308 et
2693 1225 3058 1309 fratribus
3110 1225 3275 1336 ejus
3329 1226 3731 1310 confirmat
3782 1227 4037 1309 colla—

1224 1357 1509 1440 tionem
1552 1355 1953 1465 cujusdam
2007 1359 2283 1440 domus
2335 1383 2512 1440 cum
2568 1366 2779 1441 curte
2830 1359 3037 1467 apud
3079 1358 3538 1469 Bopardiam
3583 1386 3630 1442 a
3676 1359 4038 1468 Lutgardi

1226 1491 1323 1573 de
1366 1489 2087 1573 Waltmanshausen
2142 1490 2429 1574 eisdem
2466 1490 2775 1573 factam.

1386 1707 1619 1787 (Edidit
1642 1707 1702 1768 J.
1731 1708 1811 1769 Η.
1839 1707 2117 1781 finanus,
2150 1705 2290 1767 Cod.
2319 1704 2557 1788 diplom.
2587 1705 2718 1771 ord.
2747 1707 2811 1770 S.
2842 1707 3071 1770 Mariae
3103 1705 3413 1785 Taenaron„
3441 1725 3497 1786 p.
3541 1717 3651 1771 105
3672 1753 3691 1788 ,
3721 1719 3790 1770 n⁰
3819 1718 3930 1784 94,
3960 1728 4038 1773 ex

1464 1815 1681 1893 origin.
1705 1817 1770 1875 in
1793 1814 2034 1875 archivo
2058 1813 2421 1893 vindobon.)

1323 1999 1736 2089 Fridericus,
1771 1998 1899 2071 Dei
1941 2000 2157 2092 gratia
2209 1999 2669 2071 Romanorum
2728 1999 3095 2094 imperator
3137 2020 3407 2095 semper
3452 2010 3814 2096 augustus,
3864 2003 4040 2076 Jhe-

1225 2125 1522 2196 rusalem
1556 2133 1624 2197 et
1660 2123 1914 2220 Sycilie
1964 2145 2116 2195 rex.
2154 2124 2281 2194 Per
2336 2143 2620 2216 presens
2664 2122 2997 2218 scriptum
3051 2134 3283 2217 patere
3325 2125 3650 2198 volumus
3696 2126 4039 2200 universis

1223 2248 1493 2344 imperii
1544 2247 1863 2320 fidelibus
1917 2259 2053 2320 tam
2097 2246 2526 2342 presentibus
2578 2269 2786 2340 quam
2839 2247 3088 2319 futuris
3130 2248 3323 2341 quod
3369 2250 3577 2321 frater
3607 2251 4040 2323 Her-mannus

1219 2372 1633 2445 venerabilis
1673 2372 1996 2464 magister
2045 2372 2294 2442 domus
2337 2370 2915 2443 Theutonieorum
2959 2372 3206 2443 Sancte
3241 2372 3456 2444 Marie
3497 2374 3565 2443 in
3615 2372 4039 2446 Jherusalem

1220 2506 1289 2570 et
1331 2497 1568 2568 fratres
1612 2498 1795 2589 ejus,
1845 2493 2082 2567 fideles
2136 2494 2392 2584 nostri,
2450 2494 3012 2589 supplicaverunt
3063 2502 3292 2567 nostre
3343 2494 3734 2568 celsitudini
3790 2518 4037 2591 propo·

1221 2621 1451 2693 nendo
1481 2620 1809 2714 quatinus
1848 2620 2013 2713 quia
2057 2617 2421 2712 Lutgardis
2463 2617 2554 2690 de
2601 2617 3335 2690 Waltmannenshusen
3392 2618 3610 2692 vidua
3656 2621 4035 2691 contulerat

1221 2744 1351 2817 sibi
1402 2754 1471 2816 et
1504 2743 1742 2816 domui
1788 2765 1915 2815 sue
1958 2743 2148 2837 apud
2184 2742 2598 2837 Bopardiam
2647 2741 3000 2835 quandam
3050 2742 3334 2814 domum
3385 2765 3582 2815 suam
3632 2764 3791 2815 cum
3848 2756 4039 2817 curte

1220 2889 1428 2964 quam
1493 2866 1584 2940 de
1640 2868 1839 2940 bonis
1882 2867 2028 2939 suis
2078 2866 2450 2938 mobilibus
2494 2876 2790 2958 emerat,
2847 2865 3231 2938 secundum
3274 2865 3466 2960 quod
3509 2887 3633 2963 per
3687 2866 4036 2941 obtentam

1223 2993 1610 3087 generalem
1655 2993 1726 3062 in
1772 2992 2110 3086 Bopardie
2161 2991 2353 3062 curia
2409 2992 2813 3063 sententiam
2866 3012 2977 3062 res
3028 2990 3118 3063 de
3168 2991 3372 3063 bonis
3427 2992 3800 3064 mobilibus
3860 3014 4040 3064 con-

1223 3116 1511 3210 quisitas
1561 3116 1744 3187 licite
1795 3116 1907 3187 cui
1964 3115 2169 3188 vellet
2221 3116 2529 3186 conferre
2577 3123 2842 3209 poterat
2890 3123 2958 3186 et
3010 3117 3274 3208 legare,
3334 3115 3762 3188 collationem
3819 3116 4037 3210 ipsius

1226 3240 1427 3313 dictis
1472 3241 1796 3337 magistro
1839 3248 1906 3311 et
1951 3238 2272 3309 fratribus
2317 3238 2566 3309 factam
2612 3248 2830 3309 ratam
2870 3237 3125 3310 habere
3168 3246 3237 3310 et
3283 3237 3375 3310 de
3424 3247 3654 3310 nostra
3700 3238 3832 3309 sibi
3872 3260 4039 3310 con-

1226 3364 1499 3437 firmare
1543 3364 1761 3457 gratia
1807 3363 2273 3456 dignaremur.
2313 3362 2454 3433 Nos
2492 3369 2722 3434 autem
2746 3362 2954 3453 justis
2987 3384 3226 3435 eorum
3271 3362 3891 3458 supplicationibus
3935 3364 4037 3435 fa-

1225 3489 1619 3561 vorabiliter
1645 3496 2056 3571 annuentes,
2088 3486 2517 3558 collationem
2551 3488 2865 3579 ejusdem
2897 3486 3144 3558 domus
3176 3507 3333 3559 cum
3374 3495 3601 3576 curte,
3637 3487 3812 3557 sicut
3851 3487 4036 3577 juste

1225 3635 1350 3709 per
1382 3612 1694 3685 eamdem
1718 3609 2134 3704 Lutgardam
2168 3610 2344 3681 sacta
2374 3618 2512 3700 est,
2544 3618 2762 3680 ratam
2788 3609 3124 3681 habemus
3157 3617 3226 3680 et
3257 3609 3349 3681 de
3382 3608 3618 3680 innata
3645 3599 3858 3680 nostri
3891 3607 4036 3679 cul·

1225 3735 1431 3807 minis
1478 3734 1696 3828 gralia
1738 3733 2000 3805 eisdem
2043 3733 2369 3825 magistro
2412 3740 2484 3804 et
2524 3732 2849 3803 fratribus
2880 3730 3371 3802 confirmamus
3385 3756 3406 3818 ;
3440 3730 3775 3826 presentis
3803 3729 4038 3823 scripti

1227 3859 1632 3931 mandantes
1669 3856 1892 3929 edicto
1926 3856 2253 3949 quatinus
2287 3855 2517 3926 nullus
2565 3854 2973 3941 advocatuS‚
3017 3856 3384 3942 scultetu5‚
3426 3855 3702 3925 nullave
3746 3874 4038 3947 persona

1226 3985 1361 4056 alta
1396 3984 1509 4055 vel
1543 3981 1854 4068 humilis,
1895 3979 2350 4054 ecclesiastica
2400 3987 2522 4049 aut
2550 3980 2932 4069 mundana,
2974 3978 3315 4073 predictos
3348 3977 3752 4070 magistrum
3789 3986 3858 4050 et
3893 3979 4040 4049 fra·

1225 4118 1364 4181 tres
1414 4114 1649 4178 contra
1718 4104 2051 4199 presentis
2127 4103 2629 4175 ratihabitionis
2695 4112 2765 4176 et
2821 4102 3352 4175 confirmationis
3406 4112 3638 4174 nostre
3712 4102 4036 4197 paginam

1227 4242 1480 4304 temere
1534 4230 1868 4323 impetere
1929 4229 2041 4298 vel
2111 4227 2471 4298 molestare
2525 4238 2900 4322 presumat.
2960 4226 3163 4311 Quod
3218 4227 3340 4319 qui
3393 4224 3881 4321 presumpserit
3931 4224 4036 4292 in-

1227 4354 1698 4448 dignationem
1744 4360 2044 4423 nostram
2096 4371 2174 4422 se
2206 4349 2479 4422 noverit
2513 4350 2976 4422 incursurum.
3016 4349 3127 4422 Ad
3164 4351 3367 4442 cujus
3402 4349 3501 4421 rei
3536 4350 3838 4420 futuram
3882 4366 4033 4417 me·

1228 4609 1316 4683 (οῖ.
1344 4607 1484 4665 infra
1508 4625 1564 4681 p.
1591 4605 1738 4681 882),
1765 4606 1833 4664 ad
1864 4621 2103 4663 mensem
2130 4605 2334 4663 maium
2367 4609 2426 4663 et
2457 4603 2679 4664 forsitan
2710 4605 2840 4663 dum
2870 4604 3022 4663 curia
3044 4602 3410 4664 confluentiae
3440 4602 3824 4670 celebraretur,
3859 4615 4036 4672 ency-

1224 4705 1414 4763 clicam
1437 4703 1795 4778 reponendam
1818 4718 1942 4760 eoee
1963 4717 2261 4761 censemus.
