4842 5802
1220 576 1344 637 972
2155 580 2398 641 INDEX
2451 577 3137 640 DOCUMENTORUM.

1246 778 1469 854 1254

1289 912 1438 983 sept.
1547 905 1951 982 Ap.Montem
1997 937 2077 954 —
2119 909 2498 986 Privilegium
2538 913 2783 966 renovat
2816 923 2935 982 quo
2973 911 3164 965 totum
3204 909 3505 986 negotium
3542 909 3618 969 de
3659 909 4048 984 Lombardia,

1584 1003 1907 1066 FlasconIs.
2079 1006 2339 1067 marchia
2374 1006 2623 1067 Trevisii
2658 1009 2718 1064 et
2763 1004 3112 1065 Romaniola
3152 1007 3502 1081 provisioni,
3545 1010 3951 1084 compositioni
3991 1016 4053 1070 et

2075 1103 2398 1162 laudationi
2426 1103 2641 1162 summi
2669 1099 2961 1177 pontificis
2983 1103 3321 1162 committit.
3932 1113 4049 1165 490

1250 1207 1324 1258 28
1353 1203 1471 1258 oct.
1645 1195 1854 1273 Salpis.
1997 1229 2074 1243 -
2115 1199 2370 1258 Henrico
2396 1197 2472 1258 de
2497 1198 2697 1256 Morra
2729 1212 2978 1273 magnae
3011 1213 3151 1257 suae
3188 1199 3386 1258 curiae
3423 1201 3702 1276 magistro
3735 1202 4052 1277 justitiario

1818 1303 1827 1312 ‘
2073 1295 2321 1354 mandat
2358 1301 2427 1353 ut
2463 1295 2525 1352 in
2581 1292 2828 1370 singulis
2863 1292 3341 1368 justitiariatibus
3390 1297 3556 1372 regni
3609 1296 4051 1372 inquisitionem

2074 1388 2204 1449 fieri
2230 1389 2428 1458 faciat,
2446 1395 2507 1448 et
2533 1403 2682 1464 quos
2706 1386 3034 1447 turbatores
3056 1390 3217 1463 pacis
3240 1394 3301 1449 et
3329 1391 3541 1451 noxios
3567 1392 3877 1463 invenerit,
3901 1408 3937 1451 a
3962 1390 4051 1451 fi-

2075 1486 2294 1546 delium
2326 1484 2678 1546 incolatibus
2706 1485 2966 1544 dividere
2992 1491 3286 1561 procuret.
3931 1497 4047 1550 495

1240 1582 1492 1658 [octobr.
1550 1619 1958 1640 .......
1991 1612 2075 1626 -
2113 1582 2415 1643 Universis
2434 1580 2799 1642 scholaribus
2815 1581 3115 1641 Bononiae
3138 1588 3343 1642 notum
3358 1580 3502 1643 facit
3525 1598 3588 1642 se
3605 1583 3872 1645 studium
3888 1584 4049 1661 apud

1312 1679 1409 1740 vel
2071 1680 2375 1756 Neapolim
2399 1680 2465 1738 in
2488 1680 2785 1755 integrum
2813 1677 3127 1738 reformare
3140 1720 3159 1752 ,
3189 1695 3404 1756 eosque
3429 1680 3645 1740 invitat
3671 1686 3738 1740 ut
3763 1681 3838 1740 ad
3865 1697 4048 1757 prae-

1276 1772 1443 1856 nov.]
2070 1775 2288 1834 dictam
2312 1776 2607 1834 civitatem
2629 1773 2741 1834 sub
2767 1775 3079 1833 securitate
3100 1781 3161 1835 et
3178 1777 3536 1852 protectione
3556 1792 3665 1836 sua
3692 1777 3755 1835 in
3780 1776 4049 1839 Ralndis

2072 1872 2324 1948 proximi
2349 1869 2697 1947 septembris
2723 1871 3090 1930 conveniant.
3755 1880 3895 1944 496,
3928 1882 4044 1934 497

1213 2008 1958 2034 ............
1990 2001 2073 2014 -
2111 1969 2210 2029 Ad
2234 1969 2576 2044 petitionem
2601 1967 3080 2040 vercellensium,
3106 1968 3289 2027 mittit
3313 1968 3400 2028 eis
3421 1969 3769 2044 magistrum
3795 1970 3872 2029 V.
3888 1972 4048 2046 juris

2069 2066 2263 2125 civilis
2307 2065 2695 2141 professorem
2753 2065 2856 2141 qui
2902 2065 3198 2125 scholares
3233 2065 3475 2125 edoceat
3489 2106 3508 2137 ,
3545 2065 3935 2145 hortaturque
3976 2074 4046 2128 ut

2069 2164 2263 2239 ipsum
2289 2163 2513 2222 honore
2535 2161 2734 2221 debito
2758 2162 3065 2236 recipiant.
3924 2171 4045 2224 498

1209 2265 1485 2327 novemb.
1647 2261 1826 2338 Apud
1987 2290 2068 2304 —
2107 2260 2446 2319 Hermanno
2469 2257 2795 2317 marchioni
2820 2256 3071 2316 Badensi
3093 2263 3294 2318 contra
3319 2256 3627 2318 violentias
3648 2259 3886 2319 Henrici
3912 2260 4047 2320 Ro—

1574 2357 1900 2421 Precinam.
2065 2369 2378 2413 manorum
2418 2353 2577 2430 regis
2604 2350 2713 2411 filii
2739 2351 2831 2410 sui
2866 2350 3280 2428 obligationem
3317 2367 3487 2412 suam
3522 2352 3597 2411 de
3632 2352 3867 2413 duobus
3908 2355 4047 2414 mil-

2063 2451 2220 2511 libus
2273 2456 2333 2508 et
2385 2450 2660 2509 trecentis
2696 2450 2912 2507 marcis
2953 2450 3181 2524 argenti
3235 2464 3411 2524 super
3461 2451 3731 2510 civitates
3778 2450 4006 2511 Lauren
4022 2494 4042 2529 ,

2062 2546 2352 2608 sinsheim
2397 2553 2459 2606 et
2499 2546 2806 2623 Eppingen
2848 2546 3274 2622 oppignoratis,
3304 2547 3562 2607 restituit
3609 2552 3670 2606 et
3710 2546 4039 2608 confirmat.

3752 2652 4041 2720 499‚5oo

1204 2746 1481 2808 novemb.
1646 2743 1825 2822 Apud
1984 2774 2062 2789 —
2100 2742 2284 2802 Filios
2310 2741 2573 2801 Heinrici
2598 2739 2672 2799 de
2706 2738 3094 2817 Ravensburg
3120 2738 3199 2798 ad
3233 2737 3388 2799 bona
3415 2739 3667 2801 feodalia
3692 2747 3753 2800 et
3777 2745 4042 2820 proprie-

1569 2841 1900 2905 Precinam.
2063 2845 2211 2899 tates
2238 2838 2457 2916 quibus
2480 2843 2715 2915 propter
2739 2835 3046 2896 infamiam
3073 2842 3384 2913 parentum
3411 2853 3654 2898 suorum
3671 2839 3860 2898 multo
3887 2845 4040 2898 tem-

2063 2953 2205 3013 pore
2230 2934 2467 2997 fuerant
2493 2937 2748 3012 spoliati,
2768 2933 2843 2995 de
2866 2936 3196 3011 principum
3226 2937 3514 2996 sententia
3537 2938 3815 2997 restituit.
3922 2946 4035 2997 501

1208 3035 1481 3096 novemb.
1581 3036 1880 3096 Precinae.
1985 3065 2063 3078 —
2103 3032 2201 3093 Ad
2247 3032 2733 3109 supplicationem
2775 3031 3200 3107 archiepiscopi
3256 3031 3588 3110 Maguntini
3601 3078 3620 3111 ‚
3669 3033 3935 3094 concedit
3972 3041 4046 3095 ut

2063 3126 2223 3188 filius
2246 3129 2547 3204 quondam
2574 3125 2774 3188 sifridi
2807 3128 3085 3188 ecclesiae
3109 3129 3490 3205 maguntinae
3519 3131 3878 3204 marescalci,
3906 3131 4044 3192 licet

2065 3239 2143 3283 ex
2182 3230 2347 3300 parte
2380 3225 2584 3284 matris
2621 3239 2764 3284 suae
2796 3224 3195 3284 ministerialis
3230 3226 3310 3284 sit
3350 3227 3609 3302 imperii,
3647 3228 4044 3288 ministerialis

2062 3321 2338 3381 ecclesiae
2375 3318 2484 3380 flat
2515 3325 2574 3379 et
2607 3321 2833 3380 ratione
2867 3318 3026 3379 feodi
3068 3320 3503 3399 archiepiscopo
3542 3321 3810 3383 debitum
3850 3326 4042 3384 servi-

2060 3420 2213 3478 tium
2239 3417 2531 3478 exsolvat.
3921 3428 4038 3480 502

1231 3526 1256 3578 1
1269 3526 1302 3578 5
1324 3533 1462 3577 nov.
1609 3522 1849 3600 Fogtae.
1984 3547 2059 3559 -
2102 3514 2325 3575 Notum
2356 3512 2502 3573 facit
2527 3528 2591 3573 se
2615 3511 2695 3572 ad
2721 3511 3150 3572 ordinationem
3192 3511 3457 3591 Gregorii
3492 3515 3709 3574 summi
3747 3514 4040 3591 pontificis

2060 3614 2454 3690 acceptavisse
2479 3609 2689 3669 ducere
2722 3610 2786 3668 in
2818 3625 3068 3669 uxorem
3104 3609 3417 3671 Isabellam
3443 3626 3701 3670 sororem
3729 3614 3886 3689 regis
3911 3611 4041 3671 An·

2059 3709 2234 3787 gliae,
2258 3715 2318 3768 et
2340 3712 2772 3784 procuratorem
2801 3722 2977 3766 suum
3010 3706 3343 3783 generalem
3377 3709 3649 3767 statuisse
3681 3708 3924 3767 Petrum
3964 3707 4040 3768 de

2059 3805 2270 3880 Vinea,
2286 3819 2537 3881 magnae
2563 3819 2706 3863 suae
2729 3804 2926 3862 curiae
2939 3803 3226 3880 judicem,
3241 3808 3365 3863 tam
3385 3803 3461 3863 de
3479 3805 3902 3865 constitutione
3927 3804 4036 3864 do·

2059 3900 2209 3961 darii
2234 3916 2414 3977 quam
2441 3899 2517 3959 de
2540 3897 2777 3959 dotibus
2804 3898 2918 3957 sibi
2945 3898 3183 3959 dandis.
3918 3908 4033 3960 503

1201 4002 1479 4065 novemb.
1589 4005 1872 4084 Poggiae.
1979 4031 2061 4042 —
2098 3996 2196 4057 Ad
2222 3996 2707 4074 supplicationem
2729 3994 2930 4055 sifridi
2959 3996 3295 4073 Maguntini
3321 3994 3763 4073 archiepiscopi,
3790 4003 4038 4057 renovat

2058 4099 2121 4153 et
2157 4092 2471 4153 confirmat
2504 4092 2773 4171 generale
2816 4092 3190 4170 privilegium
3229 4092 3391 4169 quod
3434 4093 3737 4169 quondam
3766 4095 3831 4152 ln
3864 4092 4034 4153 favo-

2056 4205 2180 4249 rem
2211 4190 2544 4266 principum
2583 4188 3107 4249 ecclesiasticorum
3147 4190 3374 4265 imperil
3412 4204 3520 4266 pro
3547 4189 3788 4266 juribus
3832 4204 4036 4250 eorum

2056 4286 2471 4347 conservandis
2503 4287 2809 4346 concessit.
3915 4294 4031 4346 506

1196 4389 1477 4452 novemb.
1588 4387 1865 4467 Foggiae.
1980 4414 2058 4428 —
2098 4382 2430 4443 sententias
2457 4384 2784 4459 principum
2821 4383 3158 4461 promulgat
3186 4401 3203 4442 ε
3231 4381 3454 4443 scilicet
3478 4388 3548 4443 ut
3573 4382 3772 4443 nullus
3802 4384 4033 4458 episco-

2058 4497 2170 4558 pus
2211 4479 2575 4539 Theutoniae
2616 4478 2874 4556 aliquem
2914 4480 3179 4540 infeodet
3215 4486 3443 4557 praeter
3488 4495 3795 4540 assensum
3832 4481 4033 4555 impe-

2059 4580 2300 4651 ratoris;
2348 4583 2417 4636 ut
2460 4576 2660 4636 nullus
2705 4577 3031 4638 advocatus
3073 4580 3136 4638 in
3186 4578 3342 4637 cives
3383 4576 3733 4638 cathedralis
3775 4576 4034 4636 civitatis

2058 4676 2423 4735 exactionem
2449 4673 2657 4747 facian
2688 4681 2758 4734 ut
2785 4675 2983 4735 nullus
3015 4690 3210 4735 comes
3246 4675 3341 4735 vel
3368 4674 3690 4735 advocatus
3721 4674 3787 4733 ln
3811 4673 4033 4732 immu-
