4842 5802
1136 595 1258 657 800
2138 600 2567 663 annmcl
2617 602 2964 665 sEctmm
3585 604 3746 689 [Anu.
3782 606 3960 670 1235.

1230 727 1406 800 Acta
1435 737 1598 801 sunt
1626 727 1756 803 hec
1790 753 1974 804 anno
2008 730 2353 808 dominice
2385 735 2878 810 incarnationis
2912 735 3271 811 millesimo
3316 735 3789 812 ducentesimo
3832 740 3968 812 tri-

1133 850 1388 924 cesimo
1434 851 1715 946 quinto,
1764 876 1999 929 mense
2054 855 2475 950 decembris,
2537 879 2723 931 none
2775 858 3206 951 indictionis,
3254 859 3636 955 imperante
3681 859 3965 933 domino

1132 983 1364 1047 nostro
1396 974 1741 1050 Friderico
1764 977 1849 1069 Π,
1878 979 2004 1052 Dei
2032 981 2250 1074 gratia
2282 981 2717 1054 serenissimo
2738 983 3199 1056 Romanorum
3225 981 3659 1079 imperatore,
3689 1004 3965 1079 semper

1131 1106 1464 1190 anguem,
1502 1099 1876 1173 Jerusalem
1923 1110 1991 1174 et
2026 1102 2254 1175 Sicilie
2299 1124 2506 1198 rege,
2564 1126 2748 1177 anno
2799 1104 3067 1201 imperii
3114 1106 3267 1198 ejus
3314 1105 3607 1202 septimo
3650 1105 3953 1197 decimo,

1131 1221 1325 1314 regni
1361 1221 1735 1295 Jerusalem
1770 1223 2164 1319 undecimo,
2208 1227 2404 1321 regni
2453 1249 2619 1301 vero
2653 1228 2881 1301 Sicilie
2912 1228 3261 1323 trigesimo
3288 1228 3608 1325 septim0.

1223 1345 1474 1416 Datum
1505 1344 1933 1441 Hagenowe,
1971 1371 2180 1440 anno,
2219 1372 2453 1424 mense
2483 1360 2552 1423 et
2584 1350 2960 1425 indictione
2992 1351 3409 1448 prescriptis,

1553 1628 3516 1643 -mwm-Q—M*

758 1879 1042 2032 ffb?
1118 1873 1693 2088 affifl'lridiertilzusi,
1732 1876 2254 2090 Romgnorum
2302 1876 3242 2091 imperatoiglRaymuntglpi
3272 1877 3532 2093 cogniti
3568 1877 3950 2094 Tpgosatilno

1304 2032 1404 2088 1e
1577 2033 1620 2089 e
1730 2032 1872 2091 suo
1970 2032 2377 2091 ominosvi
2440 2034 2529 2090 ae
2598 2034 2691 2090 ns
2778 2034 2866 2090 ae
2965 2033 3105 2090 c1v1
3246 2034 3284 2090 s
3579 2037 3632 2092 n
3714 2037 3802 2093 ra
3862 2037 3900 2093 s

1119 2138 1347 2220 castri
1400 2139 1499 2220 de
1550 2139 1975 2248 Interaquis
2038 2150 2113 2224 et
2168 2139 2499 2223 aliorum
2568 2069 2917 2224 locorum
2986 2149 3350 2249 perpetuo
3400 2036 3944 2227 {ll'lpevassauog

1112 2271 1481 2354 concedit.

1275 2484 1497 2559 (Edit.,
1526 2484 1630 2545 sed
1658 2484 1960 2558 mendose,
1987 2486 2052 2544 in
2077 2481 2308 2544 Bullar.
2341 2484 2499 2545 civit.
2527 2483 2838 2564 Avenion„
2864 2501 2928 2562 p.
2959 2493 3103 2557 1373
3132 2516 3210 2529 —
3236 2502 3331 2563 ap.
3365 2487 3648 2559 Boucmz,
3679 2486 3834 2548 Hist.
3867 2487 3940 2548 de

1349 2590 1661 2664 Provence,
1702 2596 1750 2651 t.
1780 2590 1872 2662 Π,
1903 2605 1958 2666 p.
1995 2598 2173 2668 1065,
2211 2606 2287 2650 ex
2316 2590 2481 2650 arch.
2517 2591 2719 2650 comit.
2757 2591 3030 2651 venaiss.
3060 2620 3137 2634 —
3165 2590 3483 2665 husun,
3511 2590 3800 2672 Anzeiqer
3817 2590 3940 2672 fiir

1344 2692 1558 2755 Kunde
1596 2691 1699 2753 der
1731 2691 2045 2754 Teutsclzen
2069 2694 2305 2768 vorzeit,
2339 2702 2490 2754 1835
2510 2737 2527 2768 ,
2558 2710 2613 2769 p.
2657 2701 2791 2753 133.
2822 2693 2998 2754 Nunc
3027 2694 3377 2757 exhibemus
3409 2713 3487 2757 ex
3523 2699 3794 2776 originali
3834 2715 3930 2776 ap.

1352 2800 1559 2859 Trdsor
1607 2796 1705 2859 des
1747 2797 2010 2874 charles,
2051 2801 2113 2859 in
2167 2798 2409 2859 archivo
2454 2798 2686 2871 imperii
2731 2798 3084 2872 Parislensi,
3123 2816 3259 2860 arca
3294 2801 3354 2860 J.
3396 2809 3545 2879 309,
3577 2810 3647 2861 n⁹
3692 2812 3796 2880 13,
3827 2804 3932 2864 ubi

1339 2906 1506 2965 adest
1531 2906 1791 2983 sigillum
1818 2908 2110 2983 integrum
2135 2904 2252 2963 filis
2278 2905 2476 2965 sericis
2496 2901 2661 2963 rubri
2687 2901 2897 2963 coloris
2922 2919 3266 2980 appensum.
3291 2906 3475 2967 Extat
3501 2924 3734 2986 quoque
3761 2913 3935 2986 copia

1346 3006 1585 3083 ibidem,
1614 3025 1751 3069 arca
1779 3010 1836 3069 J.
1871 3018 2012 3081 277,
2042 3012 2227 3081 n01.)

1194 3192 1586 3265 Fridericus
1618 3193 2002 3280 secundus,
2047 3192 2288 3266 divina
2326 3193 2602 3264 favente
2637 3191 3011 3265 clemencia
3053 3193 3514 3266 Romanorum
3558 3195 3928 3290 imperator

1097 3339 1370 3412 semper
1404 3326 1778 3410 augustu5‚
1837 3318 2211 3390 Jerusalem
2262 3325 2332 3390 et
2360 3315 2587 3387 Sicilie
2622 3337 2778 3389 rex.
2833 3315 2904 3387 Si
2949 3314 3352 3388 dilectorum
3409 3316 3717 3389 fidelium
3763 3342 3930 3394 nos-

1097 3451 1357 3514 trorum
1389 3440 1925 3535 supplicationes
1969 3450 2038 3514 et
2063 3462 2302 3514 eorum
2336 3438 2666 3534 precipue
2690 3461 2864 3532 quos
2894 3447 2963 3512 et
2989 3449 3183 3534 grate
3218 3439 3606 3514 devotionis
3636 3443 3927 3516 affectus

1097 3574 1167 3637 et
1201 3565 1495 3637 servicia
1531 3564 1827 3658 gratiora
1864 3565 1939 3636 in
1969 3573 2338 3659 conspectu
2382 3572 2613 3636 nostre
2649 3562 3075 3636 celsitudinis
3126 3565 3639 3657 recomendant,
3671 3565 3925 3638 admit-

1094 3690 1306 3761 timus
1338 3688 1709 3760 liberaliter
1741 3697 1810 3761 et
1841 3689 2234 3780 clementer,
2269 3709 2352 3761 eo
2395 3689 2645 3760 nostris
2679 3697 2749 3760 et
2785 3687 3050 3782 imperii
3089 3688 3496 3760 utilitatibus
3542 3690 3922 3763 consultius

1091 3812 1543 3907 providemus
1572 3834 1713 3907 quo
1741 3813 1932 3907 quod
1964 3814 2087 3885 uni
2122 3813 2211 3886 de
2240 3813 2473 3885 innata
2504 3811 2975 3909 impendimus
3002 3812 3262 3906 gracia,
3300 3812 3395 3885 ad
3424 3814 3658 3908 plures
3697 3824 3922 3888 trans·

1094 3934 1407 4008 funditur
1440 3956 1563 4028 per
1598 3936 2024 4029 exemplum,
2055 3946 2124 4007 et
2158 3936 2259 4008 sic
2293 3936 2545 4008 multos
2583 3935 2677 4008 ad
2715 3945 3013 4007 nostram
3052 3943 3121 4008 et
3161 3935 3432 4030 imperii
3468 3935 3917 4011 devocionem

1091 4082 1216 4154 per
1260 4060 1680 4131 liberalitatis
1725 4058 2064 4132 desteram
2106 4081 2503 4133 evocamus.
2549 4058 2718 4131 Inde
2761 4068 2864 4131 est
2909 4059 3100 4153 quod
3136 4080 3261 4131 nos
3296 4059 3727 4132 attendentes
3771 4061 3919 4131 sin-

1091 4204 1315 4255 ceram
1359 4192 1427 4255 et
1471 4204 1714 4277 puram
1760 4182 2212 4256 devocionem
2260 4203 2472 4275 quam
2538 4180 2995 4276 Raymundus
3053 4181 3335 4253 illustris
3392 4203 3622 4254 comes
3662 4181 3921 4254 Tholo-

1089 4328 1330 4398 sanuS,
1376 4305 1668 4382 dilectus
1713 4305 1938 4377 affinis
1976 4314 2044 4377 et
2081 4303 2301 4377 fidelis
2335 4312 2589 4394 noster,
2627 4326 2792 4397 erga
2828 4305 3314 4377 excellenciam
3347 4312 3647 4376 nostram
3678 4304 3914 4391 habet,

1085 4449 1354 4503 necnon
1403 4438 1593 4523 grata
1645 4429 1811 4501 satis
1862 4438 1931 4501 et
1978 4437 2256 4522 accepta
2289 4426 2582 4500 servicia
2622 4448 2760 4520 que
2802 4427 3003 4500 nobis
3040 4435 3108 4500 et
3139 4427 3428 4522 imperio
3462 4426 3710 4500 devote
3753 4449 3920 4522 pre-

1077 4552 1249 4624 stitit
1280 4552 1612 4625 hactenus
1649 4567 1718 4624 et
1752 4560 2055 4647 prestare
2086 4550 2333 4647 poterit
2374 4550 2446 4621 in
2474 4557 2677 4622 antea
2708 4549 3032 4643 gratiora,
3058 4550 3150 4623 de
3187 4548 3655 4624 munificentie
3683 4559 3919 4622 nostre

1076 4677 1296 4771 gratia
1335 4700 1476 4773 qua
1517 4677 1976 4752 benemeritos
2022 4675 2264 4750 fideles
2320 4683 2590 4749 nostros
2636 4675 2938 4769 benigne
2992 4698 3264 4773 semper
3317 4687 3388 4752 et
3445 4677 3914 4751 favorabiliter
