4842 5802
783 619 976 679 lxnrcr.
1014 617 1111 693 8.]
1691 609 2081 671 HISTORIA
2132 610 2713 676 DIPLOMAUCA.
3489 617 3609 679 697

784 757 1014 828 lumus
1052 751 1203 825 fieri
1240 749 1679 823 manifestum
1716 747 1907 840 quod
1957 747 2223 819 nobiles
2260 748 2396 820 viri
2442 748 2764 824 Albertus
2797 762 2866 824 et
2909 752 3321 825 Bertboldus
3370 754 3612 825 fratres

787 878 875 951 de
909 878 1165 967 Alvelt,
1212 874 1451 948 fideles
1488 872 1729 963 nostri,
1765 873 1912 945 zelo
1947 868 2335 946 devotionis
2374 876 2679 967 accensi,
2721 886 3021 950 montem
3064 878 3189 972 qui
3230 876 3611 969 vulgariter

787 1002 1044 1074 dicitur
1062 997 1547 1089 Beltbersberg
1578 1017 1738 1068 cum
1755 993 1904 1068 suis
1930 996 2368 1090 pertinenciis
2403 998 2476 1068 iu
2510 997 2760 1071 nostris
2784 1001 3105 1072 manibus
3127 1001 3604 1094 resignarunt,

788 1125 965 1196 sicut
994 1146 1078 1196 ea
1105 1122 1341 1195 omnia
1367 1121 1442 1191 in
1466 1141 1705 1191 eorum
1735 1119 2055 1190 manibus
2083 1120 2462 1212 resignarat
2492 1122 2844 1195 Conradus
2870 1124 3190 1196 Schuelin
3209 1123 3302 1195 de
3325 1124 3612 1218 Byeriu-

789 1270 921 1342 gen
956 1248 1081 1342 qni
1117 1248 1301 1318 bona
1334 1244 1582 1317 eadem
1617 1243 1688 1312 in
1726 1241 1937 1314 feudo
1968 1251 2284 1315 tenuerat
2306 1245 2398 1314 ab
2429 1245 2718 1336 eisdem,
2753 1256 2823 1317 et
2857 1246 2986 1340 ipsi
3025 1269 3067 1318 a
3102 1247 3303 1317 nobis
3335 1246 3613 1318 nomine

792 1372 978 1443 feudi
1011 1371 1375 1458 tenebant,
1417 1378 1495 1439 ut
1526 1388 1609 1439 ea
1644 1366 1927 1438 ecclesie
1960 1365 2049 1438 de
2074 1367 2484 1438 Scbonental
2512 1368 2995 1462 cysterciensis
3017 1369 3279 1442 ordinis
3299 1368 3614 1441 tradere·

790 1519 968 1569 mus.
1013 1497 1155 1568 Nos
1178 1495 1392 1587 igitur
1419 1492 1551 1587 piis
1587 1490 1947 1563 desideriis
1980 1491 2376 1563 eorumdem
2409 1506 2681 1583 gratum
2722 1494 3188 1588 impertientes
3224 1515 3609 1582 assensum,

793 1621 1216 1692 contulimus
1238 1628 1308 1690 et
1332 1615 1746 1689 tradidimus
1770 1614 1921 1708 ipsa
1953 1614 2133 1686 bona
2164 1615 2431 1708 pietatis
2460 1616 2712 1688 intuitu
2740 1616 2967 1688 eidem
2996 1616 3284 1688 ecclesie
3309 1616 3379 1686 in
3406 1618 3526 1708 jus
3547 1626 3617 1688 et

796 1743 1282 1837 proprietatem
1304 1793 1325 1829 ,
1363 1748 1438 1810 ut
1470 1759 1554 1810 ea
1590 1737 1802 1808 libere
1825 1745 1893 1808 et
1933 1736 2245 1807 absolute
2296 1758 2458 1808 cum
2513 1739 2700 1810 omui
2734 1761 3014 1833 prorsus
3037 1741 3196 1830 jure
3230 1739 3610 1833 possideat,

797 1865 974 1936 sicut
1002 1864 1355 1958 predictus
1379 1860 1735 1933 Conradus
1765 1880 1849 1930 ea
1881 1857 2259 1929 dinoscitur
2288 1858 2700 1952 possedisse.
2732 1863 2878 1932 Sub
2890 1864 3172 1934 obtentu
3208 1884 3373 1954 ergo
3401 1862 3618 1955 gratie

798 1998 1027 2060 nostre
1066 1986 1461 2058 inhibemus
1492 2006 1583 2056 ne
1609 1983 1752 2054 ulla
1784 2001 2075 2074 persona
2108 1981 2243 2054 alta
2279 1984 2390 2053 vel
2426 1983 2745 2072 humilis,
2783 1987 3242 2057 ecclesiastica
3268 1987 3377 2057 vel
3414 2007 3616 2057 secu-

799 2111 958 2183 laris
981 2132 1306 2206 persona,
1345 2106 1726 2201 predictam
1758 2104 2120 2176 ecclesiam
2144 2104 2214 2174 in
2241 2105 2503 2176 eisdem
2532 2106 2730 2176 bonis
2764 2107 3002 2198 aliquo
3028 2107 3235 2180 modo
3258 2110 3620 2180 molestare

803 2242 1175 2326 presumat.
1222 2232 1294 2303 Si
1328 2230 1489 2325 quis
1524 2238 1755 2302 autem
1779 2228 1913 2300 hoc
1947 2225 2407 2324 atte[m]ptare
2449 2230 2973 2323 presumpserit,
3011 2240 3288 2301 centum
3355 2252 3620 2303 marcas

802 2359 950 2429 auri
979 2364 1377 2451 componet,
1406 2375 1701 2447 quarum
1724 2351 2057 2424 medietas
2085 2351 2284 2424 cedet
2309 2351 2507 2441 fison,
2543 2352 2809 2444 reliqua
2840 2373 3006 2424 vero
3041 2353 3374 2425 medietas
3403 2357 3623 2449 passis

806 2483 1129 2574 injuriam
1161 2480 1612 2574 persolvetur.
1656 2477 1744 2549 Ut
1773 2476 1981 2569 igitur
2011 2475 2141 2547 hec
2168 2475 2449 2547 donatio
2474 2485 2544 2547 et
2571 2476 2790 2567 gratia
2815 2476 2989 2548 facta
3026 2498 3146 2570 per
3177 2499 3307 2549 nos
3337 2479 3623 2549 ecclesie

806 2605 1157 2700 sepedicte
1189 2603 1492 2674 debitam
1516 2609 1585 2672 et
1611 2608 2010 2694 perpetuam
2041 2598 2348 2670 obtineat
2383 2597 2773 2670 firmitatem
2815 2607 2884 2670 et
2923 2598 3215 2671 dubium
3250 2620 3459 2694 super
3508 2601 3626 2672 illa

808 2736 1108 2821 nequeat
1142 2727 1212 2796 in
1249 2735 1596 2819 posterum
1620 2722 1950 2812 suboriri,
1988 2731 2373 2816 presentem
2407 2723 2732 2816 paginam
2750 2721 2913 2794 inde
2932 2724 3270 2795 conscribi
3302 2733 3372 2796 et
3401 2724 3630 2817 sigillo

806 2860 1037 2923 nostro
1069 2850 1359 2922 fecimus
1390 2846 1826 2920 communiri.

906 2976 1143 3045 Testes
1173 2972 1382 3063 hujus
1414 2972 1512 3043 rei
1557 2979 1719 3043 sunt
1757 2996 1774 3038 :
1814 2970 2248 3042 Hermannus
2275 2967 2784 3062 Herbipolensis
2820 2972 3222 3066 episcopus,
3279 2972 3635 3045 Conradus

813 3097 1031 3168 abbas
1062 3098 1292 3169 Sancti
1325 3094 1534 3185 Galli,
1569 3093 1892 3187 magister
1914 3092 2457 3185 'thegenhardus
2475 3092 2844 3186 imperialis
2863 3096 3023 3167 aule
3052 3096 3632 3190 prothonotarius,

815 3222 1086 3291 Irintzus
1118 3218 1515 3290 scolasticus
1546 3217 1618 3287 in
1645 3218 1921 3291 Housse.
1961 3217 2294 3291 Ronertus
2324 3236 2555 3287 comes
2594 3215 2683 3288 de
2724 3217 3045 3291 Caste110.
3080 3218 3521 3291 Eberhardus
3546 3220 3636 3291 de

3754 4583 3986 4637 norblpou
3994 4614 4005 4634 ,

3705 4637 3757 4681 18
3795 4636 4058 4680 novembris.
