4842 5802
1137 589 1295 651 1044
1959 594 2351 654 ADDENDA
2406 596 2509 656 ET
2561 592 3119 656 CORRIGENDA.

1132 724 1204 785 P.
1237 733 1378 800 499,
1409 722 1492 784 ad
1513 721 1721 785 calcem
1752 732 1922 788 nolae
1967 737 1993 788 1
2036 727 2365 789 addendum
2394 752 2414 788 .-
2442 731 2619 793 Anno
2651 736 2855 792 tamen
2901 738 3052 791 1233
3098 727 3240 788 huic
3278 726 3540 788 societati
3577 725 3786 785 civitas
3825 741 3947 784 non

1446 832 1620 908 plane
1645 832 2029 906 adhaerebat,
2062 853 2246 913 quum
2273 854 2588 899 noscamus
2614 854 2691 897 ex
2717 838 3109 897 instrumento
3135 849 3233 910 ap.
3262 832 3434 893 Pertz
3470 833 3647 891 citato
3680 829 3942 908 (Archiv,

1449 943 1498 998 t.
1511 939 1563 1010 1,
1594 954 1654 1015 p.
1675 946 1823 1011 279;
1854 945 1992 999 ——t.
2015 942 2124 1012 IV,
2151 960 2213 1018 p.
2239 941 2406 1021 301),
2436 943 2531 1004 die
2558 945 2838 1004 vicesimo
2864 942 3100 1018 augusti
3126 937 3392 1016 ejusdem
3419 938 3560 997 anni
3586 939 3862 997 ancianos
3887 943 3947 997 et

1450 1049 1706 1105 rectores
1740 1048 2035 1106 societatis
2060 1048 2448 1109 Lombardiae
2479 1067 2515 1110 a
2549 1051 2775 1110 nuntiis
2808 1044 3277 1110 Vercellensibus
3302 1045 3675 1121 requisivisse
3698 1060 3774 1103 an
3800 1060 3948 1103 sen-

1448 1152 1695 1211 tentiam
1722 1152 1788 1210 in
1821 1157 2218 1215 controversia
2245 1171 2382 1215 cum
2411 1156 2708 1217 Friderico
2734 1171 2771 1215 a
2796 1170 2947 1232 papa
2986 1153 3166 1213 latam
3179 1193 3198 1224 ,
3237 1150 3440 1211 eadem
3474 1151 3683 1210 civitas
3723 1164 3948 1225 appro-

1447 1255 1698 1318 baverit.

1129 1383 1201 1445 P.
1231 1393 1372 1460 524,
1403 1386 1511 1447 lin.
1542 1393 1644 1465 25,
1671 1386 1957 1458 membra,
1984 1383 2283 1467 lcqcndum
2307 1390 2611 1448 memoria.

1129 1510 1202 1573 P.
1234 1521 1376 1586 525,
1407 1512 1516 1572 lin.
1549 1519 1649 1591 17,
1677 1512 1849 1574 nobis
1874 1530 1911 1574 a
1935 1515 2364 1595 remotioribus,
2392 1513 2695 1596 lcqcndum
2716 1516 2888 1577 nobis
2913 1512 3347 1575 remotioribus.

1198 1639 1345 1704 Ibid.
1361 1686 1380 1722 ,
1407 1639 1577 1717 ibid„
1608 1641 1848 1718 firmati,
1881 1640 2180 1724 lcqcndum
2206 1645 2389 1707 fama.

1130 1768 1202 1830 P.
1236 1778 1375 1845 526,
1407 1769 1515 1830 lin.
1549 1779 1647 1845 11,
1676 1772 1742 1830 in
1766 1771 2142 1846 oblivionem,
2175 1769 2476 1853 lcqendum
2498 1777 2564 1834 in
2590 1774 3043 1850 abjurationem.

1195 1899 1374 1977 thid„
1404 1902 1512 1962 lin.
1548 1910 1645 1974 12,
1675 1909 1810 1980 post
1836 1903 2158 1964 adventum
2190 1901 2393 1964 talium
2430 1921 2579 1982 quos
2611 1904 2688 1965 ad
2721 1911 2984 1964 nostram
3019 1904 3374 1980 presentiam
3416 1901 3766 1979 destinavit,
3808 1918 3944 1960 cor-

1446 2005 1752 2087 riqcndum
1778 2026 1853 2067 cx
1871 2005 1989 2068 alio
2014 2006 2231 2068 codice.-
2246 2017 2379 2085 post
2403 2010 2728 2070 adventum
2754 2009 3099 2070 dilectorum
3123 2010 3456 2085 principum
3478 2013 3814 2068 nostrorum
3840 2022 3944 2065 ve-

1445 2112 1725 2174 nerabilis
1752 2116 2087 2192 Maguntlni
2118 2116 2538 2193 archiepiscopi
2575 2122 2635 2176 et
2666 2114 3157 2210 Babinbergensis
3184 2109 3489 2193 [episcopi]
3516 2129 3667 2190 quos
3691 2112 3768 2173 ad
3794 2107 3945 2192 [nos]

1448 2223 1688 2281 nuntios
1715 2220 2053 2281 destinavit.

1198 2349 1378 2426 md„
1408 2351 1519 2412 lin.
1554 2360 1651 2426 18,
1680 2359 1885 2413 contra
1910 2353 2127 2430 plures,
2159 2351 2461 2434 leqcndum
2484 2362 2686 2415 contra
2711 2360 2927 2433 patres.

1120 2483 1191 2544 P.
1226 2493 1366 2558 536,
1396 2481 1479 2543 ad
1492 2480 1700 2543 calcem
1715 2490 1886 2544 notae
1913 2494 1938 2544 1
1967 2483 2296 2545 addendum
2316 2507 2338 2544 .·
2353 2488 2533 2548 Varia
2559 2490 2959 2548 instrumenta
2983 2486 3089 2546 ubi
3111 2486 3300 2546 fusius
3318 2485 3392 2545 de
3418 2484 3531 2545 hac
3554 2500 3701 2560 pace
3725 2486 3940 2561 agitur,

1439 2595 1647 2650 extant
1680 2591 1835 2649 inter
1864 2590 2088 2651 litteras
2115 2592 2381 2670 Gregorii
2408 2592 2526 2671 IX,
2554 2608 2712 2652 anno
2740 2593 2849 2666 IX,
2878 2594 2940 2652 in
2968 2588 3177 2653 collect.
3228 2590 3472 2671 Luperca
3501 2588 3581 2649 du
3616 2588 3782 2650 The-il
3794 2631 3812 2664 ,
3841 2606 3938 2666 ap.

1439 2696 1854 2758 bibliothecam
1881 2700 2086 2774 imper.
2118 2700 2524 2759 Parisiensem.

1122 2825 1190 2888 P.
1227 2835 1369 2901 553,
1398 2827 1507 2888 lin.
1543 2837 1639 2903 12,
1675 2828 1749 2888 A.
1782 2828 1854 2888 de
1878 2829 2282 2905 Herrensteln,
2316 2827 2586 2891 addenda
2611 2837 2752 2892 nota
2783 2829 2869 2912 (a)
2901 2851 2917 2892 ε
2946 2831 3192 2893 forsitan
3219 2830 3297 2891 A.
3327 2830 3403 2890 de
3427 2829 3800 2890 Harnestein.

1123 2960 1196 3021 P.
1230 2969 1370 3035 567,
1401 2961 1510 3020 lin.
1542 2969 1641 3035 24,
1667 2967 1801 3039 post
1818 2961 2313 3039 indignationem,
2344 2961 2675 3023 addendum
2700 2971 2983 3026 nostmm.

1126 3093 1199 3154 P.
1232 3099 1373 3165 568,
1404 3092 1512 3151 lin.
1546 3100 1605 3164 2,
1635 3091 1710 3151 de
1738 3091 2064 3165 Waldeck,
2096 3088 2395 3171 leqcndum
2423 3095 2498 3154 de
2524 3096 2952 3174 Waldenberg.

1198 3221 1376 3305 lbid„
1404 3224 1504 3284 lin.
1538 3231 1600 3297 4,
1629 3223 1703 3283 de
1728 3222 2114 3302 Amxenburg
2144 3223 2261 3303 (⁴1),
2293 3222 2592 3306 leqcndum
2618 3228 2693 3288 de
2720 3227 3137 3307 Clingenburg.

1195 3356 1374 3435 lm,
1402 3355 1487 3418 ad
1507 3353 1718 3417 calcem
1750 3362 1921 3416 notae
1961 3355 2037 3431 (b)
2072 3355 2398 3419 addendum
2417 3360 2461 3439 ζ.-
2495 3361 2569 3420 In
2604 3360 2880 3437 quodam.
2907 3361 3111 3422 codice
3145 3358 3526 3422 Monachensi
3562 3356 3722 3417 unde
3759 3355 3943 3417 Boeb-

1443 3480 1641 3525 merus
1666 3466 1897 3540 copiam
1922 3469 2234 3539 recensuit,
2265 3467 2542 3528 scribitur
2576 3466 2956 3529 Glzividatum.

1126 3599 1197 3660 P.
1234 3606 1373 3671 599,
1402 3598 1508 3659 lin.
1548 3606 1605 3670 6,
1633 3598 1752 3670 illi,
1781 3593 2080 3678 leqcndum
2105 3601 2242 3660 illis.

1127 3731 1200 3794 P.
1233 3739 1377 3811 622,
1405 3735 1528 3791 not.
1566 3738 1628 3805 2,
1654 3744 1843 3806 pauco
1867 3735 2027 3803 ante,
2058 3727 2358 3811 lcqcndum
2383 3733 2559 3808 paulo
2586 3739 2739 3794 ante.

1129 3866 1202 3927 P.
1237 3873 1378 3940 650,
1408 3866 1513 3925 lin.
1548 3872 1609 3939 1,
1637 3865 1816 3925 missa
1841 3870 1933 3924 est
1958 3880 1995 3924 a
2016 3867 2319 3942 magistro,
2350 3862 2650 3945 lcqcndum
2673 3869 2854 3928 missa
2878 3873 2971 3928 est
2993 3870 3293 3946 magistro.

1209 3995 1390 4071 md„
1411 3998 1521 4059 lin.
1550 4004 1612 4071 7,
1640 3998 1933 4076 congerit,
1964 3993 2262 4078 lcqcndum
2288 4001 2561 4077 coegerit.

1208 4128 1386 4205 md„
1409 4130 1516 4191 lin.
1552 4138 1648 4205 12,
1678 4128 1985 4190 buffonem
2009 4137 2233 4191 tactum
2260 4132 2374 4211 (7,),
2405 4129 2706 4212 lcqendum
2730 4131 3069 4207 buffonem,
3099 4140 3345 4194 cattum.

1209 4260 1393 4338 lbid„
1412 4263 1520 4324 lin.
1552 4271 1654 4341 23,
1683 4262 1958 4322 dominus
1983 4278 2252 4337 servum,
2284 4259 2585 4344 lcqcndum
2620 4281 2821 4326 servus
2846 4265 3174 4326 dominum.

1129 4400 1202 4462 P.
1240 4407 1379 4473 705,
1409 4398 1517 4456 lin.
1551 4404 1586 4456 6
1616 4400 1677 4455 et
1706 4403 1764 4468 7,
1803 4402 2132 4472 sequuntur
2172 4402 2289 4455 tres
2328 4397 2587 4471 litterae,
2628 4413 2877 4475 quarum
2917 4399 3137 4473 primas
3174 4395 3251 4456 ad
3293 4397 3620 4472 integrum,
3661 4389 3945 4451 secundas

1445 4517 1590 4565 vero
1629 4506 1689 4561 et
1729 4503 1932 4562 tertias
1975 4503 2408 4579 compendiario
2444 4503 2827 4564 exhibuimus
2869 4520 2931 4580 p.
2966 4512 3080 4564 695
3118 4509 3181 4562 et
3206 4509 3358 4579 696,
3387 4495 3688 4559 delendum
3715 4502 3771 4555 cc
3793 4511 3944 4571 sup·-

1440 4605 1720 4689 plancium
1746 4613 1815 4668 ut
1838 4609 2099 4687 sequitur
2121 4627 2143 4665 .·
2166 4641 2246 4650 —
2263 4608 2576 4683 Henricus‚
2603 4610 2713 4669 Dei
2740 4613 2926 4689 gratia
2950 4610 3350 4670 Romanorum
3373 4622 3480 4665 rex
3505 4609 3566 4664 et
3592 4617 3817 4678 semper
3843 4615 3945 4658 au-

1453 4721 1686 4794 gustus,
1716 4715 1943 4776 dilectis
1969 4718 2092 4776 suis
2119 4716 2536 4791 potestatibus,
2573 4717 2927 4790 rectoribus,
2957 4715 3294 4778 consulibus
3328 4718 3390 4774 et
3427 4705 3945 4773 communitatibus
