4842 5802
1720 602 1975 661 1NDEx
2024 601 2724 662 DOCUMENTORUM.
3518 603 3630 665 981

827 801 1045 876 1256

1650 923 1846 984 forum
1877 926 2259 992 ebdomadaie
2295 933 2424 990 sine
2466 927 2824 1004 praejudicio
2857 928 3011 1002 juris
3037 926 3245 1005 alieni,
3272 929 3336 987 in
3371 930 3636 1007 qualibet

1649 1020 1795 1081 feria
1825 1027 1996 1084 tertia
2020 1027 2429 1087 celebrandum
2447 1070 2464 1103 ,
2494 1015 2795 1084 concedit.
3517 1037 3629 1087 887

1129 1115 1247 1192 Ap.
1270 1117 1512 1177 Werde.
1571 1149 1651 1163 —
1686 1120 1785 1179 Ad
1811 1123 2151 1197 petitionem
2176 1124 2613 1200 salzburgensis
2638 1120 3078 1196 archiepiscopi,
3108 1121 3364 1181 dictante
3392 1130 3631 1184 senten-

1648 1217 1731 1275 tia
1777 1220 2140 1298 principum,
2170 1225 2331 1279 vetat
2367 1236 2445 1279 ne
2488 1220 2625 1295 quis
2665 1222 2898 1276 revocet
2940 1215 3207 1277 homines
3231 1234 3267 1276 a
3296 1224 3479 1278 strata
3514 1236 3630 1295 pu-

1646 1311 1799 1372 blica
1825 1315 1967 1389 quin
1997 1315 2222 1375 vadant
2244 1315 2322 1375 ad
2348 1314 2567 1387 forum,
2591 1314 2705 1373 11181
2732 1312 2948 1372 11811881
2972 1315 3238 1388 proprios
3276 1331 3425 1391 quos
3454 1332 3628 1375 revo-

1645 1423 1778 1468 care
1815 1417 2024 1485 potest.
3513 1422 3626 1474 888

1225 1501 1403 1580 Apud
1564 1535 1645 1547 —
1684 1504 1998 1566 Gebhardo
2022 1507 2098 1567 de
2122 1509 2400 1567 Arnstein
2427 1508 2666 1567 nuntiat
2691 1522 2778 1580 se,
2808 1506 2944 1565 11881
2967 1513 3219 1583 quatuor
3246 1509 3537 1569 exercitus
3562 1512 3625 1569 in

1133 1597 1489 1676 Augustam.
1642 1601 1944 1663 Austriam
1977 1607 2398 1675 transmiserit,
2430 1620 2588 1663 nunc
2625 1619 2763 1663 cum
2798 1605 3060 1662 maximo
3085 1610 3392 1680 potentatu
3421 1623 3626 1669 versus

1640 1697 1875 1758 Italiam
1919 1699 1995 1760 ab
2032 1699 2301 1777 Augusta
2339 1705 2530 1760 888118
2571 1715 2680 1759 888
2723 1715 2990 1770 movere,
3020 1698 3406 1776 hortaturque
3450 1708 3520 1761 81
3564 1705 3626 1762 18

1642 1811 1752 1855 888
1776 1799 2017 1858 servitio
2040 1797 2425 1858 confortetur.
3508 1808 3623 1859 889

838 1118 1013 1195 julio.

814 1510 839 1562 1
855 1510 880 1562 1
909 1503 1064 1579 julii.

794 1895 863 1947 13
903 1888 1059 1963 julii.
1223 1889 1402 1965 Apud
1564 1921 1639 1933 —
1677 1890 1951 1968 Phiiippo
1999 1893 2074 1952 de
2124 1894 2514 1971 Rychenberc
2565 1894 2925 1970 procuratori
2977 1894 3209 1951 comitis
3262 1894 3504 1953 Henrici
3549 1896 3622 1955 de

1127 1985 1483 2065 Augustam.
1637 1985 1866 2045 Werda
1890 1988 2253 2063 caeterisque
2271 1987 2567 2065 judicibus
2593 1987 2838 2047 mandat
2876 1992 2946 2046 ut
2979 2002 3118 2064 erga
3160 1989 3319 2048 cives
3345 1989 3620 2066 Argenti-

1637 2096 1848 2141 nenses
1894 2082 2197 2161 privilegia
2240 2084 2461 2144 eisdem
2502 2099 2777 2144 concoesa
2820 2083 3161 2155 observent,
3191 2085 3521 2159 specialiter
3546 2103 3622 2147 ne

1634 2183 1805 2237 extra
1831 2179 2036 2239 urbem
2061 2181 2125 2238 in
2146 2183 2252 2257 jus
2276 2181 2588 2240 trahantur
2629 2197 2764 2241 cum
2808 2181 2873 2239 in
2913 2181 3155 2239 civitate
3190 2197 3296 2241 sua
3328 2185 3618 2258 justitiam

1633 2273 1824 2335 facere
1849 2278 1969 2335 81111
1995 2278 2208 2352 parati.
3497 2289 3612 2340 890

798 2375 870 2427 23
896 2367 1053 2442 julii.
1150 2371 1224 2429 In
1255 2374 1459 2431 castris
1553 2400 1634 2413 --
1672 2369 1986 2431 Generales
2030 2372 2329 2432 nundinas
2373 2372 2534 2448 apud
2577 2372 2821 2433 Lubeck
2865 2373 3039 2431 811818
3077 2373 3323 2450 singulis
3382 2390 3418 2434 a
3466 2374 3616 2435 festo

1138 2469 1202 2526 in
1230 2468 1485 2542 praediis
1630 2470 2001 2529 Pentecostes
2039 2485 2227 2546 usque
2253 2470 2330 2530 ad
2360 2469 2580 2529 festum
2608 2471 2809 2529 Sancti
2846 2468 3048 2529 Jacobi
3085 2469 3460 2531 celebrandas
3489 2478 3613 2531 sta-

1140 2563 1466 2642 Augustae.
1630 2568 1784 2639 tuit,
1813 2567 2208 2644 omnibusque
2249 2566 2522 2628 fidelibus
2557 2567 2797 2627 mandat
2823 2571 2893 2626 ut
2918 2567 2994 2626 ad
3022 2583 3123 2627 eas
3149 2565 3259 2626 sub
3281 2584 3388 2627 sua
3413 2575 3475 2628 et
3497 2570 3612 2629 im-

1629 2665 1775 2738 perii
1803 2666 2114 2724 securitate
2145 2666 2406 2724 veniant.
3497 2674 3605 2726 891

1213 2756 1393 2833 Apud
1549 2791 1630 2802 —
1666 2758 1784 2818 Pro
1833 2760 2061 2821 devotis
2115 2763 2370 2821 servitiis
2410 2762 2631 2821 civium
2682 2758 3195 2835 Maguntinorum,
3231 2760 3317 2818 eis
3360 2764 3613 2837 gratiam

1119 2852 1474 2933 Augustam.
1626 2856 1769 2917 facit
1789 2862 1859 2917 ut
1874 2857 2079 2919 nulius
2105 2865 2272 2919 extra
2299 2860 2601 2919 civitatem
2629 2872 2730 2917 eos
2757 2855 2835 2917 ad
2855 2871 3032 2917 suum
3059 2856 3350 2933 judicium
3378 2858 3611 2922 trahere

1617 2955 1838 3030 possit,
1876 2956 1992 3014 nisi
2027 2957 2090 3015 18
2124 2957 2365 3015 civitate
2402 2971 2512 3016 sua
2536 2954 3028 3032 conquerentibus
3053 2953 3126 3012 de
3154 2954 3296 3030 ipsis
3317 2957 3609 3033 justitiam

1625 3050 2046 3127 denegaverint
2070 3050 2364 3111 exhibere.
3491 3060 3606 3112 892

1206 3144 1385 3221 Apud
1545 3181 1625 3195 —
1664 3148 1878 3209 Scribit
1919 3146 2196 3209 officiatis
2239 3151 2304 3209 18
2342 3163 2593 3226 quorum
2614 3147 3019 3224 jurisdictione
3043 3146 3200 3207 bona
3228 3149 3449 3209 civium
3476 3150 3610 3209 Ma-

1113 3239 1465 3319 Augustam.
1623 3247 2009 3322 guntinorum
2036 3247 2151 3304 sita
2173 3251 2314 3305 88111
2332 3287 2351 3317 ,
2393 3251 2464 3304 81
2502 3244 2709 3303 eadem
2757 3244 2914 3302 bona
2957 3249 3160 3303 contra
3202 3246 3506 3319 antiquam
3536 3245 3605 3303 li-

1621 3338 1908 3399 bertatem
1947 3341 2123 3400 novis
2163 3341 2425 3399 collectis
2465 3345 2526 3399 et
2562 3339 2839 3415 precariis
2873 3338 3086 3397 amodo
3112 3339 3392 3415 impetere
3419 3338 3606 3399 desis-

1622 3440 1774 3493 tant.
3302 3442 3443 3510 893,
3489 3443 3602 3493 894

815 3522 987 3598 julio.
1071 3520 1187 3600 Ap.
1214 3522 1516 3583 Gunzenle
1541 3563 1623 3574 —
1660 3530 1934 3591 Oblatam
1984 3529 2097 3590 sibi
2138 3546 2174 3589 a
2215 3530 2530 3590 Berthoido
2573 3530 2786 3591 abbate
2829 3528 3317 3590 Ottobeuernensi
3344 3529 3603 3590 advoca-

1130 3619 1194 3677 111
1220 3621 1447 3679 8881118.
1618 3627 1764 3685 118111
1790 3625 2013 3701 praedii
2041 3625 2417 3685 Helchenriet
2453 3631 2748 3702 acceptat,
2779 3631 2840 3684 et
2882 3631 3016 3701 post
3056 3631 3291 3699 tempus
3330 3633 3603 3685 accurate

814 3138 991 3229 julio.

1619 3718 1990 3795 designatum
2016 3734 2138 3778 una
2164 3734 2302 3778 cum
2329 3719 2638 3779 advocatia
2665 3720 3001 3779 monasterii
3043 3717 3246 3778 usibus
3289 3721 3411 3778 81118
3455 3718 3600 3778 8811-

1610 3816 1830 3889 jectam
1857 3828 1981 3873 esse
2002 3812 2283 3875 declarat.
3483 3823 3597 3874 895

810 3905 992 3989 [81188
1097 3943 1506 3967 .......
1536 3942 1619 3956 -
1657 3909 1873 3970 Comiti
1900 3907 2230 3970 sabaudiae
2265 3926 2372 3987 pro
2398 3910 2627 3970 devotis
2666 3913 2795 3986 ejus
2819 3915 2878 3969 et
2902 3910 3156 3985 acceptis
3182 3912 3437 3970 servitiis
3462 3927 3599 3989 gra-

776 4003 1039 4087 julium.]
1614 4010 1704 4065 tes
1730 4006 1881 4081 agit,
1921 4005 2204 4064 nuntians
2247 4021 2312 4065 88
2355 4021 2498 4065 mox
2541 4006 2595 4063 81
2636 4006 2878 4065 1111111188
2916 4004 3097 4065 decus
3144 4022 3592 4080 concessurum,

1615 4107 1931 4177 monetque
1956 4107 2025 4160 ut
2062 4116 2198 4162 cum
2226 4104 2290 4161 in
2317 4102 2733 4162 Lombardiam
2762 4104 2987 4175 veniet,
3015 4103 3140 4179 ipse
3164 4118 3362 4163 comes
3389 4120 3593 4180 aspec-

1611 4198 1773 4258 tibus
1796 4199 1919 4258 suis
1943 4204 2227 4258 occurrat.
3476 4209 3590 4261 896

758 4304 1032 4374 augusto.
1144 4294 1214 4354 In
1241 4295 1448 4355 castris
1535 4327 1612 4340 —
1650 4296 1937 4371 Episcopo
1976 4296 2311 4356 Brixinensi
2350 4298 2417 4356 in
2455 4300 2625 4374 cujus
2667 4302 2822 4357 terra
2858 4301 3094 4373 propter
3132 4295 3591 4357 imbecillitatem

1063 4391 1499 4468 ap.Brixinam.
1611 4394 1738 4468 ejus
1771 4394 2005 4469 justitia
2049 4393 2246 4470 vigere
2289 4393 2495 4462 desiit,
2541 4393 2809 4454 concedit
2849 4398 2920 4452 ut
2960 4392 3177 4469 regalia
3218 4393 3493 4452 ecclesiae
3529 4396 3593 4453 in

1614 4490 1738 4548 8818
1765 4487 2043 4548 manibus
2066 4491 2346 4566 resignet,
2362 4505 2515 4565 quae
2540 4490 2664 4565 ipse
2683 4487 2962 4549 custodiri
2987 4495 3047 4547 et
3072 4490 3370 4564 procurari
3390 4488 3587 4561 faciet,

1610 4583 1965 4661 quibusdam
2003 4600 2110 4660 pro
2136 4589 2564 4646 sustentatione
2598 4588 2756 4645 vitae
2799 4584 3061 4662 ejusdem
3100 4586 3357 4661 episcopi
3401 4601 3592 4645 reser-

1610 4685 1765 4742 vatis
1791 4682 2095 4743 reditibus.
3474 4691 3587 4744 897
