4842 5802
1127 511 1247 574 936
2223 515 2841 579 ADDITAMENTA.

1130 651 1281 745 ipse
1315 649 1562 721 nostris
1591 649 1896 722 consiliis
1917 651 2400 724 obsecundans
2428 650 2707 723 arbitrio
2746 659 2977 723 nostro
3010 648 3424 723 fiducialiter
3455 671 3532 724 se
3564 650 3939 743 commisit,

1131 772 1309 845 sicut
1341 794 1433 845 ex
1470 771 1707 846 litteris
1732 774 1883 865 ejus
1907 794 2117 847 aurea
2147 774 2335 847 bulla
2362 775 2672 866 munitis,
2706 795 3002 870 quarum
3035 783 3337 846 tenorem
3365 773 3564 847 vobis
3592 775 3725 846 sub
3756 774 3948 847 bulla

1129 907 1359 970 nostra
1395 897 1942 989 transmittimus,
1983 898 2267 994 potestis
2296 900 2568 994 plenius
2598 899 2878 971 intueri.
2908 900 3079 971 Cum
3116 898 3326 993 igitur
3355 898 3723 992 imperator
3758 897 3948 993 paci-

1131 1020 1260 1093 fice
1292 1022 1657 1114 cujuslibet
1694 1021 2017 1096 violentie
2043 1023 2434 1118 suspicione
2466 1032 2838 1114 summota,
2870 1045 3032 1095 cum
3066 1021 3206 1095 filio
3238 1030 3308 1094 et
3343 1021 3768 1116 principibus
3803 1021 3950 1093 suis

1129 1145 1444 1218 intendat
1494 1146 1910 1239 colloquium
1970 1147 2317 1220 celebrare
2374 1156 2452 1218 ut
2503 1146 2968 1220 reconciliatio
3030 1148 3232 1242 plena
3287 1144 3439 1238 flat,
3500 1167 3630 1218 nec
3682 1154 3946 1217 tantum

1127 1269 1388 1341 bonum
1436 1269 1670 1362 aliquo
1712 1269 1938 1341 valeat
1992 1270 2189 1342 obice
2233 1269 2615 1365 prepediri,
2658 1269 3134 1342 discretionem
3169 1278 3465 1342 vestram
3506 1289 3832 1361 rogamus
3879 1278 3949 1340 et

1130 1413 1493 1464 monemus
1544 1401 1797 1465 attente
1842 1414 1964 1487 per
2008 1391 2400 1488 Apostolica
2444 1393 2647 1466 vobis
2681 1393 2934 1488 scripta
2981 1392 3386 1465 mandantes
3432 1400 3772 1484 quatenus
3823 1389 3947 1463 di-

1129 1517 1323 1588 lectis
1359 1514 1514 1587 filiis
1546 1516 1926 1588 rectoribus
1958 1516 2299 1589 societatis
2333 1517 2646 1608 ejusdem
2679 1518 2806 1589 bec
2830 1518 3060 1589 omnia
3095 1524 3517 1610 exponentes
3554 1525 3624 1587 et
3662 1535 3946 1587 enume-

1130 1648 1362 1711 rantes
1423 1639 1726 1732 pericula
1776 1662 1916 1732 que
1976 1640 2460 1713 inevitabiliter
2509 1640 2976 1729 imminerent,
3020 1640 3204 1734 ipsos
3251 1639 3583 1711 moneatis
3639 1636 3944 1732 pruden-

1132 1776 1234 1834 ter
1271 1773 1339 1836 et
1365 1762 1736 1836 „efficaciter
1761 1763 2106 1836 inducatis
2144 1774 2220 1834 ut
2247 1764 2452 1836 saluti
2485 1775 2555 1837 et
2582 1764 2798 1859 quieti
2832 1784 2958 1835 sue
2998 1763 3314 1835 studeant
3350 1760 3741 1857 providere.
3796 1760 3947 1846 Que

1136 1896 1363 1959 autem
1414 1888 1612 1959 vobis
1663 1887 1992 1960 duxerint
2030 1887 2551 1982 respondenda,
2603 1888 2805 1960 nobis
2847 1888 3152 1960 celeriter
3203 1908 3329 1982 per
3375 1896 3638 1959 vestras
3691 1886 3945 1958 litteras

1135 2010 1452 2084 intimare
1489 2010 1763 2082 curetis.
1803 2009 2005 2095 Quod
2034 2012 2093 2083 si
2126 2034 2262 2083 non
2300 2033 2573 2097 omneS,
2611 2022 2776 2100 etc.,
2820 2011 2961 2084 duo
2992 2019 3333 2100 vestrum,
3369 2020 3502 2082 etc.

1230 2138 1478 2208 Datum
1515 2136 1746 2221 Reate,
1779 2136 1835 2207 II
1864 2157 2081 2209 nonas
2110 2137 2540 2232 septembris,
2586 2135 3022 2230 pontificatus
3055 2136 3267 2207 nostri
3298 2155 3480 2207 anno
3516 2135 3600 2206 V.

1234 2383 1558 2478 Sequitur
1595 2385 1804 2455 altera
1852 2382 2134 2478 epistola
2183 2381 2446 2454 eisdem
2491 2380 2750 2454 directa
2796 2391 2865 2453 et
2908 2382 3008 2452 illi
3052 2403 3259 2476 quam
3301 2403 3393 2454 ex
3428 2382 3785 2478 Raynaldo
3819 2381 3943 2453 de·

1139 2509 1370 2581 dimus
1403 2505 1523 2598 (cf.
1564 2528 1806 2601 supra,
1857 2530 1925 2600 p.
1965 2506 2138 2600 268)
2173 2508 2312 2578 fere
2355 2490 2591 2598 quoad
2633 2528 2911 2578 sensum
2953 2507 3357 2590 consimiliS,
3403 2506 3536 2578 nisi
3577 2505 3768 2599 quod
3815 2503 3944 2576 ad-

1136 2634 1322 2704 ditur
1359 2661 1375 2703 :
1424 2657 1459 2701 «
1493 2632 1578 2704 Ut
1618 2641 1846 2703 autem
1883 2629 2330 2703 dubitationis
2365 2631 2734 2725 scrupulus
2776 2629 2866 2701 de
2913 2630 3381 2702 vacillantium
3418 2629 3743 2701 cordibus
3794 2649 3948 2700 me-

1139 2758 1270 2827 lius
1323 2758 1693 2843 auferatur,
1736 2754 2019 2849 probate
2076 2751 2237 2826 fidei
2292 2751 2520 2825 virum
2582 2753 2905 2826 dilectum
2966 2752 3181 2825 filium
3241 2754 3641 2846 magistrum
3699 2752 3948 2825 domus

1132 2880 1491 2976 hospitalis
1522 2882 1770 2952 Sancte
1806 2877 2017 2950 Marie
2064 2876 2669 2967 Tbeutonicorum,
2708 2880 2904 2971 cujus
2941 2878 3573 2974 circumspectionis
3606 2876 3945 2950 industria

1138 3003 1367 3076 reddit
1416 3004 1644 3097 ipsum
1687 3001 1930 3073 merito
1981 3001 2392 3092 gratiosum,
2460 3001 2552 3074 ad
2608 3012 2836 3095 partes
2902 3003 3312 3084 Lombardie
3374 3003 3742 3098 imperator
3802 3002 3949 3095 ipse

1140 3128 1534 3200 transmittit
1565 3146 1686 3219 per
1718 3145 1922 3218 quem
1961 3145 2044 3196 ea
2081 3126 2349 3197 tractari
2399 3147 2755 3219 speramus
2791 3148 2931 3219 que
2977 3126 3069 3199 ad
3110 3127 3299 3220 pacis
3335 3127 3674 3220 pertinent
3718 3124 3945 3197 firma-

1144 3261 1480 3324 mentum.
1551 3250 1856 3342 Ideoque
1911 3248 2308 3320 fraternitati
2369 3259 2597 3322 vestre
2643 3271 2766 3343 per
2802 3248 3193 3343 Apostolica
3248 3249 3497 3343 scripta
3540 3248 3948 3320 mandamus

1146 3385 1490 3469 quatenus
1530 3374 1602 3443 in
1654 3373 1789 3443 hiis
1835 3392 1974 3464 que
2015 3371 2195 3443 idem
2243 3371 2567 3465 magister
2610 3393 2701 3444 ex
2748 3382 2940 3466 parte
2990 3373 3209 3467 ipsius
3252 3373 3681 3467 imperatoris
3723 3382 3946 3445 recto-

1142 3501 1337 3572 ribus
1371 3498 1651 3593 presatis
1685 3503 2017 3589 exponet,
2060 3494 2193 3565 sibi
2223 3495 2446 3566 taliter
2485 3495 2816 3567 assistatis
2857 3495 3049 3588 quod
3090 3516 3213 3588 per
3239 3496 3391 3585 ejus
3426 3504 3496 3568 et
3528 3504 3753 3568 vestre
3796 3494 3948 3567 dis-

1139 3623 1454 3697 cretionis
1495 3622 1803 3695 studium
1845 3618 2036 3713 quod
2085 3617 2176 3690 de
2227 3620 2563 3712 colloquio
2604 3620 3010 3714 premissum
3065 3631 3169 3691 est
3209 3617 3300 3691 ad
3342 3617 3670 3691 bonorem
3717 3619 3839 3691 Dei
3881 3628 3948 3691 et

1136 3748 1442 3821 Ecclesie
1490 3768 1572 3818 ac
1615 3744 2044 3839 imperatoris
2104 3742 2415 3834 ejusdem
2469 3764 2736 3815 necnon
2770 3763 3010 3838 pacem
3063 3750 3131 3813 et
3180 3741 3735 3835 tranquillitatem
3788 3762 3948 3837 pro-

1139 3873 1369 3943 vincie
1395 3868 1801 3941 Lombardie
1823 3867 2129 3939 debitum
2161 3876 2620 3959 consequatur
2646 3865 2987 3937 effectum.
3019 3865 3337 3936 Ceterum
3368 3876 3444 3936 ut
3474 3866 3729 3959 liqueat
3749 3865 3950 3938 vobis

1140 3994 1436 4090 qualiter
1469 3992 1693 4065 eidem
1741 3991 2133 4085 imperatori
2176 3991 2651 4084 scripserimus
2683 3990 2754 4059 in
2787 3989 2918 4060 hac
2947 3997 3179 4082 parte,
3237 3978 3717 4084 transcriptum
3768 3988 3947 4060 litte-

1141 4140 1373 4191 rarum
1423 4124 1802 4189 nostrarum
1835 4134 1999 4185 ecce
2038 4114 2238 4184 vobis
2281 4113 2412 4184 sub
2445 4113 2645 4196 bulla¹
2672 4120 2904 4184 nostra
2949 4111 3283 4184 duximus
3317 4111 3941 4184 transmittendum.

1243 4268 1279 4312 »
1321 4242 1572 4312 Datum
1608 4239 1852 4327 Reate,
1889 4237 1949 4308 V
1978 4235 2308 4308 kalendas
2339 4236 2673 4320 octobris,
2706 4255 2886 4307 anno
2919 4235 3006 4306 V.
3045 4260 3080 4303 »

1235 4368 1336 4437 De
1367 4386 1441 4437 re
1475 4364 1714 4437 eadem
1751 4371 1819 4433 et
1851 4382 2009 4432 cum
2044 4360 2222 4431 notis
2250 4359 2748 4451 chronologicis
2778 4359 3039 4431 eisdem
3076 4359 3397 4451 scriptum
3432 4366 3536 4429 est
3569 4357 3947 4430 rectoribus

1136 4489 1478 4563 societatis
1532 4483 1979 4559 Lombardiae
2037 4495 2107 4554 et
2160 4484 2485 4578 episcopo
2548 4482 3054 4576 Ratisponensi,
3117 4481 3480 4576 imperialis
3532 4484 3730 4555 aulae
3774 4502 3948 4554 can-

1136 4612 1427 4686 cellario.
