4842 5802
1145 615 1269 678 812
2142 618 2568 682 FRIDERICI
2617 618 2969 680 SECUNDI
3585 624 3746 704 [Am.
3784 626 3961 690 1236.

1149 749 1423 823 firmum
1457 750 1701 846 prebet
1730 753 2194 827 testimonium
2227 755 2497 829 veritati
2535 753 2628 827 ad
2663 754 3054 849 opinionem
3087 752 3438 848 distantia,
3479 780 3618 831 non
3656 761 3957 854 ignoras.

1143 875 1317 947 Nam
1362 896 1526 948 ecce
1568 875 1640 947 in
1688 898 1901 972 regno
1948 878 2258 974 predicto
2300 901 2426 976 per
2470 878 2815 951 ministros
2859 877 3245 973 imperiales
3292 879 3552 954 nudate
3598 885 3966 980 privilegio

1143 999 1478 1072 libertatis
1502 1001 1789 1074 ecclesie
1816 1002 2018 1075 bonis
2050 1004 2266 1076 sacris
2294 1003 2640 1099 deputatis
2667 1003 2909 1076 usibus
2935 1003 3223 1098 spoliate
3242 1004 3434 1096 ssent,
3457 1006 3625 1099 quia
3653 1007 3964 1103 ipsarum

1140 1133 1454 1220 pastores
1484 1125 1689 1199 etiam
1725 1134 1795 1199 et
1838 1126 2130 1200 ministri
2173 1139 2400 1225 patres
2432 1138 2501 1201 et
2535 1126 2655 1199 filii
2705 1128 2995 1200 exulare
3029 1136 3391 1221 coguntur,
3439 1130 3697 1202 carceri
3747 1154 3962 1205 man-

1139 1247 1482 1341 cipantur,
1520 1256 1589 1320 et
1619 1249 1766 1322 foro
1796 1250 2257 1324 ecclesiastico
2293 1251 2646 1342 derelicto,
2684 1251 2755 1322 in
2787 1250 3110 1324 examine
3145 1251 3360 1324 vetito
3396 1241 3697 1327 actiones
3730 1257 3961 1328 susci-

1136 1393 1342 1466 pere,
1382 1372 1602 1445 tallias
1639 1374 1910 1447 solvere
1944 1383 2013 1447 et
2060 1375 2242 1448 bona
2283 1376 2792 1471 compelluntur
2840 1373 3302 1448 ecclesiastica
3346 1383 3424 1446 ut
3453 1397 3529 1448 se
3562 1398 3606 1448 a
3643 1380 3957 1453 vexatio-

1137 1497 1344 1568 nibus
1380 1495 1765 1581 redimant,
1802 1496 2212 1588 exhaurire;
2254 1508 2322 1572 et
2370 1500 2432 1571 si
2479 1499 2765 1594 quando
2817 1520 2936 1571 eas
2984 1498 3336 1591 contingat
3373 1499 3664 1594 pastoris
3714 1504 3959 1577 solatio

1129 1619 1442 1709 viduari,
1482 1641 1622 1692 non
1659 1622 2147 1715 permittuntur
2181 1623 2311 1695 sibi
2356 1644 2688 1719 sponsum
2730 1622 2983 1717 eligere
3031 1632 3101 1694 et
3136 1620 3496 1694 viduitatis
3546 1625 3953 1700 vestimenta

1132 1745 1517 1841 deponere,
1558 1744 1779 1820 donec
1814 1746 2219 1821 adulterinis
2255 1747 2549 1840 alicujus
2594 1747 3034 1843 amplexibus
3071 1746 3194 1840 qui
3231 1766 3369 1818 non
3415 1748 3784 1839 canonice,
3827 1750 3953 1823 sed

1128 1890 1254 1964 per
1303 1868 1822 1964 impressionem
1870 1871 2128 1943 electus
2180 1880 2300 1944 aut
2347 1872 2516 1943 alias
2565 1872 2873 1943 intrusus
2920 1871 3158 1959 fuerit,
3209 1870 3559 1943 extiterint
3604 1873 3944 1967 copulate.

1124 1993 1307 2065 Ecce
1346 1992 1445 2065 ibi
1479 1992 1812 2066 catholica
1864 1993 2042 2067 fides
2094 1995 2309 2091 perit,
2366 2017 2461 2068 ex
2510 2016 2593 2068 eo
2636 1994 2896 2067 heresis
2932 1992 3100 2065 inibi
3147 1994 3473 2090 precipue
3522 1995 3706 2069 vires
3742 1998 3952 2069 sumit

1126 2115 1319 2209 quod
1352 2116 1425 2187 in
1467 2117 1792 2189 ecclesias
1835 2126 1905 2190 et
1954 2139 2281 2212 personas
2329 2118 2828 2192 ecclesiasticas
2877 2116 3274 2191 officialium
3329 2120 3771 2214 oppressione
3822 2142 3950 2194 se-

1125 2241 1385 2332 viente,
1439 2239 1679 2313 eedem
1736 2240 2221 2336 predicationis
2260 2264 2352 2315 ex
2387 2265 2529 2337 qua
2566 2243 2870 2315 maxime
2918 2242 3356 2315 confutantur
3389 2240 3671 2315 heretici
3719 2252 3789 2315 et
3823 2264 3950 2316 ca-

1124 2363 1356 2436 tholici
1396 2364 1827 2456 roborantur,
1870 2387 2195 2440 exercere
2228 2389 2366 2440 non
2402 2375 2691 2462 possunt
2719 2366 3020 2440 officium
3041 2422 3058 2453 ,
3095 2365 3262 2459 quia
3295 2365 3683 2440 necessario
3719 2376 3946 2441 cetera

1120 2511 1282 2584 pars
1317 2487 1571 2562 edificii
1610 2491 1864 2562 corruit
1900 2493 2102 2583 cujus
2146 2492 2533 2564 concutitur
2567 2490 3116 2564 fundamentum.
3165 2491 3344 2564 Ecce
3386 2490 3476 2565 de
3521 2492 3727 2564 ruina
3771 2492 3944 2566 Hie-

1115 2615 1415 2686 rusalem
1470 2615 1842 2709 Babylonis
1895 2616 2162 2704 menia,
2213 2616 2302 2689 de
2348 2637 2598 2688 acervo
2652 2615 2959 2710 lapidum
3006 2615 3169 2688 Sion
3202 2615 3680 2707 Agarenorum
3727 2638 3944 2710 gym-

1117 2738 1309 2809 nasia
1353 2747 1864 2830 construuntur,
1909 2749 1978 2811 et
2016 2738 2292 2813 edificia
2335 2739 2405 2811 in
2445 2740 2701 2834 quibus
2737 2738 3054 2811 divinum
3089 2760 3339 2811 nomen
3376 2739 3737 2831 excolitur,
3778 2739 3943 2812 illuc

1119 2860 1413 2953 migrare
1465 2870 1809 2954 coguntur
1847 2862 1967 2935 ubi
2005 2863 2351 2936 Mahomet
2387 2862 2699 2958 perditus
2740 2863 3086 2935 adoratur.
3122 2864 3341 2956 Super
3373 2883 3513 2956 quo
3556 2883 3640 2935 eo
3689 2861 3938 2936 crude·

1117 2984 1307 3055 lior-is
1339 3004 1464 3055 nos
1498 2983 1754 3057 doloris
1789 2986 2065 3079 gladius
2095 2987 2391 3081 percutit
2423 3007 2565 3080 quo
2603 2985 2843 3057 fortius
2891 2984 3349 3057 incircumcisi
3384 2985 3583 3078 quasi
3638 2985 3709 3055 in
3744 2985 3937 3078 regni

1119 3106 1351 3178 medio
1401 3107 1604 3201 positi
1662 3107 1888 3180 levius
1945 3107 2153 3180 fidem
2207 3109 2613 3181 catholicam
2669 3130 2794 3180 sue
2849 3118 3134 3203 possunt
3192 3106 3613 3181 infidelitatis
3668 3128 3938 3180 veneno

1116 3251 1578 3325 corrumpere,
1608 3253 1749 3324 quo
1786 3233 2042 3325 maj0ra
2069 3230 2326 3304 exinde
2362 3232 2769 3325 contingunt
2799 3231 3099 3326 pericula
3135 3232 3324 3326 quod
3353 3231 3709 3304 christiani
3748 3253 3935 3304 com-

1113 3354 1488 3425 miscentur
1547 3353 1854 3443 eisdem;
1912 3376 2333 3449 paganorum
2396 3355 2843 3428 contubernia
2906 3355 2996 3428 ab
3054 3354 3221 3426 ovili
3284 3352 3637 3428 dominico
3690 3376 3936 3448 greges

1114 3478 1422 3551 fidelium
1453 3477 1767 3572 abigunt,
1795 3487 1866 3551 et
1894 3477 2141 3550 Hebrei
2170 3479 2260 3550 ab
2296 3478 2607 3575 Egyptiis
2643 3479 2742 3550 sic
2777 3478 3082 3574 oppressi
3117 3499 3355 3550 eorum
3390 3477 3589 3572 quasi
3624 3477 3935 3551 dominio

1112 3603 1597 3696 subjugantur.
1638 3602 1816 3674 Ecce
1857 3602 1930 3674 in
1968 3602 2155 3675 dicto
2200 3624 2411 3696 reguo
2461 3613 2693 3676 contra
2745 3604 2935 3698 pacis
2977 3603 3154 3676 inter
3192 3611 3258 3674 ts
3301 3613 3369 3674 et
3401 3603 3775 3675 Ecclesiam
3814 3624 3933 3676 re-

1110 3727 1399 3797 formate
1446 3724 1720 3814 federa,
1757 3723 2042 3819 quidam
2090 3725 2357 3799 nobiles
2396 3726 2645 3821 privati
2697 3726 2937 3798 castris
2978 3735 3047 3799 et
3082 3726 3236 3798 aliis
3270 3727 3471 3799 bonis
3515 3726 3695 3816 suis,
3739 3747 3933 3797 uxo-

1109 3846 1307 3918 ribus
1351 3857 1421 3919 et
1467 3848 1701 3921 liberis
1756 3849 2155 3945 captivatiS,
2191 3850 2339 3921 loca
2394 3871 2522 3921 sua
2570 3849 2932 3945 proscripti
2980 3850 3400 3943 relinquere,
3455 3849 3804 3922 domicilia
3857 3849 3928 3920 in

1111 3968 1403 4041 aliorum
1444 3969 1808 4043 transferre
1842 3970 2181 4044 coloniam
2213 3979 2284 4043 et
2319 3969 2410 4042 ad
2448 3981 2828 4044 extremam
2865 3980 3204 4066 coguntur
3236 3972 3536 4066 inopiam
3570 3969 3922 4044 devenire.

1110 4093 1196 4165 Et
1233 4092 1399 4166 dum
1434 4091 1675 4164 similis
1721 4094 1966 4188 premit
2012 4094 2288 4167 afflictio
2334 4115 2713 4189 pauperes,
2755 4093 2831 4168 id
2867 4104 3057 4167 tanto
3103 4094 3326 4187 magis
3372 4095 3514 4166 Deo
3565 4091 3932 4186 displicere

1110 4225 1436 4312 putamus
1477 4224 1737 4310 quanto
1785 4217 2027 4291 fortius
2064 4218 2250 4313 ipsos
2291 4216 2638 4291 credimus
2683 4218 3110 4291 innocentes.
3155 4215 3343 4302 Quid
3377 4212 3612 4311 plural
3668 4215 3740 4286 in
3776 4234 3926 4286 om-

1110 4341 1317 4413 nibus
1371 4340 1480 4412 his
1528 4341 1831 4413 Ecclesia
1881 4351 2067 4414 tanto
2121 4343 2365 4435 majori
2418 4343 2672 4416 rubore
2721 4342 3153 4437 perfunditur
3199 4353 3462 4435 quanto
3507 4337 3933 4434 probabilius

1108 4464 1461 4557 premissis
1509 4462 1858 4537 discordia
1903 4486 2184 4537 causam
2223 4465 2390 4539 dare
2436 4466 2757 4561 preterita
2801 4464 3140 4553 creditur,
3182 4463 3347 4537 dum
3395 4462 3490 4534 illi
3530 4463 3652 4557 qui
3698 4459 3930 4533 adhe-

1110 4598 1350 4659 serunt
1394 4588 1697 4661 Ecclesie
1757 4589 1909 4684 plus
1963 4590 2203 4664 ceteris
2260 4600 2494 4665 contra
2537 4590 2871 4683 justitiam
2919 4590 3422 4685 opprimuntur.
3472 4587 3746 4660 Utinam
3796 4583 3929 4657 hec

1110 4710 1418 4785 veritatis
1473 4726 1701 4787 essent
1753 4713 2083 4788 destituta
2141 4714 2452 4789 subsidio
2504 4725 2573 4790 et
2615 4715 2924 4789 mendax
2980 4712 3402 4787 inveniretur
3450 4710 3740 4806 quilibet
3795 4707 3927 4780 hec
