4842 5802
820 676 1013 737 lxnrc'r.
1046 675 1139 753 8.]
1717 674 2115 737 HISTORIA
2163 674 2750 740 DIPLOMATICA.
3525 675 3642 736 713

914 809 1275 884 Heinricus
1334 808 1712 905 septimae,
1776 807 2020 882 divina
2075 812 2350 885 favente
2411 810 2783 885 clemencia
2852 809 3311 881 Romanorum
3382 830 3508 882 rex
3569 821 3641 883 et

822 954 1093 1029 semper
1137 942 1510 1026 augustus,
1567 931 1911 1004 universis
1960 933 2598 1036 imperiisfldelibus
2626 931 2886 1027 quibus
2919 929 3050 1002 hec
3102 930 3324 1003 littera
3366 939 3640 1004 ostensa

823 1054 1029 1127 fuerit
1087 1054 1380 1146 gratiam
1433 1075 1634 1127 suam
1696 1062 1767 1126 et
1819 1074 2024 1126 omne
2065 1055 2354 1127 bonum.
2412 1056 2706 1128 Firmam
2762 1074 2955 1148 spem
3005 1050 3467 1146 fiduciamque
3522 1063 3640 1127 te-

819 1199 1064 1250 nemus
1098 1174 1293 1271 quod
1330 1176 1667 1271 quicquid
1722 1177 2067 1269 religiosis
2104 1178 2274 1250 viris
2329 1179 2548 1271 gratie
2596 1175 3138 1272 impenderimus
3186 1185 3254 1247 et
3311 1176 3631 1264 honoris,

822 1300 895 1374 id
957 1323 1118 1373 cum
1187 1301 1638 1396 multiplicato
1688 1301 1916 1372 fructu
1966 1302 2363 1396 recolligere
2430 1302 2810 1376 debeamus
2856 1298 2929 1369 in
2983 1298 3174 1370 celiS.
3234 1299 3379 1371 Hac
3432 1300 3643 1393 igitur

823 1424 1367 1497 consideratione
1417 1422 1726 1514 inducti,
1766 1423 2053 1496 obtentu
2088 1446 2369 1519 quoque
2403 1445 2686 1519 precum
2729 1422 2978 1494 dilecte
3025 1422 3359 1493 consortis
3412 1434 3643 1496 nostre

820 1547 1200 1640 Margarete
1257 1546 1542 1619 illustris
1604 1547 2073 1619 Romanorum
2127 1548 2365 1643 regine
2419 1547 2568 1644 (l),
2626 1547 2830 1639 cujus
2885 1543 3251 1617 desideriis
3303 1567 3438 1619 non
3500 1546 3641 1619 de-

820 1670 1100 1742 buimus
1127 1670 1481 1765 refragari,
1521 1691 1604 1742 ac
1639 1670 1843 1741 etiam
1871 1670 1963 1741 ob
2007 1670 2326 1743 affectum
2361 1691 2570 1764 quem
2617 1670 2798 1742 circa
2844 1668 3157 1741 ordinem
3205 1668 3636 1763 Cystercien-

825 1814 972 1866 sem
1032 1815 1307 1890 semper
1356 1794 1695 1865 hactenus
1734 1793 2110 1865 habuimus
2163 1803 2234 1867 et
2267 1794 2647 1883 habemus,
2714 1791 2980 1864 dilectis
3036 1791 3235 1863 nobis
3289 1794 3520 1866 abbati
3580 1805 3649 1867 et

825 1916 1197 1989 conventui
1235 1916 1325 1989 de
1364 1917 1812 2004 Schonental‚
1850 1917 2471 2012 cysterciensibus,
2515 1916 2717 1987 talem
2757 1914 3043 1986 fecimus
3066 1916 3355 2008 gratiam
3399 1928 3469 1990 et
3509 1917 3644 1991 do-

828 2040 1151 2113 navimus
1214 2039 1594 2112 libertatem
1660 2039 1853 2134 quod
1916 2060 2155 2112 omnes
2213 2038 2678 2135 possessiones
2730 2046 2798 2109 et
2852 2038 3033 2110 bona
3084 2060 3222 2131 que
3267 2038 3525 2113 habent
3572 2041 3644 2113 in

827 2163 1339 2257 presenciarum
1369 2163 1481 2234 vel
1519 2162 1592 2233 in
1629 2163 1936 2234 futurum
1978 2171 2301 2256 poterunt
2337 2161 2629 2256 adipisci
2674 2161 2747 2231 in
2785 2160 3218 2250 civitatibus,
3270 2162 3497 2257 opidis
3533 2165 3647 2238 vel

827 2285 900 2358 in
936 2287 1091 2358 aliis
1129 2286 1294 2358 locis
1329 2285 1529 2358 nobis
1557 2284 1950 2357 immediate
1987 2285 2511 2380 pertinentibus,
2555 2305 2598 2355 a
2640 2283 2980 2374 serviciiS,
3031 2283 3357 2378 precariis
3402 2295 3470 2357 et
3503 2287 3644 2358 col-

827 2408 1024 2482 lectis
1061 2430 1200 2502 que
1235 2408 1436 2480 nobis
1473 2407 1848 2502 aliquando
1891 2407 2039 2479 dari
2079 2409 2302 2480 solent
2346 2408 2563 2480 libera
2595 2407 2733 2478 sint
2768 2407 3072 2479 omnino.
3117 2409 3205 2480 Ut
3237 2416 3466 2479 autem
3513 2408 3643 2481 hec

827 2532 1046 2625 gratia
1085 2554 1210 2628 per
1245 2553 1371 2604 nos
1407 2531 1577 2626 ipsis
1630 2529 1904 2603 indulta
1940 2529 2245 2603 debitam
2296 2540 2367 2602 et
2417 2538 2817 2626 perpetuam
2870 2530 3048 2601 sicut
3087 2529 3293 2602 debet
3341 2530 3647 2604 obtineat

829 2654 1217 2727 firmitatem
1241 2708 1262 2745 ,
1337 2663 1725 2749 presentem
1795 2663 2053 2726 cartam
2121 2653 2285 2725 inde
2357 2654 2814 2748 conscriptam
2880 2653 2981 2725 eis
3043 2653 3115 2724 in
3183 2653 3649 2725 testimonium

832 2776 1168 2850 duximus
1209 2776 1744 2850 concedendam.
1797 2777 1869 2848 Si
1916 2777 2076 2872 quis
2115 2777 2325 2871 igitur
2358 2776 2808 2849 officiatorum
2855 2785 3242 2850 nostrorum
3290 2787 3646 2850 monaste-

829 2899 1008 2972 rium
1056 2911 1126 2973 et
1159 2911 1574 2973 conventum
1619 2900 1710 2974 de
1750 2900 2157 2974 Schonental
2198 2910 2433 2973 contra
2478 2899 2769 2995 gratiam
2801 2899 3202 2992 hujusmodi
3242 2923 3451 2996 super
3482 2923 3650 2996 pre-

830 3024 1056 3096 missis
1127 3024 1619 3120 presumpserit
1679 3025 2041 3097 molestare
2063 3077 2083 3111 ,
2150 3045 2192 3096 a
2258 3033 2491 3097 nostre
2549 3023 2930 3096 serenitatis
2986 3023 3204 3117 gratia
3263 3025 3531 3098 noverit
3574 3047 3651 3098 se

770 3231 772 3234 .
832 3147 1219 3221 exclusum.

929 3272 1163 3343 Testes
1198 3270 1410 3364 hujus
1449 3271 1550 3344 rei
1598 3280 1762 3343 sunt
1805 3297 1823 3341 ε
1873 3269 2251 3343 Landolfus
2287 3269 2807 3343 Wormatiensis
2843 3270 3140 3361 electus,
3192 3272 3652 3345 Hartmannus

833 3399 1062 3466 comes
1101 3393 1191 3465 de
1227 3394 1576 3487 Quiburg,
1616 3392 2003 3467 Gotefridus
2041 3401 2280 3466 'comes
2308 3391 2400 3464 de
2435 3393 2905 3475 Lewenstein,
2945 3392 3306 3466 Heinricus
3337 3402 3409 3466 et
3440 3392 3653 3467 Gote-

834 3514 1058 3588 fridus
1113 3517 1352 3589 fratres
1388 3517 1478 3591 de
1522 3517 1748 3590 Niffen
1768 3571 1788 3610 ,
1833 3518 2036 3611 Engo
2072 3517 2162 3591 de
2194 3517 2493 3603 Tuvers‚
2547 3515 2968 3588 Wernherus
3022 3516 3334 3588 notarius
3394 3525 3647 3610 noster,

831 3634 1153 3708 Albertus
1184 3636 1276 3709 de
1310 3638 1769 3732 Liebenstein,
1810 3639 2220 3711 Wilhelmus
2251 3638 2342 3711 de
2373 3639 2755 3733 Wimpina‚
2795 3648 2866 3710 et
2901 3639 3019 3711 alii
3050 3641 3516 3736 quamplures.

931 3758 1101 3833 Acta
1150 3770 1312 3832 sunt
1358 3762 1487 3834 hec
1534 3763 1728 3858 apud
1772 3763 2191 3860 Wimpinam
2216 3819 2233 3851 ‚
2295 3783 2481 3834 anno
2530 3763 2749 3856 gratie
2803 3763 3165 3834 millesimo
3206 3762 3335 3834 CC.
3366 3763 3648 3854 XXXV,

834 3882 1047 3955 XVIII
1080 3882 1413 3958 kalendas
1448 3885 1812 3979 februarii,
1855 3886 2230 3960 indictione
2262 3886 2461 3958 vl11·.

905 4187 978 4261 (4)
1013 4188 1130 4246 Hac
1153 4187 1330 4263 prima
1354 4187 1517 4247 simul
1545 4192 1603 4246 et
1625 4188 1785 4247 unica
1808 4189 1924 4247 vice
1948 4188 2016 4247 de
2039 4192 2285 4247 consorte
2309 4204 2410 4248 sua
2435 4204 2533 4247 rex
2565 4187 2825 4247 Henricus
2861 4187 3187 4246 mentionem
3221 4188 3280 4246 in
3312 4189 3541 4263 publicis
3566 4189 3651 4248 in·

836 4284 1150 4342 strumentis
1179 4284 1334 4357 facit,
1379 4300 1546 4359 quam
1571 4290 1754 4343 tamen
1775 4301 1916 4342 anno
1944 4287 2083 4343 4233
2116 4283 2501 4358 repudiandam
2527 4285 2585 4342 in
2606 4284 2786 4342 animo
2812 4283 3080 4342 habuerat
3116 4290 3178 4341 ut
3216 4283 3452 4358 priorem
3485 4301 3646 4360 spon·

837 4396 972 4452 sam,
998 4381 1142 4454 regis
1166 4380 1452 4441 Bohemiae
1473 4397 1744 4453 sororem,
1775 4382 1832 4439 in
1853 4396 2076 4440 uxorem
2105 4387 2425 4439 assumeret.
2462 4381 2543 4440 cf.
2570 4396 2756 4456 supra,
2784 4397 2842 4454 p.
2874 4383 3003 4452 687,
3029 4385 3140 4438 not.
3172 4384 3226 4438 4.
3269 4381 3349 4438 De
3375 4397 3483 4455 quo
3512 4382 3650 4442 haec

838 4477 980 4550 apud
997 4477 1159 4535 Gesta
1182 4480 1389 4537 stevir.
1419 4478 1708 4553 leguntur:
1734 4478 1944 4538 «Vitam
1970 4479 2175 4552 regiam
2201 4494 2310 4536 non
2335 4478 2552 4548 habuit;
2583 4494 2707 4536 nam
2728 4477 3060 4535 incontinens
3085 4476 3184 4533 fuit
3206 4477 3452 4549 multum,
3469 4479 3650 4538 minus

838 4575 1118 4632 attendens
1137 4576 1263 4649 jura
1283 4577 1607 4635 matrimonii
1631 4577 1718 4633 cui
1741 4576 1991 4634 astrictus
2014 4583 2150 4634 erat.
2179 4595 2206 4629 ι
2238 4577 2353 4634 Nec
2380 4576 2570 4633 melius
2610 4576 2681 4633 de
2720 4575 2963 4634 moribus
3004 4576 3216 4633 Henrici
3249 4582 3408 4634 sonat
3438 4579 3646 4636 Hister.

838 4668 1090 4728 Noniani.
1110 4681 1370 4747 πωπω,
1393 4687 1561 4749 quum
1581 4673 1729 4731 dicat
1756 4692 1770 4730 ε
1798 4695 1826 4730 α
1847 4675 1952 4732 Iste
1975 4675 2152 4747 coepit
2168 4673 2320 4748 quasi
2341 4674 2573 4747 degener
2589 4674 2734 4731 luxui
2755 4674 3024 4732 deservire
3038 4716 3053 4745 ,
3081 4673 3297 4732 consilia
3319 4675 3645 4748 prudentum

840 4773 1082 4826 avertere
1096 4812 1111 4840 ,
1137 4775 1243 4827 etc.
1278 4788 1306 4823 n

1036 4894 1145 4957 IV.
1184 4908 1294 4953 Pm
1317 4911 1363 4955 2.
3259 4905 3335 4959 90
