4842 5802
1189 546 1311 610 688
2229 548 2573 609 numme!
2623 548 2954 611 summ}
3630 551 3789 629 [Anu.
3828 553 4002 616 1234.

1189 682 1434 754 tituere
1459 689 1527 753 et
1558 679 1838 753 eosdem
1866 682 2183 776 ampliori
2218 683 2439 777 gratia
2485 684 2873 777 prevenire.
2915 684 3059 756 Hac
3091 682 3438 778 siqnidem
3475 684 3738 757 ratione
3764 695 4006 758 notum

1188 822 1339 874 esse
1372 801 1694 873 volumus
1717 809 1854 872 tam
1887 802 2322 896 presentibus
2351 824 2563 896 quam
2602 803 2851 875 suturis
2875 801 3068 896 qnod
3111 824 3267 874 cum
3302 802 3715 875 universitas
3742 804 4001 876 civium

1186 934 1254 996 et
1279 924 1634 996 bominum
1664 924 1753 997 de
1778 924 2112 999 Erffordia
2139 926 2429 998 exclusa
2464 925 2708 999 suisset
2734 948 2777 998 a
2804 926 3021 1020 gratia
3057 935 3286 998 nostra
3312 935 3382 998 et
3417 948 3540 1021 pro
3573 927 4004 1021 querimonia

1191 1047 1423 1120 dilecti
1481 1048 1812 1143 principis
1866 1049 2079 1121 nostri
2128 1048 2362 1122 Sifridi
2418 1048 2834 1122 venerabilis
2885 1049 3376 1143 archiepiscopi
3405 1049 3790 1143 Moguntini
3835 1071 3999 1145 pro-

1185 1171 1576 1266 scriptionis
1601 1181 1835 1243 nostre
1868 1172 2149 1246 vinculo
2178 1172 2507 1246 innodata
2529 1174 2590 1268 (l
2606 1172 2661 1270 ),
2677 1182 2745 1246 et
2780 1195 2875 1246 ex
2894 1174 3027 1246 hoc
3047 1172 3450 1246 viderentur
3473 1173 3813 1247 debilitari
3835 1176 3998 1268 jura

1180 1304 1250 1367 et
1298 1295 1663 1389 privilegia
1699 1295 1995 1367 civitatis
2031 1296 2288 1391 ipsius,
2329 1298 2674 1370 reformati
2722 1299 2941 1390 gratie
2982 1307 3211 1370 nostre
3261 1307 3330 1370 et
3377 1320 3420 1370 a
3479 1297 3998 1393 proscriptionis

1184 1419 1496 1509 ejusdem
1552 1419 1891 1491 sententia
1940 1420 2271 1509 absoluti,
2324 1422 2798 1515 supplicarunt
2848 1421 3050 1493 nobis
3099 1421 3455 1494 humiliter
3504 1432 3574 1494 et
3624 1421 3873 1494 devote
3920 1431 3998 1494 ut

1173 1542 1448 1634 juribus
1477 1542 1762 1637 suisque
1788 1544 2076 1636 justitiis
2102 1566 2275 1637 quas
2303 1566 2346 1617 a
2379 1544 2928 1639 progenitoribus
2956 1544 3206 1617 nostris
3248 1544 3434 1618 divis
3468 1545 3995 1640 imperatoribus

1178 1676 1248 1738 et
1273 1667 1554 1759 regibus
1579 1688 1618 1737 a
1646 1667 1997 1739 retroactis
2020 1669 2442 1762 temporibus
2468 1669 2894 1759 habuerunt,
2930 1669 3118 1741 cives
3148 1677 3217 1739 et
3243 1668 3558 1741 homines
3587 1668 3772 1763 ipsos
3807 1678 3877 1740 et
3901 1669 3995 1740 ci·

1176 1791 1459 1862 vitatem
1484 1790 1504 1860 i
1510 1811 1789 1885 psorum
1815 1792 1904 1864 de
1932 1802 2159 1865 nostre
2191 1794 2567 1885 maJ'estatis
2594 1794 2812 1888 gratia
2843 1794 3225 1865 faceremus
3249 1792 3580 1884 gaudere.
3613 1793 3751 1865 Nos
3781 1793 3993 1887 igitur

1178 1914 1481 2009 ipsorum
1518 1914 2136 2009 supplicationibus
2159 1917 2504 2005 inclinati,
2538 1918 2768 1990 omnia
2791 1918 2976 2009 jura,
2999 1917 3325 2009 justitias,
3366 1916 3709 1988 libertates
3735 1916 3990 2010 pariter

1174 2049 1244 2110 et
1279 2038 1573 2110 bonores
1600 2037 1859 2131 quibus
1888 2039 2223 2111 hactenus
2259 2049 2423 2112 sunt
2459 2037 2683 2134 gavisi
2720 2063 2812 2113 ex
2850 2041 3208 2135 largitione
3237 2041 3346 2113 vel
3384 2039 3822 2112 concessione
3859 2039 3987 2111 im-

1168 2171 1554 2258 peratorum
1592 2182 1715 2233 sen
1746 2181 2019 2254 regum,
2041 2162 2210 2257 ipsis
2234 2163 2509 2236 civibus
2543 2163 2956 2235 innovamus
2985 2172 3054 2235 et
3077 2162 3486 2235 authoritate
3515 2162 3703 2256 regia
3738 2159 3985 2234 confir-

1167 2307 1465 2376 mamus,
1507 2286 1646 2356 imo
1672 2284 1874 2356 etiam
1904 2294 2244 2378 qnantum
2270 2297 2495 2381 potest
2514 2308 2666 2359 esse
2696 2286 3119 2359 intendimus
3151 2288 3536 2381 adaugere,
3576 2285 3982 2360 mandantes

1157 2418 1225 2482 et
1253 2408 1387 2481 sub
1423 2407 1705 2480 obtentu
1739 2406 1958 2500 gratie
1994 2406 2629 2485 nostredistrictius
2662 2407 3052 2479 inhibentes
3069 2428 3157 2480 ne
3175 2407 3335 2502 quis
3363 2407 3435 2479 in
3464 2417 3814 2502 posterum
3847 2427 3982 2479 oc-

1161 2534 1434 2604 casione
1469 2531 1989 2626 proscriptionis
2026 2530 2332 2625 predicte
2367 2531 2557 2627 ipsos
2596 2532 2707 2605 vel
2752 2531 3097 2604 civitatem
3133 2531 3441 2625 ipsorum
3486 2532 3814 2626 impetere
3862 2530 3977 2604 vel

1158 2678 1451 2751 gravare
1492 2666 1866 2750 presumat.
1903 2656 1974 2726 Si
2010 2655 2169 2751 quis
2211 2665 2444 2728 autem
2486 2656 2619 2728 hoc
2645 2664 3047 2749 attemptare
3091 2654 3612 2749 presumpserit,
3655 2655 3978 2747 indigna-

1159 2782 1409 2854 tionem
1456 2789 1758 2852 nostram
1804 2801 1882 2852 se
1935 2779 2206 2851 noverit
2252 2779 2721 2851 incursurum.
2773 2779 2862 2851 Ut
2900 2778 3111 2871 igitur
3149 2777 3280 2850 hec
3328 2777 3545 2871 gratia
3588 2778 3759 2873 ipsis
3797 2779 3975 2850 facta

1159 2906 1460 2979 debitam
1491 2915 1561 2978 et
1590 2913 1992 3000 perpetuam
2017 2904 2321 2977 obtineat
2355 2904 2781 2997 firmitatem,
2824 2913 3208 2999 presentem
3238 2903 3559 2997 paginam
3603 2899 3770 2975 inde
3807 2922 3975 2974 con-

1159 3031 1483 3122 scriptam
1508 3029 1715 3122 sigilli
1751 3028 1960 3100 nostri
2000 3028 2421 3123 appensione
2459 3028 2748 3098 fecimus
2782 3025 3214 3098 communiri.

1257 3156 1487 3225 Testes
1532 3152 1743 3243 hujus
1792 3151 1891 3225 rei
1927 3161 2088 3223 sunt
2122 3177 2140 3221 :
2170 3150 2633 3224 Theodericus
2662 3149 3121 3241 Trevirensis,
3162 3148 3495 3221 Henricus
3553 3147 3972 3221 Coloniensis

1156 3277 1679 3372 archiepiscopi,
1723 3276 2057 3348 Henricus
2086 3275 2234 3347 dux
2261 3274 2351 3348 de
2386 3275 2736 3368 Limborg,
2758 3274 3094 3346 Henricus
3119 3293 3349 3346 comes
3374 3271 3717 3363 Senensis,
3749 3271 3973 3365 Egino

1152 3423 1379 3475 comes
1409 3399 1500 3473 de
1541 3401 1836 3491 Friburg
1857 3454 1876 3488 ,
1917 3399 2253 3472 Henricus
2297 3399 2386 3472 de
2431 3397 2733 3493 Niphen,
2790 3397 3232 3471 Eberhardus
3276 3404 3346 3470 et
3390 3397 3545 3468 Otto
3599 3397 3843 3469 fratres
3879 3394 3969 3468 de

1154 3525 1544 3617 Eberstein,
1583 3523 1907 3598 Gerlacus
1944 3521 2034 3594 de
2063 3523 2443 3615 Butingen,
2478 3521 2862 3593 Fridericus
2893 3519 2982 3592 de
3016 3518 3544 3611 Richensceide,
3593 3519 3968 3592 Wernerus

1155 3650 1245 3723 de
1276 3647 1662 3721 Bonlandia
1687 3645 2055 3741 imperialis
2082 3646 2240 3717 aule
2264 3645 2556 3739 dapifer,
2585 3643 2856 3718 Ulricus
2872 3643 2962 3716 de
2985 3642 3449 3738 Mintzenberg
3475 3642 3788 3734 ejusdem
3811 3641 3968 3715 aule

1152 3774 1604 3862 camerarius,
1643 3770 2036 3844 Gerhardns
2067 3770 2159 3843 de
2195 3768 2590 3862 Sintzeche,
2641 3770 2987 3843 Iohannes
3016 3767 3106 3842 de
3140 3768 3484 3860 Gimenik,
3525 3766 3966 3841 Eberhardus

1151 3897 1240 3969 de
1271 3898 1536 3986 Monte,
1576 3905 1643 3968 et
1673 3895 1790 3969 alii
1825 3895 2295 3990 quamplures.

1244 4021 1494 4092 Actum
1531 4018 1720 4113 apud
1756 4017 2202 4112 Bopardiam,
2240 4038 2423 4088 anno
2469 4016 2685 4110 gratie
2711 4017 3077 4090 millesimo
3112 4015 3581 4090 ducentesimo
3621 4013 3962 4085 tricesimo

1149 4155 1434 4237 quarto,
1480 4141 1679 4214 tertio
1707 4141 1869 4214 idus
1905 4139 2346 4235 septembris,
2389 4138 2765 4211 indictione
2788 4140 3102 4235 septima.

1216 4472 1287 4547 (⁴)
1326 4472 1448 4532 vid.
1476 4486 1657 4546 supra,
1683 4488 1740 4544 p.
1773 4472 1906 4542 662,
1933 4476 2047 4527 not.
2083 4473 2132 4527 l.
2158 4470 2344 4527 Mense
2360 4469 2518 4542 julio,
2550 4484 2658 4526 non
2686 4473 2966 4542 expectata
2982 4467 3314 4526 absolutione
3335 4483 3501 4541 quam
3526 4466 3962 4541 archiepiscopus

1141 4570 1244 4627 boc
1271 4575 1499 4626 exeunte
1527 4584 1712 4626 mense
1738 4567 2169 4626 Errordiensibus
2196 4567 2486 4637 concessit,
2516 4567 2805 4640 imperator
2828 4565 3238 4624 consuetudines
3273 4571 3329 4624 et
3352 4565 3572 4640 antiqua
3598 4566 3722 4639 jura
3755 4563 3958 4623 eisdem

1137 4665 1562 4724 confirmaverat.
1589 4666 1667 4726 Ct'.
1693 4683 1876 4742 supra,
1900 4685 1958 4741 p.
1987 4670 2110 4725 478.
