4842 5802
755 2456 884 2513 Apud

678 2512 732 2609 ⁸⁵1
752 2538 957 2609 octobri-⁹.

1051 620 1173 683 '190
2049 614 2480 677 manumet
2536 614 2889 679 sssctmm
3498 619 3661 699 [An.
3698 622 3874 686 1235.

1049 762 1358 828 nostrum
1395 750 1469 824 in
1506 750 1892 847 principem
1934 751 2429 841 creaverimuS‚
2464 751 2923 826 concedentes
2954 751 3021 826 ei
3049 749 3142 825 de
3171 753 3393 846 gratia
3426 756 3710 851 speciali
3746 759 3882 833 du-

1047 886 1278 951 catum
1309 874 1402 950 de
1435 874 1803 948 Brunswic
1850 895 2011 948 cum
2056 876 2382 949 omnibns
2417 876 2705 969 justitiis
2742 886 2812 951 et
2861 876 3247 950 rationibus
3283 879 3739 953 attinentibus
3780 883 3878 957 ad

1051 1000 1437 1076 dominium
1494 998 1791 1073 civitatis
1839 999 2062 1094 ipsius
2115 999 2204 1073 de
2251 1000 2643 1075 Brunswic.
2703 1001 2934 1087 Quare
2990 999 3302 1075 fidelitati
3361 1013 3595 1079 vestre
3643 1006 3881 1101 preci-

1049 1123 1307 1221 piendo
1338 1122 1751 1197 mandamus
1780 1131 2122 1218 quatenus
2159 1122 2383 1196 eidem
2425 1122 2589 1197 duci
2622 1124 2873 1199 dilecto
2910 1125 3205 1221 principi
3237 1134 3470 1201 nostro
3509 1128 3879 1204 attendatis

1055 1256 1125 1321 et
1189 1246 1532 1321 obediatis
1582 1244 1679 1319 de
1725 1255 1955 1319 cetero
2015 1253 2346 1341 tanquam
2401 1246 2688 1323 domino
2743 1256 3010 1340 vestro,
3067 1248 3203 1321 sibi
3270 1247 3617 1325 fidelitatis
3676 1255 3882 1347 jura-

1054 1379 1366 1444 mentum
1402 1368 1791 1443 secundum
1837 1369 2409 1443 consuetudinem
2446 1371 2720 1467 imperii
2749 1372 3162 1446 exhibentes
3185 1381 3269 1445 ut
3302 1394 3398 1446 ex
3434 1373 3764 1450 fidelitate
3805 1388 3881 1451 et

1058 1493 1429 1570 devotione
1461 1515 1675 1588 qnam
1719 1515 1889 1588 erga
1924 1515 2086 1568 eum
2121 1492 2466 1572 habebitis
2498 1493 2588 1568 de
2620 1503 2884 1586 cetero,
2925 1495 3173 1570 melius
3206 1498 3678 1573 commendari
3708 1521 3883 1597 pos-

1058 1618 1248 1711 sitis,
1289 1627 1362 1692 et
1408 1625 1551 1690 tam
1598 1618 1828 1712 ipsum
1866 1616 2112 1691 ducem
2148 1640 2363 1713 quam
2409 1619 2894 1694 excellentiam
2941 1628 3246 1695 nostram
3297 1620 3393 1696 ad
3437 1632 3635 1719 grata
3676 1624 3884 1699 vobis

1057 1742 1320 1838 premia
1345 1741 1760 1816 conferenda
1793 1763 1920 1837 pro
1946 1743 2209 1816 meritis
2240 1743 2608 1818 inducatis.

1153 1867 1402 1940 Datum
1428 1864 1771 1960 Auguste,
1812 1868 2056 1941 ultimo
2089 1868 2414 1959 octobris,
2451 1866 2832 1944 indictione
2864 1890 3073 1944 nona.

1166 2441 1594 2527 Fridericus
1609 2504 1634 2550 ,
1672 2441 2197 2527 Romanorum
2233 2440 2678 2552 imperator,
2725 2442 3099 2528 universis
3141 2441 3434 2528 civibus
3470 2442 3569 2526 de
3603 2441 3888 2529 Staden

1063 2577 1383 2659 mandat
1417 2585 1503 2658 ut
1541 2574 1802 2660 Ottoni
1838 2574 1935 2656 de
1967 2572 2421 2682 Luneburg‚
2462 2599 2694 2682 quem
2731 2574 2810 2655 in
2847 2574 3266 2684 principem
3301 2600 3529 2659 suum
3565 2575 3884 2682 creavit,

1060 2707 1465 2792 restituant
1499 2731 1591 2787 ea
1631 2730 1830 2813 quae
1869 2712 2128 2786 tenent
2171 2703 2268 2787 de
2320 2703 2784 2787 haereditate
2834 2705 3255 2812 pertinente
3308 2707 3410 2789 ad
3460 2707 3891 2791 dominium

1062 2840 1159 2925 de
1192 2836 1667 2946 Brunswick,
1710 2861 1947 2947 quam
1983 2834 2232 2918 eidem
2266 2835 2586 2919 contulit
2619 2836 2699 2918 in
2736 2836 3083 2920 feudum.

1228 3056 1501 3133 (Edtder.
1542 3056 1805 3129 snum,
1861 3051 2024 3135 Θήρ.
2067 3049 2296 3132 θυιζῇ,
2337 3058 2387 3114 t.
2430 3050 2540 3128 IV,
2579 3070 2636 3134 p.
2692 3060 2831 3118 168.
2874 3082 2956 3100 -
2986 3050 3255 3128 Puta,
3301 3050 3450 3116 Uber
3480 3052 3729 3118 Bremen
3763 3053 3896 3118 und

1318 3158 1574 3240 ilerden,
1602 3166 1653 3225 t.
1690 3160 1812 3240 vl,
1840 3177 1904 3241 p.
1938 3168 2078 3226 ¹16.
2108 3190 2190 3205 -
2223 3159 2601 3236 sentiarum,
2632 3159 2786 3224 Hire.
2812 3158 2962 3223 Zur.
2993 3155 3186 3240 Bam,
3213 3158 3350 3224 cod.
3383 3159 3656 3241 diplom„
3691 3166 3742 3225 t.
3784 3161 3887 3235 lv,

1298 3285 1365 3352 p.
1403 3271 1564 3342 199.)

1159 3454 1581 3546 Fridericus,
1619 3452 1748 3529 Dei
1786 3451 2007 3547 gratia
2049 3451 2511 3526 Romanorum
2544 3451 2912 3548 imperator
2957 3471 3232 3547 semper
3268 3461 3645 3548 augustus,
3690 3454 3893 3528 Jeru-

1063 3581 1275 3653 salem
1312 3588 1381 3652 et
1432 3576 1662 3650 Sic-ilie
1699 3597 1861 3672 rex,
1901 3575 2242 3648 universis
2281 3574 2554 3647 civibus
2604 3573 2695 3648 de
2748 3575 3006 3649 Staden
3049 3573 3374 3649 fidelibus
3418 3575 3567 3649 suis
3601 3578 3894 3675 gratiam

1065 3727 1263 3778 suam
1300 3712 1369 3777 et
1416 3723 1624 3776 omne
1669 3701 1956 3775 bonum.
1993 3698 2276 3772 Dudum
2319 3699 2391 3770 in
2438 3698 2727 3797 collegio
2771 3699 2965 3773 curie
2988 3699 3563 3794 Moguntinensis,
3604 3698 3698 3774 de
3733 3723 3893 3775 con-

1066 3828 1218 3901 silio
1248 3825 1639 3922 principum
1672 3833 2090 3915 nostrorum,
2110 3821 2470 3896 Oddonem
2504 3821 2595 3896 de
2625 3821 3033 3897 Luneborch
3068 3822 3142 3895 in
3171 3823 3552 3919 principem
3579 3832 3894 3897 nostrum

1065 3951 1483 4041 creavimus,
1524 3948 1658 4022 sibi
1684 3948 2114 4023 conferentes
2150 3947 2222 4019 in
2255 3945 2544 4022 feudum
2573 3944 3027 4023 hereditatem
3063 3946 3516 4043 pertinentem
3544 3946 3640 4022 ad
3668 3947 3897 4022 domi-

1068 4077 1268 4152 nium
1339 4074 1430 4148 de
1484 4072 1885 4161 Brunswic‚
1932 4093 2143 4166 quam
2192 4091 2236 4145 a
2286 4070 2559 4145 dilectis
2599 4069 3030 4167 principibus
3078 4074 3329 4148 nostris
3375 4068 3672 4147 Oddone
3711 4069 3899 4145 duce

1072 4200 1364 4276 Bavarie
1394 4206 1465 4271 et
1497 4195 1894 4270 marchione
1926 4195 2016 4268 de
2039 4192 2278 4267 Baden
2308 4194 2476 4267 olim
2510 4215 2936 4288 emeramus,
2963 4194 3244 4268 nomine
3275 4215 3576 4268 uxorum
3610 4214 3898 4266 suarum

1070 4325 1525 4421 pertinentem
1578 4318 1679 4417 (a)
1729 4317 1825 4393 ad
1880 4317 2184 4393 eosdem.
2252 4318 2511 4391 Verum
2564 4339 2727 4392 cum
2785 4316 3090 4413 quedam
3161 4316 3253 4391 de
3313 4315 3692 4393 hereditate
3743 4316 3900 4413 ipsa

1070 4459 1302 4524 tenere
1351 4444 1680 4522 dicamini
1732 4451 1969 4518 contra
2014 4441 2447 4516 collationem
2477 4441 2614 4538 ipsi
2656 4442 2950 4539 principi
2986 4449 3221 4515 nostro
3265 4441 3542 4532 factam,
3582 4438 3901 4515 fidelitati

1070 4576 1297 4642 vestre
1335 4563 1777 4662 precipiendo
1805 4562 2217 4638 mandamus
2253 4571 2598 4659 quatenus
2626 4581 2710 4636 ea
2743 4583 2885 4660 que
2916 4558 3005 4635 de
3037 4559 3415 4637 hereditate
3442 4560 3594 4660 ipsa
3621 4560 3896 4651 tenetis,

1155 4742 1239 4823 (a)
1274 4742 1390 4820 Ap.
1418 4739 1748 4820 schoepflin
1776 4740 2158 4822 pminmia,
2187 4741 2386 4803 minus
2410 4745 2592 4803 reete.
