4842 5802
864 666 1058 728 lnmcr.
1088 664 1181 743 6.]
1756 652 2154 718 HISTORIA
2205 655 2793 725 DIPLOMATICA.
3567 661 3690 725 619

865 808 1074 872 neant
1107 808 1180 872 et
1209 794 1305 871 ad
1337 800 1605 868 nostuos
1635 811 2068 865 successores
2098 793 2507 887 perveniant
2537 795 2836 886 illibata,
2881 796 3233 870 literarum
3265 794 3539 869 indiciis
3577 795 3687 868 fe-

867 923 1090 996 cimus
1116 918 1411 997 eternari
1434 938 1523 993 ea
1543 918 1682 1010 que
1709 915 2128 990 conferimus
2148 924 2425 1012 propter
2444 918 2689 991 Deum.
2732 922 2991 994 Tenore
3028 920 3239 1015 igitur
3269 919 3688 1015 presentium

866 1057 1007 1121 tam
1024 1044 1379 1127 modernis
1403 1062 1617 1137 quam
1651 1040 1902 1113 futuris
1924 1039 2307 1115 innotescat
2336 1041 2530 1136 quod
2550 1064 2675 1115 nos
2706 1044 3029 1117 fratribus
3053 1043 3408 1138 hospitalis
3438 1044 3686 1117 Sancte

867 1170 1081 1245 Marie
1112 1168 1364 1242 domus
1400 1165 1776 1253 Teutonico
1816 1165 1893 1251 in
1945 1164 2406 1243 Frainkinfort
2450 1168 2866 1248 contulimus
2909 1168 3000 1241 de
3042 1168 3446 1241 liberalitate
3495 1167 3688 1263 regia

867 1293 1156 1367 rubeam
1193 1289 1522 1387 paludem
1557 1288 1648 1361 de
1680 1288 2207 1384 Wrowinvegin
2241 1311 2467 1384 usque
2496 1289 2589 1364 ad
2621 1291 2933 1364 villulam
2977 1314 3118 1387 que
3147 1299 3436 1365 vocatur
3460 1288 3688 1364 Rodin

872 1416 1318 1509 attingentem
1340 1469 1360 1504 ,
1410 1423 1490 1487 ut
1541 1412 1762 1507 ipsam
1815 1411 2142 1507 paludem
2191 1413 2265 1484 in
2318 1435 2500 1513 usus„
2523 1436 2687 1493 suos
2736 1413 3052 1510 redigant
3087 1424 3156 1488 et
3191 1423 3595 1491 convertant
3621 1422 3693 1489 et

871 1538 1272 1634 possideant
1301 1537 1507 1634 pleno
1528 1540 1714 1631 jure.
1758 1535 1867 1607 Ad
1903 1536 2114 1629 hujus
2155 1537 2390 1631 itaque
2434 1538 2809 1613 collationis
2837 1539 3257 1629 evidentiam
3300 1547 3374 1627 et,
3400 1540 3690 1612 certitu-

874 1664 1138 1749 dinem,
1180 1670 1567 1757 presentem
1600 1660 1870 1732 literam
1899 1659 2106 1753 sigilli
2143 1661 2357 1733 nostri
2383 1662 2769 1735 munimine
2790 1663 3078 1735 fecimus
3102 1662 3542 1763 communiri.

966 1789 1195 1861 Testes
1233 1793 1395 1857 sunt
1442 1783 1542 1855 hii
1577 1811 1594 1854 ε
1630 1783 2088 1856 Theodericus
2135 1782 2549 1857 venerabilis
2599 1787 3034 1859 Treverensis
3083 1786 3642 1882 archiepiscopus
3661 1839 3681 1876 ‚

877 1910 1196 1983 Gerlacus
1224 1908 1314 1981 de
1339 1907 1733 2001 Buttingin‚
1777 1907 2136 1979 Cunradus
2163 1907 2490 2002 pincerna
2513 1908 2604 1981 de
2630 1909 3072 2003 Clinginburc
3095 1964 3114 2000 ‚
3154 1910 3399 1983 DIetho
3427 1909 3518 1984 de
3553 1911 3685 1983 Ra-

874 2033 1239 2124 vinsburc,
1270 2038 1338 2104 et
1367 2032 1483 2104 alii
1514 2031 1982 2127 quamplures

970 2156 1222 2228 Actum
1250 2152 1440 2250 apud
1470 2154 1963 2243 Frainkinl'ort,
2017 2173 2201 2226 anno
2229 2151 2321 2224 ah
2348 2153 2814 2226 incarnatione
2852 2154 3126 2227 Domini
3157 2154 3519 2228 millesimo
3554 2156 3687 2229 du·

881 2280 1245 2354 centesimo
1282 2278 1625 2351 tricesimo
1647 2277 1881 2369 terti0,
1922 2275 2166 2371 quinto
2200 2275 2533 2349 kalendas
2557 2277 2867 2371 augusti,
2913 2277 3289 2350 indictione
3316 2288 3536 2352 sexta.

1342 2584 3232 2599 *ww

984 2854 1245 2965 [Apud
1280 2853 1783 2965 Moguntiam]
1822 2853 2133 2938 collecta
2169 2853 2444 2938 militia
2495 2880 2630 2938 rex
2682 2863 2949 2939 contra
2987 2855 3275 2939 'ducem
3318 2855 3705 2943 Bawariae
3741 2883 4106 2993 [11233321112.

880 2987 1402 3096 proficiscitur.
1446 2987 1534 3071 In
1572 2988 1862 3098 campis
1898 2989 2159 3098 itaque
2191 2988 2348 3073 Lici
2385 3014 2604 3073 secus
2640 2989 3072 3098 Augustam
3106 2989 3264 3074 fere
3301 3016 3433 3074 sex
3466 2991 3709 3075 millia
4003 2969 4015 2981 ⁹

881 3121 1212 3203 militum
1246 3121 1327 3201 in
1364 3120 1695 3203 exercitu
1731 3120 1943 3230 regio
1989 3129 2169 3203 sunt
2220 3121 2553 3204 inventa.
2597 3121 2782 3204 Inde
2824 3121 3205 3230 profectus
3249 3121 3460 3206 brevi
3502 3133 3708 3208 tem-

877 3279 1061 3361 pore
1121 3253 1548 3339 Bawariam
1586 3253 1951 3364 subjugat
1993 3263 2069 3337 et
2112 3255 2385 3338 ducem
2432 3254 2513 3335 in
2550 3255 3010 3337 deditionem
3046 3256 3334 3364 recipit.
3382 3257 3699 3340 Gonssra.

885 3386 1147 3468 Conon.
1192 3413 1316 3494 ap.
1358 3385 1743 3494 Boanum,
1781 3394 2081 3486 Fontes,
2136 3395 2197 3469 t.
2246 3387 2352 3497 Π,
2398 3415 2480 3498 p.
2533 3391 2718 3472 566.
2751 3434 2861 3449 —
2897 3388 3076 3472 Otto
3111 3388 3270 3469 dux
3316 3388 3705 3474 Bawariae

886 3517 1177 3598 curiam
1238 3518 1772 3603 celebrandam
1817 3520 2273 3629 Ratisponae
2324 3519 2644 3624 indixit,
2705 3545 2942 3629 quam
2975 3529 3283 3629 propter
3327 3519 3703 3631 indigna-

883 3647 1171 3729 tionem
1230 3651 1430 3760 regis
1486 3651 1814 3735 Heinrici
1851 3662 1927 3735 et
1970 3652 2299 3735 aliorum
2343 3652 2859 3761 quorumdam
2894 3651 3326 3761 principum
3364 3652 3510 3734 sibi
3545 3678 3702 3737 non

885 3778 1301 3862 faventium
1324 3841 1348 3889 ,
1399 3784 1603 3892 apud
1646 3783 2042 3867 Landshut
2094 3783 2526 3866 celebravit.
2587 3782 2738 3865 Sed
2798 3785 3288 3892 postmodum
3340 3811 3476 3868 rex
3527 3811 3707 3870 cum

884 3910 1146 3994 multis
1195 3913 1667 4025 principibus
1725 3926 1801 3999 et
1860 3942 2145 4028 magno
2213 3916 2542 4000 exercitu
2596 3915 3021 4003 Bawariam
3069 3916 3378 4002 intravit
3430 3921 3707 4005 ducem

883 4046 1404 4133 destructurus
1425 4111 1450 4153 ‚
1502 4052 1637 4134 sed
1700 4053 2080 4137 mediante
2134 4054 2695 4164 archiepiscopo
2750 4053 3285 4166 Salzpurgensi
3301 4117 3325 4164 ,
3373 4058 3455 4139 in
3500 4085 3700 4170 gra-

883 4176 1078 4260 ciam
1113 4206 1293 4263 eum
1336 4182 1654 4291 recepit,
1695 4195 1771 4267 et
1804 4185 2051 4267 filium
2095 4186 2261 4295 ejus
2304 4187 2713 4296 puerulum
2755 4188 2836 4269 in
2872 4187 3218 4272 obsidem
3251 4191 3415 4299 regi
3458 4192 3694 4276 dedit.

881 4308 977 4393 Et
1009 4313 1321 4397 tandem
1353 4313 1648 4398 curiam
1685 4316 2154 4427 solempnem
2194 4319 2655 4429 Ratisponae
2705 4322 2864 4404 dux
2908 4321 3352 4433 celebravit,
3394 4325 3517 4408 cui
3555 4351 3700 4408 ar-

885 4440 1404 4554 chiepiscopus
1459 4446 2034 4558 Salzburgensis
2086 4461 2162 4534 et
2204 4477 2471 4535 omnes
2514 4454 2844 4564 episcopi
2888 4454 3274 4541 Bawariae
3317 4456 3699 4543 interfue-
3843 4477 3844 4480 ‘

884 4583 1089 4656 runt.
1140 4577 1526 4662 ΗΕΒΜΑΝΝ.
1584 4580 1867 4664 Ama.
1928 4609 2054 4693 ap.
2104 4584 2496 4691 Boanum,
2545 4586 2784 4693 mid„
2825 4613 2905 4696 p.
2957 4589 3144 4670 505.
3176 4635 3286 4650 —-
3318 4589 3476 4673 Rex
3520 4618 3700 4678 vero

888 4705 1195 4792 collecto
1268 4712 1596 4797 exercitu
1660 4716 1895 4800 movit
1954 4718 2509 4826 expeditionem
2564 4720 2927 4803 adversus
2980 4721 3256 4804 ducem
3316 4723 3703 4812 Bawariae
