4842 5802
878 692 1081 754 lxnrcr.
1111 691 1203 772 9.]
1789 692 2201 756 HISTORIA
2233 695 2820 759 nlrhouA‘rch.
3577 698 3696 762 835

880 826 1424 899 matisconensis.
1449 867 1548 882 —
1572 827 1861 921 Signum
1890 829 2152 902 domini
2182 830 2508 904 Friderici
2537 830 2997 904 Romanorum
3024 831 3206 926 regis
3230 831 3686 907 invictissimi.

880 990 977 1003 —
1011 951 1159 1045 Ego
1193 950 1541 1026 Arnoldus
1577 952 2028 1025 cancellarius
2062 956 2458 1049 recognovi.
2500 995 2586 1009 —
2630 957 2800 1027 Data
2835 955 3168 1045 Bisuntie,
3210 956 3334 1030 XV
3364 956 3698 1032 kalendas

880 1075 1134 1159 martii,
1174 1096 1359 1148 anno
1394 1075 1738 1149 dominice
1775 1076 2259 1152 incarnationis
2291 1079 2579 1170 MCLIII,
2615 1078 2986 1153 indictione
3013 1081 3164 1170 XV,
3204 1090 3533 1177 regnante
3565 1080 3691 1156 do-

881 1197 1067 1270 mino
1101 1197 1448 1273 Friderico
1482 1201 1941 1274 Romanorum
1977 1223 2140 1296 rege
2178 1204 2515 1295 glorioso,
2555 1224 2738 1276 anno
2775 1225 2942 1277 vero
2973 1205 3166 1299 regni
3202 1206 3353 1298 ejus
3386 1206 3633 1301 primo.

981 1372 3437 1403 ...............................
3490 1330 3577 1403 Et
3612 1340 3691 1402 ut

878 1443 1008 1516 hec
1039 1445 1392 1518 innovatio
1434 1445 1645 1518 robur
1681 1445 2018 1522 firmitatis
2054 1450 2358 1524 obtineat
2389 1452 2463 1524 in
2495 1462 2901 1548 perpetuum
2934 1453 3309 1526 valiturum
3331 1507 3352 1545 ,
3407 1475 3689 1549 presens

879 1565 1320 1661 privilegium
1366 1567 1511 1641 fieri
1558 1579 1629 1642 et
1678 1570 1866 1643 bulla
1901 1593 2110 1645 aurea
2147 1574 2416 1671 typario
2464 1567 2694 1649 nostre
2731 1577 3107 1668 maiestatis
3155 1577 3487 1674 impressa
3528 1580 3689 1670 J'us·

878 1689 1097 1763 simus
1135 1691 1474 1786 insigniri.

977 1816 1200 1907 Hujus
1248 1817 1350 1890 rei
1401 1827 1606 1891 testes
1653 1829 1869 1892 sunt:
1914 1820 2210 1894 Sifridus
2258 1823 2705 1916 Maguntinus
2754 1826 3343 1922 archiepiscopus,
3399 1825 3694 1902 Sitridus

879 1939 1395 2035 Ratisponensis
1438 1942 1803 2038 episcopus
1865 1945 2233 2041 imperialis
2288 1949 2446 2021 aule
2501 1951 2980 2040 cancellarius,
3033 1951 3437 2046 Ruedgerus
3492 1954 3693 2027 Pata·

881 2063 1139 2136 viensis
1190 2064 1592 2159 episcopus,
1645 2066 2002 2141 Conradus
2041 2070 2381 2164 Spirensis
2438 2074 2805 2169 episcopus
2824 2126 2845 2165 ,
2885 2075 3321 2147 Hermaunus
3370 2076 3696 2169 magister

883 2185 1139 2259 domus
1195 2189 1721 2263 Teutonicorum
1769 2192 1843 2263 in
1886 2194 2257 2267 Jerusalem
2276 2249 2295 2285 ‚
2342 2197 2566 2292 Raspo
2618 2197 3069 2293 landgravius
3111 2199 3468 2293 Turingie‚
3514 2200 3694 2273 Her-

882 2331 1176 2385 mannus
1206 2313 1636 2406 margravius
1671 2313 1759 2387 de
1789 2317 2057 2408 Badeu,
2096 2317 2503 2392 Chouradus
2538 2321 2953 2416 burgravius
2979 2321 3070 2395 de
3098 2323 3589 2397 Nurembercb.

980 2431 1270 2526 Signum
1308 2434 1573 2508 domini
1606 2435 1933 2510 Friderici
1964 2441 2281 2532 secundi,
2324 2443 2451 2515 Dei
2488 2445 2707 2535 gratia
2751 2447 3211 2519 Romanorum
3263 2446 3693 2542 imperatoris

878 2576 1152 2650 semper
1181 2559 1494 2651 augusti,
1534 2561 1569 2632 J
1574 2559 1957 2634 herusalem
1988 2571 2056 2635 et
2081 2564 2312 2639 Sicilie
2340 2568 2525 2662 regis
2555 2570 3050 2663 gloriosissimi.

976 2677 1126 2772 Ego
1160 2679 1456 2753 Sifridus
1485 2683 1996 2779 Ratisponensis
2024 2687 2392 2783 episcopus
2421 2690 2795 2786 imperialis
2835 2695 2993 2768 aule
3026 2694 3501 2783 cancellarius,
3538 2696 3693 2768 vice

878 2801 1142 2875 domini
1172 2806 1559 2898 Magantini
1594 2807 1667 2878 in
1704 2807 2069 2883 Germania
2094 2812 2710 2906 archicancellarii,
2751 2819 3147 2913 recognovi.

975 2926 1149 3001 Acta
1212 2940 1375 3001 sunt
1432 2932 1560 3004 bec
1623 2955 1807 3007 anno
1862 2934 2207 3011 dominice
2265 2941 2754 3014 incarnationis
2803 2943 2898 3015 Μ.
2928 2943 3053 3017 CC.
3080 2944 3402 3036 XXXVI,
3461 2966 3695 3019 mense

880 3051 1147 3145 apriliS,
1201 3053 1582 3129 indictione
1615 3058 1740 3148 IX,
1783 3060 2165 3168 imperante
2218 3062 2501 3138 domiuo
2544 3076 2776 3140 nostro
2810 3067 3154 3143 Friderioo
3190 3071 3285 3161 11,
3338 3092 3522 3144 anno
3561 3071 3694 3143 im·

884 3173 1058 3268 perii
1091 3177 1242 3267 ejus
1278 3178 1487 3270 XVII,
1530 3181 1727 3274 regni
1756 3183 2129 3257 Jerusalem
2156 3187 2275 3277 XI,
2307 3189 2500 3283 regni
2541 3210 2708 3263 vero
2740 3190 2972 3264 Sicilie
3007 3192 3348 3285 XXXVII,
3381 3194 3690 3269 feliciter.

877 3295 1121 3369 Amen.

975 3421 1225 3493 Datum
1261 3424 1451 3518 apud
1485 3426 1771 3520 Spiram.

1331 3780 1430 3791 ——..

983 4102 1407 4191 Fridericus
1425 4171 1447 4216 ‚
1504 4112 2023 4201 Romanorum
2075 4122 2524 4233 imoerator,
2575 4127 2673 4208 ad
2717 4130 3106 4237 querelam
3148 4133 3551 4219 hominum
3594 4140 3690 4225 de

879 4234 1386 4344 Supramonte
1422 4245 1556 4352 qui
1584 4246 1684 4330 ab
1710 4249 2107 4361 Aldrigeto
2142 4256 2491 4366 episcopo
2519 4258 2955 4344 Tridentino
2989 4272 3064 4345 et
3081 4267 3685 4373 gastaldionibus

875 4364 1040 4475 ejus
1093 4373 1611 4461 exactionibus
1664 4381 2018 4468 indebitis
2061 4390 2579 4497 gravabantur
2625 4403 2704 4475 et
2740 4405 3047 4505 propter
3098 4397 3553 4486 solutionem
3606 4406 3685 4489 in

876 4523 1175 4585 carcere
1208 4531 1457 4615 usque
1475 4510 1573 4593 ad
1607 4525 1933 4599 mortem
1960 4519 2516 4632 affligebantur,
2559 4552 2757 4635 quae
2774 4529 3104 4613 rationes
3137 4534 3571 4620 moderatae
3588 4540 3687 4623 ab

874 4630 1160 4715 eisdem
1204 4636 1650 4728 hominibus
1684 4659 1758 4731 et
1793 4649 1892 4731 ab
1930 4652 2098 4734 aliis
2131 4654 2331 4738 villis
2366 4656 2650 4740 ibidem
2687 4660 3094 4749 nominatis
3120 4665 3476 4754 ecclesiae
3509 4669 3689 4755 Tri-

875 4759 1230 4851 dentinae
1277 4771 1682 4861 solvendae
1719 4784 1908 4889 sint,
1948 4784 2248 4869 diffinit.

3853 4164 3980 4217 Apud

3818 4216 3990 4271 spmm
4000 4243 4015 4268 ρ

3847 4272 3993 4324 aprili.
