4842 5802
876 622 1077 682 holm.
1107 620 1196 698 9.]
1775 619 2166 681 HISTORIA
2217 622 2798 686 anLOMATmA.
3578 626 3698 687 879

874 763 1287 848 sequuntur,
1324 777 1545 849 quum
1573 776 1712 827 non
1743 755 1945 828 nobis
1969 757 2221 848 solnm,
2252 758 2377 831 sed
2401 762 2543 834 Deo
2560 770 2630 834 et
2655 759 2984 834 catholice
3009 758 3176 832 fidei
3204 769 3272 831 et
3296 759 3427 856 ipsi
3457 770 3701 834 nature

872 898 1193 971 guerram
1229 889 1547 970 movent,
1580 900 1707 952 nos
1742 889 1970 953 tamen
1993 880 2162 954 utile
2185 902 2336 955 esse
2356 883 2705 957 credimus
2736 905 2894 956 cum
2923 880 3308 974 adjectione
3333 885 3696 976 cujusdam

873 1001 1346 1075 admirationis
1377 1003 1632 1075 eximie
1666 1003 1906 1076 litteris
1941 998 2351 1098 Apostolicis
2378 1006 2796 1101 respondere
2813 1003 2960 1102 (l);
2995 1005 3087 1079 ad
3107 1005 3295 1100 quod
3329 1006 3431 1104 (a)
3457 1032 3693 1103 preces

872 1150 1051 1223 pape
1087 1150 1224 1200 non
1261 1125 1694 1201 solummodo
1730 1149 1859 1200 nos
1889 1127 2270 1222 inducunt,
2307 1131 2433 1203 sed
2467 1132 2706 1205 fortius
2741 1152 2950 1203 causa
2975 1150 3253 1224 precum
3275 1185 3294 1219 ,
3332 1132 3502 1205 dum
3537 1155 3695 1228 pro·

871 1274 1147 1326 cessum
1180 1261 1492 1325 nostrum
1527 1252 1600 1324 in
1632 1252 1891 1324 Italiam
1911 1306 1930 1342 ,
1965 1275 2173 1345 quem
2205 1253 2446 1328 odiose
2471 1254 2774 1349 quodam
2808 1276 3055 1349 guerre
3089 1254 3427 1327 vocabulo
3461 1254 3692 1329 deno-

872 1387 1018 1449 tare
1046 1377 1228 1449 velle
1265 1377 1577 1468 videtur,
1638 1376 1996 1450 occasione
2044 1378 2302 1471 negotii
2362 1380 2567 1451 Terre
2611 1381 2858 1452 Sancte
2915 1378 3242 1471 suspendi
3282 1381 3553 1472 rogavit
3599 1381 3692 1455 ad

872 1523 1178 1595 presens.
1217 1499 1358 1573 Sed
1403 1510 1479 1571 ut
1513 1499 1796 1572 firmiter
1843 1499 2323 1591 confiteamur,
2379 1502 2536 1576 licet
2586 1502 2876 1575 evidens
2915 1498 3059 1599 [sit]
3095 1502 3302 1572 nostri
3335 1524 3695 1596 processus

872 1626 1160 1697 intentio
1196 1647 1405 1718 quem
1441 1624 1532 1696 ad
1564 1624 1774 1696 nichil
1810 1624 2005 1696 aliud
2042 1624 2428 1698 direximus
2467 1627 2599 1698 nisi
2640 1636 2718 1698 ut
2755 1625 3078 1698 Crucifixi
3119 1627 3469 1717 negotium
3497 1649 3692 1698 assu-

871 1770 1174 1839 mamuS,
1217 1748 1408 1841 quod
1440 1748 1794 1841 provocari
1830 1747 2157 1820 directius
2181 1771 2318 1821 non
2345 1752 2606 1822 valeret
2635 1771 2844 1843 quam
2871 1751 3110 1842 vigore
3136 1749 3399 1840 justitie
3434 1753 3693 1845 pacatis

873 1871 1185 1966 undique
1216 1873 1493 1967 populis
1525 1883 1594 1944 et
1621 1873 1889 1967 imperii
1925 1875 2133 1945 nostri
2184 1875 2454 1946 viribus
2494 1874 2681 1967 quod
2727 1882 2830 1946 est
2879 1875 2944 1942 in
2986 1883 3123 1943 tam
3163 1874 3372 1944 nobili
3413 1876 3692 1968 regione

872 1996 1189 2069 dissitum
1222 1997 1375 2093 (sic)
1424 2008 1492 2069 et
1524 1996 1613 2068 de
1664 1999 1862 2089 cujus
1900 2020 2110 2069 manu
2159 2006 2341 2071 terra
2385 1998 2819 2092 potissimum
2856 1998 3266 2091 prestolatur
3300 1999 3640 2070 auxilium
3665 2053 3687 2092 ,

873 2121 942 2192 in
973 2122 1317 2216 integrum
1355 2122 1716 2211 restitutiS,
1757 2142 1896 2192 non
1931 2143 2180 2213 guerre
2209 2122 2486 2193 nomine
2519 2119 2758 2193 debuit
2795 2131 2933 2192 tam
2967 2121 3239 2193 salubre
3268 2123 3690 2216 propositum

875 2242 1213 2335 denotari,
1247 2244 1373 2318 sed
1389 2245 1570 2338 juris
1590 2245 1912 2316 executio
1945 2246 2202 2339 potius,
2245 2266 2289 2316 a
2317 2267 2457 2338 qua
2482 2245 2706 2316 omnis
2731 2246 2925 2316 abest
2951 2244 3227 2336 injuria,
3270 2246 3682 2338 nuncupari.

870 2368 1238 2461 Nunquam
1277 2370 1462 2440 enim
1516 2369 1962 2441 intentionem
2020 2390 2199 2464 pape
2244 2370 2448 2441 talem
2503 2391 2655 2441 esse
2700 2369 3047 2440 credimus
3101 2370 3290 2461 quod
3334 2370 3694 2444 occasione

872 2492 1308 2564 transmarini
1342 2493 1599 2585 negotii
1625 2491 1908 2565 deberet
1931 2492 2207 2585 justicie
2234 2491 2511 2585 gladius
2540 2492 2868 2564 hebetari.
2902 2493 3074 2563 Nam
3113 2502 3181 2563 et
3215 2501 3368 2586 post
3397 2493 3695 2566 edictam

873 2616 1427 2688 constitutionem
1477 2617 1828 2708 eamdem,
1889 2616 2389 2688 contumaciam
2439 2617 2901 2688 Romanorum
2939 2616 3100 2705 jura
3131 2615 3432 2687 Ecclesie
3481 2638 3691 2688 usur-

872 2741 1207 2835 pantium,
1226 2740 1621 2835 requirente
1636 2740 1965 2830 Ecclesia,
1987 2761 2127 2811 non
2148 2739 2536 2811 dimisimus
2553 2738 2987 2834 impunitam.
3005 2739 3119 2810 Sic
3147 2738 3437 2832 quilibet
3458 2748 3694 2835 contra

872 2885 999 2938 nos
1034 2874 1103 2938 et
1140 2864 1505 2959 imperium
1549 2872 1779 2960 posset
1823 2863 2225 2937 calcaneum
2274 2862 2748 2936 indevocionis
2782 2864 3076 2957 erigere,
3120 2863 3233 2934 sic,
3259 2875 3483 2958 posset
3521 2865 3694 2957 qui-

871 2989 1038 3061 libet
1072 2989 1350 3083 rapinas
1378 2999 1448 3060 et
1477 2990 1655 3061 furta
1682 3011 1766 3061 ac
1793 2988 2103 3082 quelibet
2130 2988 2388 3060 scelera
2417 2997 2843 3082 perpetrare,
2892 2986 3016 3059 sed
3047 3008 3444 3059 mucronem
3483 3010 3692 3081 quem
3822 3039 3825 3040 ν

873 3113 962 3186 de
998 3136 1207 3186 manu
1239 3115 1365 3188 Dei
1388 3116 1477 3189 ad
1506 3115 1839 3187 bonorum
1869 3112 2146 3186 laudem
2171 3122 2242 3185 et
2274 3111 2653 3185 vindictam
2692 3111 3206 3183 malefactorum
3251 3112 3645 3206 accepimus
3664 3166 3683 3202 ,

871 3239 1242 3331 evaginare
1293 3247 1650 3333 propterea
1718 3258 1856 3310 non
1908 3258 2292 3332 possemus.
2359 3237 2503 3309 Nec
2557 3236 2778 3328 magis
2838 3231 2928 3330 (b)
2981 3235 3343 3306 Lombardi
3399 3234 3689 3329 predicti

871 3384 1090 3455 quum
1127 3363 1414 3457 imperio
1459 3372 1692 3436 nostro
1740 3363 2030 3456 subjecti
2086 3362 2287 3435 nobis
2340 3361 2630 3434 dominii
2687 3361 2989 3432 referunt
3032 3360 3497 3451 questionem,
3556 3360 3688 3431 nisi

873 3484 1064 3577 quod
1091 3487 1249 3577 jura
1286 3486 1554 3579 imperii
1594 3485 1807 3557 nostri
1840 3486 2333 3557 contumaciter
2364 3485 2760 3573 retinenteS,
2805 3482 3046 3554 faciem
3084 3490 3384 3551 nostram
3407 3534 3426 3570 ,
3476 3504 3691 3574 quam

875 3605 1231 3708 pacificam
1289 3608 1460 3703 ipsis
1505 3608 1893 3694 voluimus,
1956 3583 2595 3701 quantumcumque
2644 3628 2802 3678 cum
2858 3604 3126 3699 imperii
3181 3605 3391 3675 nostri
3434 3604 3692 3676 honore

875 3752 1240 3825 possumus
1270 3732 1592 3819 tolerare,
1635 3750 1765 3801 nec
1798 3730 2044 3802 volunt
2081 3729 2314 3802 devoti
2345 3730 2717 3823 respicere,
2760 3748 2887 3799 nec
2947 3735 3234 3822 possunt
3282 3746 3402 3820 pro
3453 3728 3696 3799 timore

867 3854 1130 3946 justitie
1160 3864 1471 3949 spectare
1490 3853 1745 3926 securi.
1782 3854 1924 3925 Hec
1960 3853 2169 3943 igitur
2196 3854 2431 3926 omnia
2468 3853 2663 3925 vobis
2689 3862 2829 3925 tam
2861 3852 3062 3945 plane
3097 3873 3307 3943 quam
3342 3852 3543 3946 plene
3569 3873 3696 3923 sa-

875 3979 1179 4070 tiataque
1209 3977 1536 4049 relatione
1560 3977 2113 4071 transcripsimus
2140 3986 2218 4048 ut
2245 3977 2337 4049 ad
2376 3976 2731 4048 scientiam
2772 3985 2840 4048 et
2880 3975 3364 4047 conscientiam
3397 3985 3696 4048 vestram

873 4123 966 4173 ex
1006 4109 1147 4173 toto
1198 4100 1407 4173 corde
1453 4100 1859 4197 perveniant
1910 4122 2070 4172 cum
2118 4109 2349 4172 nostra
2382 4100 2684 4193 justitia,
2743 4109 2810 4171 et
2856 4097 3049 4193 apud
3087 4094 3267 4194 [vos]
3298 4099 3524 4171 locum
3556 4121 3696 4172 non

957 4274 1043 4356 (a)
1086 4278 1157 4337 In
1185 4277 1385 4338 codice
1407 4293 1600 4357 quum.

959 4381 1039 4462 (ὀ)
1084 4383 1175 4443 lbi
1202 4400 1439 4461 quoqne
1464 4386 1527 4442 in
1558 4381 1766 4442 codice
1788 4380 2081 4459 quaedam
2108 4380 2345 4441 desunt.

1322 4541 2890 4555 m———m—-fflu-

949 4644 1022 4716 (4)
1058 4645 1174 4702 noc
1209 4659 1527 4717 responsum
1562 4658 1827 4715 nusquam
1875 4641 2118 4701 invenire
2141 4640 2441 4714 potuimus,
2474 4639 2581 4696 nisi
2613 4638 2684 4696 sit
2716 4638 2821 4696 hoc
2856 4638 3213 4711 fragmentum
3236 4634 3408 4693 Italia
3441 4634 3707 4695 hereditas

875 4757 999 4799 mea
1030 4748 1126 4812 est,
1154 4747 1260 4798 etc.
1294 4741 1451 4810 Quod
1479 4740 1619 4798 infra
1650 4740 1964 4798 exhibemus
1990 4756 2045 4813 p.
2074 4742 2167 4796 884
2186 4781 2200 4796 .
