4842 5802
1913 667 2528 728 Annl'rAMENTA,
3510 665 3631 726 947

810 809 1048 881 datum
1109 815 1421 877 nostrum
1471 805 1663 876 nulla
1717 806 2115 899 interposita
2168 803 2573 877 condicione
2639 802 2879 872 venire
2924 798 3053 896 (a).
3111 799 3422 872 Ceterum
3493 823 3629 872 una

810 927 1025 1027 [cum]
1065 929 1386 1002 omnibus
1418 929 1849 1025 principibus
1891 928 2138 1000 nostris
2178 928 2628 1020 sollempnem
2682 934 2752 995 et
2804 925 3188 1017 generalem
3242 924 3503 995 curiam
3556 925 3626 996 in

811 1056 981 1126 festo
1018 1052 1527 1148 Assumptionis
1551 1053 1751 1124 beate
1792 1050 2098 1143 Virginis
2123 1049 2333 1123 Marie
2369 1049 2560 1144 apud
2591 1047 3025 1140 Magunciam
3062 1045 3449 1118 indiximus
3481 1046 3629 1119 cel-

808 1175 1247 1265 lebrandam‚
1291 1176 1362 1246 in
1401 1196 1543 1270 qua
1599 1174 2002 1269 disponetur
2048 1173 2140 1246 de
2194 1173 2560 1266 tranquillo
2603 1180 2783 1243 statu
2830 1171 3052 1242 tocius
3103 1170 3373 1264 imperii
3416 1170 3628 1241 nostri

804 1310 870 1371 et
900 1301 1209 1371 omnium
1240 1308 1628 1372 nostrorum
1661 1297 1996 1387 fidelium,
2031 1306 2100 1368 et
2121 1316 2329 1389 super
2360 1295 2631 1387 injuriis
2659 1305 2729 1366 et
2759 1292 3253 1366 offensionibus
3280 1315 3417 1389 que
3448 1294 3628 1365 hac—

805 1432 1006 1493 tenus
1051 1423 1341 1515 imperio
1374 1430 1536 1493 sunt
1572 1423 1793 1511 illate‚
1837 1441 2015 1514 quas
2056 1419 2462 1491 excellentia
2491 1427 2724 1490 nostra
2754 1428 2820 1491 et
2851 1438 3091 1489 omnes
3125 1417 3395 1512 imperii
3436 1420 3625 1511 prin·

805 1546 992 1639 cipes
1042 1545 1480 1618 dissimulare
1534 1545 1826 1617 ulterius
1867 1565 2004 1616 non
2043 1542 2412 1633 debemuS‚
2462 1542 2633 1637 quin
2674 1540 2766 1613 ad
2822 1540 3378 1636 persequendum
3436 1552 3504 1612 et
3535 1540 3627 1613 ad

808 1667 1293 1741 refrenandum
1327 1672 1444 1762 jus
1490 1668 1761 1761 imperii
1814 1666 1905 1739 de
1949 1676 2179 1739 cetero
2229 1674 2544 1760 potenter
2587 1674 2656 1736 et
2699 1665 3113 1736 unanimiter
3157 1664 3619 1738 intendamus.

811 1793 897 1863 Ut
930 1813 1094 1885 ergo
1132 1792 1317 1863 zelus
1367 1790 1530 1864 fidei
1564 1800 1789 1862 vestre
1825 1811 2035 1884 super
2061 1789 2199 1861 hoc
2249 1799 2317 1861 et
2353 1789 2740 1883 principum
2793 1789 3205 1861 intentiones
3237 1789 3331 1884 (b)
3374 1812 3629 1861 conve-

810 1915 1042 2005 niant,
1099 1917 1489 2010 sollenpnes
1537 1915 1828 1985 nuncios
1874 1923 2137 1985 vestros
2180 1911 2273 2007 (c)
2320 1922 2389 1985 et
2447 1920 2826 1985 ceterorum
2879 1921 3268 1984 nostrorum
3320 1912 3628 1986 fidelium

812 2038 880 2108 in
931 2037 1174 2109 eadem
1226 2039 1418 2109 curia
1453 2036 1713 2131 prefixo
1768 2037 2058 2109 termino
2112 2046 2181 2108 et
2231 2037 2384 2109 loco
2435 2038 2757 2108 volumus
2813 2037 3166 2109 interesse.
3225 2036 3632 2109 Mandantes

814 2161 1240 2233 universitati
1282 2169 1509 2233 vestre
1550 2170 1893 2254 quatenus
1940 2160 2263 2232 honestos
2299 2170 2366 2231 et
2409 2160 2740 2255 providos
2791 2160 3070 2232 nuntios
3117 2160 3472 2233 destinetis
3507 2161 3628 2254 qui

812 2285 1128 2371 veniant,
1174 2285 1484 2356 omnium
1534 2293 1919 2355 vestrorum
1966 2293 2035 2355 et
2092 2284 2386 2355 aliorum
2434 2294 2820 2355 nostrorum
2876 2283 3187 2356 fidelium
3257 2286 3623 2377 comitum,

813 2407 1287 2478 marchionum
1324 2415 1395 2478 et
1445 2408 1895 2479 vassallorum
1936 2407 2069 2479 sub
2117 2405 2430 2479 districtu
2484 2418 2553 2478 et
2599 2408 2920 2479 societate
2968 2418 3197 2480 vestra
3248 2409 3631 2481 viventium

811 2529 929 2621 qui
965 2530 1202 2602 venire
1246 2551 1382 2602 non
1426 2530 1758 2625 poterint,
1812 2530 2168 2603 voluntate
2210 2540 2279 2602 et
2315 2530 2685 2603 devotione
2732 2531 3006 2625 plenius
3040 2531 3411 2603 informati.
3451 2535 3633 2617 Quo-

813 2675 966 2722 rum
1030 2654 1285 2724 litteras
1334 2662 1647 2747 patentes
1694 2653 1996 2725 habeant
2058 2663 2128 2726 et
2183 2654 2427 2748 sigillis
2486 2652 2949 2748 pendentibus
2999 2655 3399 2728 eorumdem
3450 2657 3641 2750 quod

813 2796 1051 2847 omnes
1085 2797 1216 2848 vos
1253 2785 1527 2872 paratos
1552 2786 1621 2848 et
1649 2788 2006 2872 promptos
2040 2778 2111 2849 in
2138 2779 2448 2874 personis
2482 2789 2552 2850 et
2588 2779 2793 2850 rebus
2830 2779 2920 2852 ad
2955 2779 3283 2852 honorem
3332 2792 3639 2853 nostrum

813 2908 882 2972 et
933 2900 1203 2995 imperii
1256 2898 1807 2995 promovendum
1860 2913 1928 2973 et
1981 2900 2314 2975 reddente
2364 2903 2653 2995 grandia
2703 2903 2857 2999 (sic)
2887 2905 3047 2996 jura
3092 2915 3321 2978 nostra
3363 2908 3434 2977 in
3490 2929 3643 3002 par·

812 3024 994 3095 tibus
1045 3023 1454 3100 Lombardie
1501 3032 1569 3096 et
1628 3024 1720 3097 ad
1784 3024 2357 3100 confundendum
2410 3029 2565 3099 totis
2609 3027 2878 3098 viribus
2921 3049 3161 3101 omnes
3212 3041 3278 3102 et
3330 3032 3642 3123 singulos

807 3148 1113 3241 ipsarum
1160 3149 1463 3243 partium
1509 3148 1631 3243 qui
1674 3148 1879 3221 nobis
1936 3159 2005 3220 et
2054 3150 2344 3245 imperio
2395 3150 2885 3241 adversantur;
2937 3153 3028 3224 ita
3074 3154 3264 3248 quod
3312 3156 3383 3226 in
3431 3179 3640 3251 gene·

809 3271 934 3341 rali
974 3272 1166 3342 curia
1204 3280 1591 3366 proponant
1634 3281 1702 3343 et
1739 3273 2047 3344 animent
2088 3273 2437 3368 principes
2472 3282 2540 3345 et
2573 3282 2781 3345 totam
2827 3277 3091 3347 curiam
3138 3286 3204 3348 et
3245 3287 3477 3352 contra
3516 3280 3637 3352 in-

813 3393 1051 3465 fideles
1089 3395 1356 3486 imperii
1403 3405 1472 3467 et
1504 3383 1594 3467 ad
1628 3397 2205 3488 promunitionem
2243 3395 2712 3469 omnimodam
2765 3407 2983 3470 status
3029 3402 3242 3472 nostri
3281 3412 3349 3474 et
3399 3404 3629 3477 vestri.

818 3515 1006 3584 Licet
1037 3516 1239 3586 etiam
1266 3517 1358 3588 ad
1397 3515 1528 3588 hoc
1570 3518 1890 3588 voluntas
1921 3520 2230 3590 omnium
2271 3520 2361 3591 sit
2414 3518 2705 3612 firmata,
2744 3522 2923 3593 sicut
2971 3524 3230 3617 patebit
3277 3525 3347 3595 in
3391 3526 3634 3599 eadem

820 3637 1010 3708 curia
1048 3660 1171 3732 per
1201 3639 1550 3731 effectum,
1587 3641 1880 3710 multum
1914 3643 2040 3713 erit
2096 3643 2279 3712 utilis
2313 3652 2380 3714 et
2416 3653 2694 3738 accepta
2725 3654 3103 3717 vestrorum
3151 3646 3250 3744 (d)
3296 3652 3631 3742 presentia

819 3783 1249 3834 nunc1orum.

910 3887 1160 3956 Datum
1179 3940 1198 3973 ,
1237 3896 1367 3958 etc.

900 4113 983 4192 (a)
1027 4115 1097 4174 In
1125 4115 1325 4176 codice
1353 4118 1591 4178 veniret.

898 4218 977 4292 (b)
1025 4222 1094 4280 In
1118 4221 1320 4283 codice
1346 4223 1740 4283 incentionem.

900 4324 979 4403 (c)
1031 4328 1100 4386 In
1126 4328 1329 4389 codice
1357 4336 1599 4391 nostros.

903 4428 986 4507 (d)
1031 4433 1100 4492 In
1126 4433 1323 4494 codice
1348 4442 1689 4497 nostrorum.
