<?xml version="1.0" encoding="UTF-8"?>
<!DOCTYPE html PUBLIC "-//W3C//DTD XHTML 1.0 Transitional//EN"
    "http://www.w3.org/TR/xhtml1/DTD/xhtml1-transitional.dtd">
<html xmlns="http://www.w3.org/1999/xhtml" xml:lang="en" lang="en">
 <head>
  <title>
</title>
<meta http-equiv="Content-Type" content="text/html;charset=utf-8" />
  <meta name='ocr-system' content='tesseract 3.04.00' />
  <meta name='ocr-capabilities' content='ocr_page ocr_carea ocr_par ocr_line ocrx_word'/>
</head>
<body>
  <div class='ocr_page' id='page_1' title='image "./historiadiploma01degoog_0221.png"; bbox 0 0 4842 5802; ppageno 0'>
   <div class='ocr_carea' id='block_1_1' title="bbox 857 643 3681 733">
    <p class='ocr_par' dir='ltr' id='par_1_1' title="bbox 857 643 3681 733">
     <span class='ocr_line' id='line_1_1' title="bbox 857 643 3681 733; baseline -0.007 -14"><span class='ocrx_word' id='word_1_1' title='bbox 857 660 1059 719; x_wconf 66' lang='lat' dir='ltr'><strong>lumcr.</strong></span> <span class='ocrx_word' id='word_1_2' title='bbox 1090 656 1179 733; x_wconf 84' lang='lat'><strong>8.]</strong></span> <span class='ocrx_word' id='word_1_3' title='bbox 1758 647 2152 710; x_wconf 81' lang='lat' dir='ltr'>HISTORIA</span> <span class='ocrx_word' id='word_1_4' title='bbox 2201 643 2780 706; x_wconf 79' lang='lat' dir='ltr'><strong>DIPLOMATICA.</strong></span> <span class='ocrx_word' id='word_1_5' title='bbox 3562 650 3681 712; x_wconf 82' lang='grc'><strong>’109</strong></span> 
     </span>
    </p>
   </div>
   <div class='ocr_carea' id='block_1_2' title="bbox 832 779 3676 3838">
    <p class='ocr_par' dir='ltr' id='par_1_2' title="bbox 832 779 3676 3838">
     <span class='ocr_line' id='line_1_2' title="bbox 857 779 3676 880; baseline -0.002 -17"><span class='ocrx_word' id='word_1_6' title='bbox 857 792 1035 866; x_wconf 89' lang='lat' dir='ltr'><strong>soris</strong></span> <span class='ocrx_word' id='word_1_7' title='bbox 1061 787 1271 862; x_wconf 80' lang='lat' dir='ltr'><strong>nostri</strong></span> <span class='ocrx_word' id='word_1_8' title='bbox 1292 784 1590 859; x_wconf 90' lang='lat' dir='ltr'><strong>Heinrici</strong></span> <span class='ocrx_word' id='word_1_9' title='bbox 1609 782 2040 880; x_wconf 88' lang='lat' dir='ltr'><strong>imperatoris</strong></span> <span class='ocrx_word' id='word_1_10' title='bbox 2067 781 2318 876; x_wconf 86' lang='lat' dir='ltr'><strong>quinti,</strong></span> <span class='ocrx_word' id='word_1_11' title='bbox 2342 779 2533 873; x_wconf 91' lang='lat' dir='ltr'><strong>quod</strong></span> <span class='ocrx_word' id='word_1_12' title='bbox 2558 780 2710 875; x_wconf 90' lang='lat' dir='ltr'><strong>ipse</strong></span> <span class='ocrx_word' id='word_1_13' title='bbox 2734 799 2860 873; x_wconf 87' lang='lat' dir='ltr'><strong>pro</strong></span> <span class='ocrx_word' id='word_1_14' title='bbox 2884 779 3187 852; x_wconf 90' lang='lat' dir='ltr'><strong>remedio</strong></span> <span class='ocrx_word' id='word_1_15' title='bbox 3213 780 3445 853; x_wconf 93' lang='lat' dir='ltr'><strong>anime</strong></span> <span class='ocrx_word' id='word_1_16' title='bbox 3461 783 3676 876; x_wconf 89' lang='lat' dir='ltr'><strong>patris</strong></span> 
     </span>
     <span class='ocr_line' id='line_1_3' title="bbox 856 901 3674 1008; baseline -0.004 -21"><span class='ocrx_word' id='word_1_17' title='bbox 856 915 965 987; x_wconf 89' lang='lat' dir='ltr'><strong>sui</strong></span> <span class='ocrx_word' id='word_1_18' title='bbox 1005 910 1245 1008; x_wconf 84' lang='lat' dir='ltr'>proavi</span> <span class='ocrx_word' id='word_1_19' title='bbox 1283 908 1495 981; x_wconf 84' lang='lat' dir='ltr'><strong>nostri</strong></span> <span class='ocrx_word' id='word_1_20' title='bbox 1549 907 1979 1002; x_wconf 86' lang='lat' dir='ltr'><strong>imperatoris</strong></span> <span class='ocrx_word' id='word_1_21' title='bbox 2021 903 2320 977; x_wconf 88' lang='lat' dir='ltr'><strong>Heinrici</strong></span> <span class='ocrx_word' id='word_1_22' title='bbox 2351 904 2424 974; x_wconf 90' lang='lat' dir='ltr'><strong>in</strong></span> <span class='ocrx_word' id='word_1_23' title='bbox 2458 902 2573 974; x_wconf 90' lang='lat' dir='ltr'><strong>die</strong></span> <span class='ocrx_word' id='word_1_24' title='bbox 2620 901 3074 995; x_wconf 79' lang='lat' dir='ltr'><strong>exequiarum</strong></span> <span class='ocrx_word' id='word_1_25' title='bbox 3113 902 3335 997; x_wconf 86' lang='lat' dir='ltr'><strong>ipsius</strong></span> <span class='ocrx_word' id='word_1_26' title='bbox 3370 903 3674 999; x_wconf 78' lang='lat' dir='ltr'><strong>Spirensi</strong></span> 
     </span>
     <span class='ocr_line' id='line_1_4' title="bbox 858 1023 3665 1123; baseline -0.003 -15"><span class='ocrx_word' id='word_1_27' title='bbox 858 1035 1146 1108; x_wconf 88' lang='lat' dir='ltr'><strong>contulit</strong></span> <span class='ocrx_word' id='word_1_28' title='bbox 1170 1031 1460 1121; x_wconf 87' lang='lat' dir='ltr'><strong>civitati,</strong></span> <span class='ocrx_word' id='word_1_29' title='bbox 1495 1030 1567 1101; x_wconf 95' lang='lat' dir='ltr'><strong>in</strong></span> <span class='ocrx_word' id='word_1_30' title='bbox 1583 1030 1804 1101; x_wconf 78' lang='lat' dir='ltr'><strong>fronte</strong></span> <span class='ocrx_word' id='word_1_31' title='bbox 1828 1028 2105 1120; x_wconf 87' lang='lat' dir='ltr'><strong>majoris</strong></span> <span class='ocrx_word' id='word_1_32' title='bbox 2125 1026 2359 1123; x_wconf 88' lang='lat' dir='ltr'><strong>templi</strong></span> <span class='ocrx_word' id='word_1_33' title='bbox 2376 1024 2605 1098; x_wconf 89' lang='lat' dir='ltr'><strong>aureis</strong></span> <span class='ocrx_word' id='word_1_34' title='bbox 2616 1024 2858 1097; x_wconf 88' lang='lat' dir='ltr'><strong>litteris</strong></span> <span class='ocrx_word' id='word_1_35' title='bbox 2880 1025 3272 1097; x_wconf 89' lang='lat' dir='ltr'><strong>solemniter</strong></span> <span class='ocrx_word' id='word_1_36' title='bbox 3287 1023 3665 1121; x_wconf 89' lang='lat' dir='ltr'><strong>depictum,</strong></span> 
     </span>
     <span class='ocr_line' id='line_1_5' title="bbox 855 1149 3668 1253; baseline -0.003 -23"><span class='ocrx_word' id='word_1_37' title='bbox 855 1179 1251 1253; x_wconf 84' lang='lat' dir='ltr'><strong>expressam</strong></span> <span class='ocrx_word' id='word_1_38' title='bbox 1296 1163 1366 1227; x_wconf 85' lang='lat' dir='ltr'><strong>et</strong></span> <span class='ocrx_word' id='word_1_39' title='bbox 1410 1152 1910 1248; x_wconf 84' lang='lat' dir='ltr'><strong>prominentem</strong></span> <span class='ocrx_word' id='word_1_40' title='bbox 1939 1151 2295 1223; x_wconf 88' lang='lat' dir='ltr'><strong>continens</strong></span> <span class='ocrx_word' id='word_1_41' title='bbox 2320 1149 2692 1242; x_wconf 79' lang='lat' dir='ltr'><strong>imaginem</strong></span> <span class='ocrx_word' id='word_1_42' title='bbox 2719 1201 2738 1237; x_wconf 93' lang='lat'><strong>,</strong></span> <span class='ocrx_word' id='word_1_43' title='bbox 2788 1169 3201 1221; x_wconf 79' lang='lat' dir='ltr'><strong>renovamus</strong></span> <span class='ocrx_word' id='word_1_44' title='bbox 3231 1158 3301 1220; x_wconf 91' lang='lat' dir='ltr'><strong>et</strong></span> <span class='ocrx_word' id='word_1_45' title='bbox 3334 1149 3668 1243; x_wconf 88' lang='lat' dir='ltr'><strong>imperiali</strong></span> 
     </span>
     <span class='ocr_line' id='line_1_6' title="bbox 852 1270 3668 1366; baseline -0.003 -13"><span class='ocrx_word' id='word_1_46' title='bbox 852 1281 1254 1353; x_wconf 86' lang='lat' dir='ltr'><strong>auctoritate</strong></span> <span class='ocrx_word' id='word_1_47' title='bbox 1308 1276 1830 1348; x_wconf 86' lang='lat' dir='ltr'><strong>corroboramus</strong></span> <span class='ocrx_word' id='word_1_48' title='bbox 1863 1274 2070 1347; x_wconf 86' lang='lat' dir='ltr'><strong>etiam</strong></span> <span class='ocrx_word' id='word_1_49' title='bbox 2119 1272 2256 1366; x_wconf 87' lang='lat' dir='ltr'><strong>(a),</strong></span> <span class='ocrx_word' id='word_1_50' title='bbox 2305 1280 2373 1343; x_wconf 89' lang='lat' dir='ltr'><strong>et</strong></span> <span class='ocrx_word' id='word_1_51' title='bbox 2424 1281 2497 1342; x_wconf 93' lang='lat' dir='ltr'><strong>ut</strong></span> <span class='ocrx_word' id='word_1_52' title='bbox 2542 1279 2799 1343; x_wconf 90' lang='lat' dir='ltr'><strong>remota</strong></span> <span class='ocrx_word' id='word_1_53' title='bbox 2835 1270 3022 1342; x_wconf 90' lang='lat' dir='ltr'><strong>omni</strong></span> <span class='ocrx_word' id='word_1_54' title='bbox 3068 1271 3516 1364; x_wconf 81' lang='lat' dir='ltr'><strong>ambiguitate</strong></span> <span class='ocrx_word' id='word_1_55' title='bbox 3550 1275 3668 1365; x_wconf 88' lang='lat' dir='ltr'><strong>jus</strong></span> 
     </span>
     <span class='ocr_line' id='line_1_7' title="bbox 855 1394 3666 1498; baseline -0.002 -24"><span class='ocrx_word' id='word_1_56' title='bbox 855 1401 1200 1498; x_wconf 79' lang='lat' dir='ltr'><strong>privilegii</strong></span> <span class='ocrx_word' id='word_1_57' title='bbox 1229 1400 1296 1470; x_wconf 93' lang='lat' dir='ltr'><strong>in</strong></span> <span class='ocrx_word' id='word_1_58' title='bbox 1335 1408 1743 1493; x_wconf 90' lang='lat' dir='ltr'><strong>perpetuum</strong></span> <span class='ocrx_word' id='word_1_59' title='bbox 1775 1396 2052 1485; x_wconf 88' lang='lat' dir='ltr'><strong>habeat,</strong></span> <span class='ocrx_word' id='word_1_60' title='bbox 2084 1405 2319 1490; x_wconf 79' lang='lat' dir='ltr'><strong>utpote</strong></span> <span class='ocrx_word' id='word_1_61' title='bbox 2353 1395 2724 1467; x_wconf 86' lang='lat' dir='ltr'><strong>multorum</strong></span> <span class='ocrx_word' id='word_1_62' title='bbox 2755 1394 3142 1488; x_wconf 89' lang='lat' dir='ltr'><strong>principum</strong></span> <span class='ocrx_word' id='word_1_63' title='bbox 3168 1404 3241 1465; x_wconf 89' lang='lat' dir='ltr'><strong>ut</strong></span> <span class='ocrx_word' id='word_1_64' title='bbox 3274 1394 3532 1468; x_wconf 89' lang='lat' dir='ltr'><strong>ibidem</strong></span> <span class='ocrx_word' id='word_1_65' title='bbox 3565 1398 3666 1469; x_wconf 90' lang='lat' dir='ltr'><strong>le·</strong></span> 
     </span>
     <span class='ocr_line' id='line_1_8' title="bbox 852 1515 3664 1619; baseline -0.002 -22"><span class='ocrx_word' id='word_1_66' title='bbox 852 1525 1037 1619; x_wconf 82' lang='lat' dir='ltr'><strong>gitur</strong></span> <span class='ocrx_word' id='word_1_67' title='bbox 1068 1524 1318 1594; x_wconf 78' lang='lat' dir='ltr'><strong>fultum</strong></span> <span class='ocrx_word' id='word_1_68' title='bbox 1343 1521 1769 1611; x_wconf 86' lang='lat' dir='ltr'><strong>testimoniis,</strong></span> <span class='ocrx_word' id='word_1_69' title='bbox 1816 1518 2202 1591; x_wconf 88' lang='lat' dir='ltr'><strong>firmissima</strong></span> <span class='ocrx_word' id='word_1_70' title='bbox 2237 1519 2588 1590; x_wconf 85' lang='lat' dir='ltr'><strong>sanctione</strong></span> <span class='ocrx_word' id='word_1_71' title='bbox 2616 1517 3053 1589; x_wconf 88' lang='lat' dir='ltr'><strong>decernimus</strong></span> <span class='ocrx_word' id='word_1_72' title='bbox 3081 1515 3212 1613; x_wconf 76' lang='grc'><strong>(4).</strong></span> <span class='ocrx_word' id='word_1_73' title='bbox 3256 1519 3449 1590; x_wconf 90' lang='lat' dir='ltr'><strong>Sicut</strong></span> <span class='ocrx_word' id='word_1_74' title='bbox 3479 1520 3664 1592; x_wconf 94' lang='lat' dir='ltr'><strong>enim</strong></span> 
     </span>
     <span class='ocr_line' id='line_1_9' title="bbox 849 1638 3669 1744; baseline -0.001 -24"><span class='ocrx_word' id='word_1_75' title='bbox 849 1651 1156 1744; x_wconf 82' lang='lat' dir='ltr'><strong>prefatus</strong></span> <span class='ocrx_word' id='word_1_76' title='bbox 1180 1648 1546 1742; x_wconf 85' lang='lat' dir='ltr'><strong>imperator</strong></span> <span class='ocrx_word' id='word_1_77' title='bbox 1576 1647 1825 1720; x_wconf 92' lang='lat' dir='ltr'><strong>eodem</strong></span> <span class='ocrx_word' id='word_1_78' title='bbox 1850 1643 2213 1740; x_wconf 82' lang='lat' dir='ltr'><strong>privilegio</strong></span> <span class='ocrx_word' id='word_1_79' title='bbox 2235 1665 2475 1716; x_wconf 89' lang='lat' dir='ltr'><strong>omnes</strong></span> <span class='ocrx_word' id='word_1_80' title='bbox 2499 1641 2838 1738; x_wconf 88' lang='lat' dir='ltr'><strong>Spirensis</strong></span> <span class='ocrx_word' id='word_1_81' title='bbox 2864 1638 3165 1715; x_wconf 84' lang='lat' dir='ltr'><strong>civitatis</strong></span> <span class='ocrx_word' id='word_1_82' title='bbox 3179 1642 3669 1718; x_wconf 82' lang='lat' dir='ltr'><strong>inhabitatores</strong></span> 
     </span>
     <span class='ocr_line' id='line_1_10' title="bbox 853 1765 3666 1865; baseline -0 -23"><span class='ocrx_word' id='word_1_83' title='bbox 853 1770 1319 1865; x_wconf 89' lang='lat' dir='ltr'><strong>undecunque</strong></span> <span class='ocrx_word' id='word_1_84' title='bbox 1355 1769 1669 1842; x_wconf 85' lang='lat' dir='ltr'><strong>venerint</strong></span> <span class='ocrx_word' id='word_1_85' title='bbox 1693 1770 1805 1840; x_wconf 85' lang='lat' dir='ltr'><strong>vel</strong></span> <span class='ocrx_word' id='word_1_86' title='bbox 1849 1768 2347 1859; x_wconf 75' lang='lat' dir='ltr'><strong>quuscumque</strong></span> <span class='ocrx_word' id='word_1_87' title='bbox 2369 1765 2787 1838; x_wconf 86' lang='lat' dir='ltr'><strong>conditionis</strong></span> <span class='ocrx_word' id='word_1_88' title='bbox 2813 1765 3067 1837; x_wconf 80' lang='lat' dir='ltr'><strong>suerint</strong></span> <span class='ocrx_word' id='word_1_89' title='bbox 3097 1788 3139 1838; x_wconf 91' lang='lat' dir='ltr'><strong>a</strong></span> <span class='ocrx_word' id='word_1_90' title='bbox 3166 1767 3666 1842; x_wconf 85' lang='lat' dir='ltr'><strong>consuetudine</strong></span> 
     </span>
     <span class='ocr_line' id='line_1_11' title="bbox 850 1889 3664 1986; baseline 0 -21"><span class='ocrx_word' id='word_1_91' title='bbox 850 1893 1149 1967; x_wconf 80' lang='lat' dir='ltr'><strong>nefanda</strong></span> <span class='ocrx_word' id='word_1_92' title='bbox 1200 1903 1268 1965; x_wconf 91' lang='lat' dir='ltr'><strong>et</strong></span> <span class='ocrx_word' id='word_1_93' title='bbox 1320 1892 1740 1986; x_wconf 89' lang='lat' dir='ltr'><strong>nequissima</strong></span> <span class='ocrx_word' id='word_1_94' title='bbox 1793 1913 1932 1986; x_wconf 92' lang='lat' dir='ltr'><strong>que</strong></span> <span class='ocrx_word' id='word_1_95' title='bbox 1982 1891 2196 1984; x_wconf 80' lang='lat' dir='ltr'><strong>vulgo</strong></span> <span class='ocrx_word' id='word_1_96' title='bbox 2244 1900 2530 1962; x_wconf 81' lang='lat' dir='ltr'><strong>vocatur</strong></span> <span class='ocrx_word' id='word_1_97' title='bbox 2574 1889 2846 1961; x_wconf 91' lang='lat' dir='ltr'><strong>Butheil</strong></span> <span class='ocrx_word' id='word_1_98' title='bbox 2904 1910 3326 1984; x_wconf 88' lang='lat' dir='ltr'><strong>suorumque</strong></span> <span class='ocrx_word' id='word_1_99' title='bbox 3374 1891 3664 1965; x_wconf 88' lang='lat' dir='ltr'><strong>heredes</strong></span> 
     </span>
     <span class='ocr_line' id='line_1_12' title="bbox 849 2011 3662 2109; baseline -0 -22"><span class='ocrx_word' id='word_1_100' title='bbox 849 2038 1126 2109; x_wconf 88' lang='lat' dir='ltr'><strong>prorsus</strong></span> <span class='ocrx_word' id='word_1_101' title='bbox 1149 2016 1435 2107; x_wconf 83' lang='lat' dir='ltr'><strong>exemit,</strong></span> <span class='ocrx_word' id='word_1_102' title='bbox 1473 2025 1541 2088; x_wconf 86' lang='lat' dir='ltr'><strong>et</strong></span> <span class='ocrx_word' id='word_1_103' title='bbox 1569 2037 1659 2087; x_wconf 91' lang='lat' dir='ltr'><strong>ne</strong></span> <span class='ocrx_word' id='word_1_104' title='bbox 1692 2014 1922 2107; x_wconf 91' lang='lat' dir='ltr'><strong>aliqua</strong></span> <span class='ocrx_word' id='word_1_105' title='bbox 1941 2034 2232 2108; x_wconf 90' lang='lat' dir='ltr'><strong>persona</strong></span> <span class='ocrx_word' id='word_1_106' title='bbox 2262 2012 2477 2103; x_wconf 89' lang='lat' dir='ltr'><strong>major</strong></span> <span class='ocrx_word' id='word_1_107' title='bbox 2504 2011 2613 2084; x_wconf 91' lang='lat' dir='ltr'><strong>vel</strong></span> <span class='ocrx_word' id='word_1_108' title='bbox 2644 2013 2895 2104; x_wconf 88' lang='lat' dir='ltr'><strong>minor,</strong></span> <span class='ocrx_word' id='word_1_109' title='bbox 2925 2033 3062 2083; x_wconf 91' lang='lat' dir='ltr'><strong>non</strong></span> <span class='ocrx_word' id='word_1_110' title='bbox 3085 2014 3489 2106; x_wconf 88' lang='lat' dir='ltr'><strong>advocatus,</strong></span> <span class='ocrx_word' id='word_1_111' title='bbox 3524 2036 3662 2088; x_wconf 92' lang='lat' dir='ltr'><strong>non</strong></span> 
     </span>
     <span class='ocr_line' id='line_1_13' title="bbox 846 2135 3663 2232; baseline -0 -20"><span class='ocrx_word' id='word_1_112' title='bbox 846 2161 1085 2213; x_wconf 91' lang='lat' dir='ltr'><strong>eorum</strong></span> <span class='ocrx_word' id='word_1_113' title='bbox 1117 2139 1447 2210; x_wconf 89' lang='lat' dir='ltr'><strong>naturalis</strong></span> <span class='ocrx_word' id='word_1_114' title='bbox 1479 2138 1803 2212; x_wconf 88' lang='lat' dir='ltr'><strong>dominns</strong></span> <span class='ocrx_word' id='word_1_115' title='bbox 1830 2138 1965 2209; x_wconf 91' lang='lat' dir='ltr'><strong>illis</strong></span> <span class='ocrx_word' id='word_1_116' title='bbox 1987 2137 2434 2209; x_wconf 90' lang='lat' dir='ltr'><strong>morientibus</strong></span> <span class='ocrx_word' id='word_1_117' title='bbox 2460 2135 2550 2208; x_wconf 88' lang='lat' dir='ltr'><strong>de</strong></span> <span class='ocrx_word' id='word_1_118' title='bbox 2576 2157 2815 2208; x_wconf 92' lang='lat' dir='ltr'><strong>eorum</strong></span> <span class='ocrx_word' id='word_1_119' title='bbox 2851 2135 3256 2230; x_wconf 84' lang='lat' dir='ltr'><strong>supellectili</strong></span> <span class='ocrx_word' id='word_1_120' title='bbox 3292 2139 3663 2232; x_wconf 89' lang='lat' dir='ltr'><strong>quicquam</strong></span> 
     </span>
     <span class='ocr_line' id='line_1_14' title="bbox 845 2259 3665 2357; baseline -0 -22"><span class='ocrx_word' id='word_1_121' title='bbox 845 2265 1114 2336; x_wconf 78' lang='lat' dir='ltr'><strong>auferre</strong></span> <span class='ocrx_word' id='word_1_122' title='bbox 1150 2271 1608 2357; x_wconf 88' lang='lat' dir='ltr'><strong>presumeret,</strong></span> <span class='ocrx_word' id='word_1_123' title='bbox 1660 2259 1955 2334; x_wconf 88' lang='lat' dir='ltr'><strong>finaliter</strong></span> <span class='ocrx_word' id='word_1_124' title='bbox 1996 2259 2388 2349; x_wconf 87' lang='lat' dir='ltr'><strong>interdixit,</strong></span> <span class='ocrx_word' id='word_1_125' title='bbox 2443 2267 2512 2331; x_wconf 89' lang='lat' dir='ltr'><strong>et</strong></span> <span class='ocrx_word' id='word_1_126' title='bbox 2544 2268 2622 2330; x_wconf 93' lang='lat' dir='ltr'><strong>ut</strong></span> <span class='ocrx_word' id='word_1_127' title='bbox 2657 2279 2895 2331; x_wconf 90' lang='lat' dir='ltr'><strong>omnes</strong></span> <span class='ocrx_word' id='word_1_128' title='bbox 2931 2259 3214 2330; x_wconf 87' lang='lat' dir='ltr'><strong>liberam</strong></span> <span class='ocrx_word' id='word_1_129' title='bbox 3264 2269 3665 2353; x_wconf 89' lang='lat' dir='ltr'><strong>potestatem</strong></span> 
     </span>
     <span class='ocr_line' id='line_1_15' title="bbox 844 2382 3660 2477; baseline -0 -19"><span class='ocrx_word' id='word_1_130' title='bbox 844 2385 1143 2459; x_wconf 88' lang='lat' dir='ltr'><strong>habeant</strong></span> <span class='ocrx_word' id='word_1_131' title='bbox 1167 2388 1314 2460; x_wconf 89' lang='lat' dir='ltr'><strong>suis</strong></span> <span class='ocrx_word' id='word_1_132' title='bbox 1351 2387 1724 2459; x_wconf 89' lang='lat' dir='ltr'><strong>heredibus</strong></span> <span class='ocrx_word' id='word_1_133' title='bbox 1751 2386 1932 2458; x_wconf 90' lang='lat' dir='ltr'><strong>bona</strong></span> <span class='ocrx_word' id='word_1_134' title='bbox 1965 2406 2093 2457; x_wconf 91' lang='lat' dir='ltr'><strong>sua</strong></span> <span class='ocrx_word' id='word_1_135' title='bbox 2124 2382 2563 2477; x_wconf 88' lang='lat' dir='ltr'><strong>relinquendi</strong></span> <span class='ocrx_word' id='word_1_136' title='bbox 2590 2384 2704 2454; x_wconf 89' lang='lat' dir='ltr'><strong>vel</strong></span> <span class='ocrx_word' id='word_1_137' title='bbox 2740 2403 2865 2477; x_wconf 92' lang='lat' dir='ltr'><strong>pro</strong></span> <span class='ocrx_word' id='word_1_138' title='bbox 2893 2384 3122 2455; x_wconf 89' lang='lat' dir='ltr'><strong>anima</strong></span> <span class='ocrx_word' id='word_1_139' title='bbox 3150 2405 3279 2457; x_wconf 89' lang='lat' dir='ltr'><strong>sua</strong></span> <span class='ocrx_word' id='word_1_140' title='bbox 3304 2384 3519 2457; x_wconf 88' lang='lat' dir='ltr'><strong>dandi</strong></span> <span class='ocrx_word' id='word_1_141' title='bbox 3552 2387 3660 2459; x_wconf 88' lang='lat' dir='ltr'><strong>vel</strong></span> 
     </span>
     <span class='ocr_line' id='line_1_16' title="bbox 845 2504 3663 2605; baseline 0 -25"><span class='ocrx_word' id='word_1_142' title='bbox 845 2509 1259 2604; x_wconf 89' lang='lat' dir='ltr'><strong>cuicumque</strong></span> <span class='ocrx_word' id='word_1_143' title='bbox 1290 2529 1581 2605; x_wconf 84' lang='lat' dir='ltr'><strong>persone</strong></span> <span class='ocrx_word' id='word_1_144' title='bbox 1613 2507 1780 2580; x_wconf 91' lang='lat' dir='ltr'><strong>dare</strong></span> <span class='ocrx_word' id='word_1_145' title='bbox 1812 2508 2159 2580; x_wconf 89' lang='lat' dir='ltr'><strong>voluerint</strong></span> <span class='ocrx_word' id='word_1_146' title='bbox 2193 2506 2581 2578; x_wconf 87' lang='lat' dir='ltr'><strong>firmissime</strong></span> <span class='ocrx_word' id='word_1_147' title='bbox 2610 2504 2882 2595; x_wconf 90' lang='lat' dir='ltr'><strong>statuit,</strong></span> <span class='ocrx_word' id='word_1_148' title='bbox 2927 2506 3020 2577; x_wconf 88' lang='lat' dir='ltr'><strong>ita</strong></span> <span class='ocrx_word' id='word_1_149' title='bbox 3050 2515 3120 2577; x_wconf 86' lang='lat' dir='ltr'><strong>et</strong></span> <span class='ocrx_word' id='word_1_150' title='bbox 3143 2526 3295 2593; x_wconf 91' lang='lat' dir='ltr'><strong>nos,</strong></span> <span class='ocrx_word' id='word_1_151' title='bbox 3336 2505 3663 2598; x_wconf 85' lang='lat' dir='ltr'><strong>adjuncto</strong></span> 
     </span>
     <span class='ocr_line' id='line_1_17' title="bbox 846 2627 3658 2727; baseline 0 -24"><span class='ocrx_word' id='word_1_152' title='bbox 846 2654 1026 2706; x_wconf 89' lang='lat' dir='ltr'><strong>novo</strong></span> <span class='ocrx_word' id='word_1_153' title='bbox 1076 2633 1450 2724; x_wconf 88' lang='lat' dir='ltr'><strong>majestatis</strong></span> <span class='ocrx_word' id='word_1_154' title='bbox 1495 2641 1723 2705; x_wconf 86' lang='lat' dir='ltr'><strong>nostre</strong></span> <span class='ocrx_word' id='word_1_155' title='bbox 1758 2632 2146 2727; x_wconf 82' lang='lat' dir='ltr'><strong>privilegio,</strong></span> <span class='ocrx_word' id='word_1_156' title='bbox 2190 2631 2280 2702; x_wconf 91' lang='lat' dir='ltr'><strong>ab</strong></span> <span class='ocrx_word' id='word_1_157' title='bbox 2308 2630 2632 2701; x_wconf 91' lang='lat' dir='ltr'><strong>omnibus</strong></span> <span class='ocrx_word' id='word_1_158' title='bbox 2677 2627 3001 2722; x_wconf 88' lang='lat' dir='ltr'><strong>predictis</strong></span> <span class='ocrx_word' id='word_1_159' title='bbox 3028 2640 3387 2723; x_wconf 88' lang='lat' dir='ltr'><strong>exemptos</strong></span> <span class='ocrx_word' id='word_1_160' title='bbox 3415 2630 3658 2703; x_wconf 89' lang='lat' dir='ltr'><strong>eadem</strong></span> 
     </span>
     <span class='ocr_line' id='line_1_18' title="bbox 842 2749 3660 2848; baseline 0.001 -24"><span class='ocrx_word' id='word_1_161' title='bbox 842 2754 1152 2828; x_wconf 89' lang='lat' dir='ltr'><strong>libertate</strong></span> <span class='ocrx_word' id='word_1_162' title='bbox 1187 2755 1445 2848; x_wconf 80' lang='lat' dir='ltr'><strong>jugiter</strong></span> <span class='ocrx_word' id='word_1_163' title='bbox 1499 2752 1803 2845; x_wconf 82' lang='lat' dir='ltr'><strong>gaudere</strong></span> <span class='ocrx_word' id='word_1_164' title='bbox 1856 2754 2208 2826; x_wconf 88' lang='lat' dir='ltr'><strong>volumus.</strong></span> <span class='ocrx_word' id='word_1_165' title='bbox 2263 2751 2559 2845; x_wconf 80' lang='lat' dir='ltr'><strong>Contigit</strong></span> <span class='ocrx_word' id='word_1_166' title='bbox 2613 2759 2841 2822; x_wconf 89' lang='lat' dir='ltr'><strong>tamen</strong></span> <span class='ocrx_word' id='word_1_167' title='bbox 2890 2749 3302 2844; x_wconf 88' lang='lat' dir='ltr'><strong>precedente</strong></span> <span class='ocrx_word' id='word_1_168' title='bbox 3356 2761 3660 2848; x_wconf 88' lang='lat' dir='ltr'><strong>tempore</strong></span> 
     </span>
     <span class='ocr_line' id='line_1_19' title="bbox 842 2875 3657 2971; baseline 0 -20"><span class='ocrx_word' id='word_1_169' title='bbox 842 2877 1031 2971; x_wconf 89' lang='lat' dir='ltr'><strong>quod</strong></span> <span class='ocrx_word' id='word_1_170' title='bbox 1072 2878 1341 2951; x_wconf 90' lang='lat' dir='ltr'><strong>Ulricus</strong></span> <span class='ocrx_word' id='word_1_171' title='bbox 1393 2876 1705 2970; x_wconf 87' lang='lat' dir='ltr'><strong>ejusdem</strong></span> <span class='ocrx_word' id='word_1_172' title='bbox 1759 2877 2058 2950; x_wconf 87' lang='lat' dir='ltr'><strong>civitatis</strong></span> <span class='ocrx_word' id='word_1_173' title='bbox 2111 2875 2529 2949; x_wconf 86' lang='lat' dir='ltr'><strong>venerabilis</strong></span> <span class='ocrx_word' id='word_1_174' title='bbox 2569 2875 2934 2970; x_wconf 89' lang='lat' dir='ltr'><strong>episcopus</strong></span> <span class='ocrx_word' id='word_1_175' title='bbox 2979 2896 3188 2970; x_wconf 88' lang='lat' dir='ltr'><strong>super</strong></span> <span class='ocrx_word' id='word_1_176' title='bbox 3237 2876 3657 2971; x_wconf 90' lang='lat' dir='ltr'><strong>quibusdam</strong></span> 
     </span>
     <span class='ocr_line' id='line_1_20' title="bbox 839 3000 3660 3097; baseline 0 -24"><span class='ocrx_word' id='word_1_177' title='bbox 839 3002 1082 3096; x_wconf 78' lang='lat' dir='ltr'><strong>prefati</strong></span> <span class='ocrx_word' id='word_1_178' title='bbox 1113 3002 1462 3097; x_wconf 79' lang='lat' dir='ltr'><strong>privilegii</strong></span> <span class='ocrx_word' id='word_1_179' title='bbox 1497 3002 1731 3076; x_wconf 84' lang='lat' dir='ltr'><strong>verbis</strong></span> <span class='ocrx_word' id='word_1_180' title='bbox 1765 3002 2195 3095; x_wconf 88' lang='lat' dir='ltr'><strong>questionem</strong></span> <span class='ocrx_word' id='word_1_181' title='bbox 2233 3000 2474 3092; x_wconf 88' lang='lat' dir='ltr'><strong>movit,</strong></span> <span class='ocrx_word' id='word_1_182' title='bbox 2498 3001 2789 3095; x_wconf 79' lang='lat' dir='ltr'><strong>exigens</strong></span> <span class='ocrx_word' id='word_1_183' title='bbox 2821 3000 2912 3071; x_wconf 91' lang='lat' dir='ltr'><strong>ab</strong></span> <span class='ocrx_word' id='word_1_184' title='bbox 2942 3001 3041 3071; x_wconf 91' lang='lat' dir='ltr'><strong>eis</strong></span> <span class='ocrx_word' id='word_1_185' title='bbox 3067 3000 3256 3093; x_wconf 92' lang='lat' dir='ltr'><strong>quod</strong></span> <span class='ocrx_word' id='word_1_186' title='bbox 3282 3001 3352 3070; x_wconf 90' lang='lat' dir='ltr'><strong>in</strong></span> <span class='ocrx_word' id='word_1_187' title='bbox 3375 3003 3660 3095; x_wconf 87' lang='lat' dir='ltr'><strong>quibus-</strong></span> 
     </span>
     <span class='ocr_line' id='line_1_21' title="bbox 840 3124 3657 3220; baseline 0.001 -23"><span class='ocrx_word' id='word_1_188' title='bbox 840 3124 999 3197; x_wconf 90' lang='lat' dir='ltr'><strong>dam</strong></span> <span class='ocrx_word' id='word_1_189' title='bbox 1034 3127 1206 3200; x_wconf 90' lang='lat' dir='ltr'><strong>locis</strong></span> <span class='ocrx_word' id='word_1_190' title='bbox 1245 3127 1459 3220; x_wconf 82' lang='lat' dir='ltr'><strong>vulgo</strong></span> <span class='ocrx_word' id='word_1_191' title='bbox 1496 3125 1976 3199; x_wconf 88' lang='lat' dir='ltr'><strong>Houbethrech</strong></span> <span class='ocrx_word' id='word_1_192' title='bbox 2003 3134 2316 3213; x_wconf 85' lang='lat' dir='ltr'><strong>vocatur,</strong></span> <span class='ocrx_word' id='word_1_193' title='bbox 2343 3133 2694 3218; x_wconf 86' lang='lat' dir='ltr'><strong>tamquam</strong></span> <span class='ocrx_word' id='word_1_194' title='bbox 2731 3124 2804 3194; x_wconf 78' lang='lat' dir='ltr'><strong>in‘</strong></span> <span class='ocrx_word' id='word_1_195' title='bbox 2839 3126 3099 3217; x_wconf 77' lang='lat' dir='ltr'><strong>prefato</strong></span> <span class='ocrx_word' id='word_1_196' title='bbox 3128 3125 3489 3219; x_wconf 84' lang='lat' dir='ltr'><strong>privilegio</strong></span> <span class='ocrx_word' id='word_1_197' title='bbox 3524 3129 3657 3200; x_wconf 92' lang='lat' dir='ltr'><strong>sub</strong></span> 
     </span>
     <span class='ocr_line' id='line_1_22' title="bbox 841 3249 3653 3345; baseline 0.002 -26"><span class='ocrx_word' id='word_1_198' title='bbox 841 3249 1118 3322; x_wconf 93' lang='lat' dir='ltr'><strong>nomine</strong></span> <span class='ocrx_word' id='word_1_199' title='bbox 1155 3250 1430 3323; x_wconf 88' lang='lat' dir='ltr'><strong>Butheil</strong></span> <span class='ocrx_word' id='word_1_200' title='bbox 1475 3259 1548 3322; x_wconf 92' lang='lat' dir='ltr'><strong>et</strong></span> <span class='ocrx_word' id='word_1_201' title='bbox 1579 3250 2021 3345; x_wconf 87' lang='lat' dir='ltr'><strong>supellectilis</strong></span> <span class='ocrx_word' id='word_1_202' title='bbox 2055 3250 2145 3322; x_wconf 91' lang='lat' dir='ltr'><strong>ab</strong></span> <span class='ocrx_word' id='word_1_203' title='bbox 2176 3249 2309 3321; x_wconf 92' lang='lat' dir='ltr'><strong>hoc</strong></span> <span class='ocrx_word' id='word_1_204' title='bbox 2342 3250 2500 3341; x_wconf 89' lang='lat' dir='ltr'><strong>jure</strong></span> <span class='ocrx_word' id='word_1_205' title='bbox 2553 3270 2692 3320; x_wconf 92' lang='lat' dir='ltr'><strong>non</strong></span> <span class='ocrx_word' id='word_1_206' title='bbox 2726 3249 3002 3321; x_wconf 80' lang='lat' dir='ltr'><strong>fuerunt</strong></span> <span class='ocrx_word' id='word_1_207' title='bbox 3039 3250 3370 3345; x_wconf 88' lang='lat' dir='ltr'><strong>exempti.</strong></span> <span class='ocrx_word' id='word_1_208' title='bbox 3421 3252 3653 3336; x_wconf 86' lang='lat' dir='ltr'><strong>Quum</strong></span> 
     </span>
     <span class='ocr_line' id='line_1_23' title="bbox 836 3370 3655 3468; baseline 0.001 -25"><span class='ocrx_word' id='word_1_209' title='bbox 836 3393 1002 3445; x_wconf 82' lang='lat' dir='ltr'><strong>vero</strong></span> <span class='ocrx_word' id='word_1_210' title='bbox 1035 3373 1214 3445; x_wconf 87' lang='lat' dir='ltr'><strong>sicut</strong></span> <span class='ocrx_word' id='word_1_211' title='bbox 1236 3381 1546 3446; x_wconf 86' lang='lat' dir='ltr'><strong>nostrum</strong></span> <span class='ocrx_word' id='word_1_212' title='bbox 1572 3382 1678 3446; x_wconf 87' lang='lat' dir='ltr'><strong>est</strong></span> <span class='ocrx_word' id='word_1_213' title='bbox 1708 3375 1896 3468; x_wconf 82' lang='lat' dir='ltr'><strong>leges</strong></span> <span class='ocrx_word' id='word_1_214' title='bbox 1917 3371 2213 3446; x_wconf 92' lang='lat' dir='ltr'><strong>condere</strong></span> <span class='ocrx_word' id='word_1_215' title='bbox 2235 3429 2252 3459; x_wconf 90' lang='lat'><strong>,</strong></span> <span class='ocrx_word' id='word_1_216' title='bbox 2297 3373 2394 3444; x_wconf 89' lang='lat' dir='ltr'><strong>ita</strong></span> <span class='ocrx_word' id='word_1_217' title='bbox 2423 3380 2491 3443; x_wconf 89' lang='lat' dir='ltr'><strong>et</strong></span> <span class='ocrx_word' id='word_1_218' title='bbox 2521 3393 2659 3465; x_wconf 92' lang='lat' dir='ltr'><strong>que</strong></span> <span class='ocrx_word' id='word_1_219' title='bbox 2690 3370 2906 3443; x_wconf 83' lang='lat' dir='ltr'><strong>dubia</strong></span> <span class='ocrx_word' id='word_1_220' title='bbox 2926 3381 3089 3443; x_wconf 91' lang='lat' dir='ltr'><strong>sunt</strong></span> <span class='ocrx_word' id='word_1_221' title='bbox 3113 3373 3414 3466; x_wconf 80' lang='lat' dir='ltr'><strong>benigne</strong></span> <span class='ocrx_word' id='word_1_222' title='bbox 3448 3374 3655 3446; x_wconf 89' lang='lat' dir='ltr'><strong>inter-</strong></span> 
     </span>
     <span class='ocr_line' id='line_1_24' title="bbox 838 3494 3651 3593; baseline 0.001 -28"><span class='ocrx_word' id='word_1_223' title='bbox 838 3495 1121 3588; x_wconf 83' lang='lat' dir='ltr'><strong>pretari,</strong></span> <span class='ocrx_word' id='word_1_224' title='bbox 1161 3517 1286 3567; x_wconf 92' lang='lat' dir='ltr'><strong>nos</strong></span> <span class='ocrx_word' id='word_1_225' title='bbox 1313 3496 1701 3591; x_wconf 86' lang='lat' dir='ltr'><strong>predictum</strong></span> <span class='ocrx_word' id='word_1_226' title='bbox 1739 3496 2212 3590; x_wconf 82' lang='lat' dir='ltr'><strong>privilegium,</strong></span> <span class='ocrx_word' id='word_1_227' title='bbox 2256 3496 2463 3567; x_wconf 87' lang='lat' dir='ltr'><strong>etiam</strong></span> <span class='ocrx_word' id='word_1_228' title='bbox 2497 3517 2656 3567; x_wconf 91' lang='lat' dir='ltr'><strong>cum</strong></span> <span class='ocrx_word' id='word_1_229' title='bbox 2691 3515 2978 3567; x_wconf 91' lang='lat' dir='ltr'><strong>assensu</strong></span> <span class='ocrx_word' id='word_1_230' title='bbox 3007 3494 3318 3586; x_wconf 90' lang='lat' dir='ltr'><strong>ejusdem</strong></span> <span class='ocrx_word' id='word_1_231' title='bbox 3349 3496 3651 3593; x_wconf 90' lang='lat' dir='ltr'><strong>episcopi</strong></span> 
     </span>
     <span class='ocr_line' id='line_1_25' title="bbox 838 3615 3653 3713; baseline 0.002 -28"><span class='ocrx_word' id='word_1_232' title='bbox 838 3615 1115 3709; x_wconf 88' lang='lat' dir='ltr'><strong>publice</strong></span> <span class='ocrx_word' id='word_1_233' title='bbox 1135 3618 1517 3692; x_wconf 86' lang='lat' dir='ltr'><strong>libertatem</strong></span> <span class='ocrx_word' id='word_1_234' title='bbox 1544 3641 1782 3693; x_wconf 87' lang='lat' dir='ltr'><strong>eorum</strong></span> <span class='ocrx_word' id='word_1_235' title='bbox 1815 3618 2390 3713; x_wconf 87' lang='lat' dir='ltr'><strong>recognoscentis,</strong></span> <span class='ocrx_word' id='word_1_236' title='bbox 2428 3618 2528 3688; x_wconf 89' lang='lat' dir='ltr'><strong>sic</strong></span> <span class='ocrx_word' id='word_1_237' title='bbox 2558 3618 3083 3711; x_wconf 85' lang='lat' dir='ltr'><strong>interpretamur</strong></span> <span class='ocrx_word' id='word_1_238' title='bbox 3106 3617 3277 3689; x_wconf 91' lang='lat' dir='ltr'><strong>utin</strong></span> <span class='ocrx_word' id='word_1_239' title='bbox 3299 3640 3381 3691; x_wconf 92' lang='lat' dir='ltr'><strong>eo</strong></span> <span class='ocrx_word' id='word_1_240' title='bbox 3409 3621 3498 3691; x_wconf 91' lang='lat' dir='ltr'><strong>ab</strong></span> <span class='ocrx_word' id='word_1_241' title='bbox 3521 3620 3653 3692; x_wconf 90' lang='lat' dir='ltr'><strong>hoc</strong></span> 
     </span>
     <span class='ocr_line' id='line_1_26' title="bbox 832 3740 3651 3838; baseline 0.001 -27"><span class='ocrx_word' id='word_1_242' title='bbox 832 3740 990 3830; x_wconf 88' lang='lat' dir='ltr'><strong>jure</strong></span> <span class='ocrx_word' id='word_1_243' title='bbox 1020 3740 1210 3833; x_wconf 91' lang='lat' dir='ltr'><strong>quod</strong></span> <span class='ocrx_word' id='word_1_244' title='bbox 1250 3742 1685 3816; x_wconf 88' lang='lat' dir='ltr'><strong>Houbetrech</strong></span> <span class='ocrx_word' id='word_1_245' title='bbox 1735 3742 1989 3815; x_wconf 88' lang='lat' dir='ltr'><strong>dicitur</strong></span> <span class='ocrx_word' id='word_1_246' title='bbox 2016 3742 2292 3837; x_wconf 88' lang='lat' dir='ltr'><strong>penitus</strong></span> <span class='ocrx_word' id='word_1_247' title='bbox 2321 3741 2460 3813; x_wconf 88' lang='lat' dir='ltr'><strong>sint</strong></span> <span class='ocrx_word' id='word_1_248' title='bbox 2497 3740 2837 3835; x_wconf 83' lang='lat' dir='ltr'><strong>exempti,</strong></span> <span class='ocrx_word' id='word_1_249' title='bbox 2879 3750 2948 3811; x_wconf 85' lang='lat' dir='ltr'><strong>et</strong></span> <span class='ocrx_word' id='word_1_250' title='bbox 2984 3762 3110 3811; x_wconf 91' lang='lat' dir='ltr'><strong>nos</strong></span> <span class='ocrx_word' id='word_1_251' title='bbox 3145 3762 3263 3813; x_wconf 88' lang='lat' dir='ltr'><strong>eos</strong></span> <span class='ocrx_word' id='word_1_252' title='bbox 3290 3743 3651 3838; x_wconf 88' lang='lat' dir='ltr'><strong>principali</strong></span> 
     </span>
    </p>
   </div>
   <div class='ocr_carea' id='block_1_3' title="bbox 918 3933 1802 4015">
    <p class='ocr_par' dir='ltr' id='par_1_3' title="bbox 918 3933 1802 4015">
     <span class='ocr_line' id='line_1_27' title="bbox 918 3933 1802 4015; baseline 0.005 -20"><span class='ocrx_word' id='word_1_253' title='bbox 918 3933 1004 4015; x_wconf 85' lang='lat' dir='ltr'><strong>(a)</strong></span> <span class='ocrx_word' id='word_1_254' title='bbox 1045 3937 1162 4014; x_wconf 84' lang='lat' dir='ltr'><strong>Ap.</strong></span> <span class='ocrx_word' id='word_1_255' title='bbox 1193 3938 1462 4001; x_wconf 84' lang='lat' dir='ltr'><strong>Monum.</strong></span> <span class='ocrx_word' id='word_1_256' title='bbox 1492 3939 1672 4001; x_wconf 84' lang='lat' dir='ltr'><strong>Boica</strong></span> <span class='ocrx_word' id='word_1_257' title='bbox 1696 3945 1802 4001; x_wconf 75' lang='lat' dir='ltr'><strong>est.</strong></span> 
     </span>
    </p>
   </div>
   <div class='ocr_carea' id='block_1_4' title="bbox 833 4248 3652 4804">
    <p class='ocr_par' dir='ltr' id='par_1_4' title="bbox 833 4248 3652 4804">
     <span class='ocr_line' id='line_1_28' title="bbox 907 4248 3652 4324; baseline 0.003 -22"><span class='ocrx_word' id='word_1_258' title='bbox 907 4248 980 4322; x_wconf 89' lang='grc'><strong>(4)</strong></span> <span class='ocrx_word' id='word_1_259' title='bbox 1023 4268 1049 4302; x_wconf 89' lang='lat'><strong>«</strong></span> <span class='ocrx_word' id='word_1_260' title='bbox 1074 4249 1281 4322; x_wconf 87' lang='lat' dir='ltr'><strong>Duplex</strong></span> <span class='ocrx_word' id='word_1_261' title='bbox 1323 4248 1535 4307; x_wconf 83' lang='lat' dir='ltr'><strong>Henrici</strong></span> <span class='ocrx_word' id='word_1_262' title='bbox 1557 4250 1606 4309; x_wconf 86' lang='lat' dir='ltr'>V</span> <span class='ocrx_word' id='word_1_263' title='bbox 1638 4248 1978 4324; x_wconf 81' lang='lat' dir='ltr'><strong>privilegium</strong></span> <span class='ocrx_word' id='word_1_264' title='bbox 2003 4252 2163 4319; x_wconf 90' lang='grc'><strong>4444,</strong></span> <span class='ocrx_word' id='word_1_265' title='bbox 2201 4251 2271 4305; x_wconf 74' lang='grc'><strong>44</strong></span> <span class='ocrx_word' id='word_1_266' title='bbox 2300 4250 2539 4321; x_wconf 85' lang='lat' dir='ltr'><strong>augusti,</strong></span> <span class='ocrx_word' id='word_1_267' title='bbox 2580 4248 2923 4322; x_wconf 90' lang='lat' dir='ltr'><strong>Spirensibus</strong></span> <span class='ocrx_word' id='word_1_268' title='bbox 2960 4248 3177 4321; x_wconf 87' lang='lat' dir='ltr'><strong>datum,</strong></span> <span class='ocrx_word' id='word_1_269' title='bbox 3208 4256 3460 4324; x_wconf 88' lang='lat' dir='ltr'><strong>tanquam</strong></span> <span class='ocrx_word' id='word_1_270' title='bbox 3485 4269 3652 4308; x_wconf 90' lang='lat' dir='ltr'><strong>unum</strong></span> 
     </span>
     <span class='ocr_line' id='line_1_29' title="bbox 837 4344 3652 4419; baseline 0.002 -19"><span class='ocrx_word' id='word_1_271' title='bbox 837 4344 1081 4417; x_wconf 89' lang='lat' dir='ltr'><strong>idemque</strong></span> <span class='ocrx_word' id='word_1_272' title='bbox 1106 4346 1446 4419; x_wconf 81' lang='lat' dir='ltr'><strong>privilegium</strong></span> <span class='ocrx_word' id='word_1_273' title='bbox 1467 4346 1557 4402; x_wconf 92' lang='lat' dir='ltr'><strong>hic</strong></span> <span class='ocrx_word' id='word_1_274' title='bbox 1583 4351 1869 4404; x_wconf 80' lang='lat' dir='ltr'><strong>renovatur</strong></span> <span class='ocrx_word' id='word_1_275' title='bbox 1888 4361 1952 4403; x_wconf 89' lang='lat' dir='ltr'><strong>ac</strong></span> <span class='ocrx_word' id='word_1_276' title='bbox 1974 4345 2343 4417; x_wconf 59' lang='lat' dir='ltr'><strong>confirmatum</strong></span> <span class='ocrx_word' id='word_1_277' title='bbox 2372 4351 2429 4402; x_wconf 89' lang='lat' dir='ltr'><strong>et</strong></span> <span class='ocrx_word' id='word_1_278' title='bbox 2448 4345 2899 4418; x_wconf 86' lang='lat' dir='ltr'><strong>quemadmodum</strong></span> <span class='ocrx_word' id='word_1_279' title='bbox 2913 4345 3018 4402; x_wconf 89' lang='lat' dir='ltr'><strong>duo</strong></span> <span class='ocrx_word' id='word_1_280' title='bbox 3039 4347 3213 4418; x_wconf 87' lang='lat' dir='ltr'><strong>priora</strong></span> <span class='ocrx_word' id='word_1_281' title='bbox 3229 4348 3285 4403; x_wconf 91' lang='lat' dir='ltr'><strong>in</strong></span> <span class='ocrx_word' id='word_1_282' title='bbox 3309 4347 3480 4406; x_wconf 78' lang='lat' dir='ltr'><strong>fronte</strong></span> <span class='ocrx_word' id='word_1_283' title='bbox 3503 4355 3652 4406; x_wconf 83' lang='lat' dir='ltr'><strong>exte-</strong></span> 
     </span>
     <span class='ocr_line' id='line_1_30' title="bbox 836 4440 3648 4516; baseline 0.002 -21"><span class='ocrx_word' id='word_1_284' title='bbox 836 4441 961 4498; x_wconf 90' lang='lat' dir='ltr'><strong>riori</strong></span> <span class='ocrx_word' id='word_1_285' title='bbox 995 4442 1120 4498; x_wconf 90' lang='lat' dir='ltr'><strong>olim</strong></span> <span class='ocrx_word' id='word_1_286' title='bbox 1162 4443 1341 4499; x_wconf 88' lang='lat' dir='ltr'><strong>aureis</strong></span> <span class='ocrx_word' id='word_1_287' title='bbox 1377 4441 1566 4499; x_wconf 87' lang='lat' dir='ltr'><strong>litteris</strong></span> <span class='ocrx_word' id='word_1_288' title='bbox 1601 4442 1812 4516; x_wconf 86' lang='lat' dir='ltr'><strong>depicta</strong></span> <span class='ocrx_word' id='word_1_289' title='bbox 1842 4440 2323 4516; x_wconf 85' lang='lat' dir='ltr'><strong>conspiciebantur,</strong></span> <span class='ocrx_word' id='word_1_290' title='bbox 2356 4441 2435 4498; x_wconf 88' lang='lat' dir='ltr'><strong>sic</strong></span> <span class='ocrx_word' id='word_1_291' title='bbox 2464 4441 2625 4498; x_wconf 90' lang='lat' dir='ltr'><strong>etiam</strong></span> <span class='ocrx_word' id='word_1_292' title='bbox 2653 4441 2986 4515; x_wconf 83' lang='lat' dir='ltr'><strong>privilegium</strong></span> <span class='ocrx_word' id='word_1_293' title='bbox 3020 4442 3269 4500; x_wconf 85' lang='lat' dir='ltr'><strong>Friderici</strong></span> <span class='ocrx_word' id='word_1_294' title='bbox 3303 4444 3328 4498; x_wconf 93' lang='lat'>1</span> <span class='ocrx_word' id='word_1_295' title='bbox 3362 4459 3484 4500; x_wconf 90' lang='lat' dir='ltr'><strong>cum</strong></span> <span class='ocrx_word' id='word_1_296' title='bbox 3516 4445 3648 4502; x_wconf 89' lang='lat' dir='ltr'><strong>ima-</strong></span> 
     </span>
     <span class='ocr_line' id='line_1_31' title="bbox 837 4538 3648 4614; baseline 0.001 -20"><span class='ocrx_word' id='word_1_297' title='bbox 837 4538 961 4609; x_wconf 82' lang='lat' dir='ltr'><strong>gine</strong></span> <span class='ocrx_word' id='word_1_298' title='bbox 994 4540 1272 4612; x_wconf 86' lang='lat' dir='ltr'><strong>utriusque</strong></span> <span class='ocrx_word' id='word_1_299' title='bbox 1300 4541 1639 4614; x_wconf 89' lang='lat' dir='ltr'><strong>imperatoris</strong></span> <span class='ocrx_word' id='word_1_300' title='bbox 1665 4541 1721 4596; x_wconf 93' lang='lat' dir='ltr'><strong>in</strong></span> <span class='ocrx_word' id='word_1_301' title='bbox 1748 4540 1922 4599; x_wconf 81' lang='lat' dir='ltr'><strong>fronte</strong></span> <span class='ocrx_word' id='word_1_302' title='bbox 1956 4539 2196 4598; x_wconf 89' lang='lat' dir='ltr'><strong>interiori</strong></span> <span class='ocrx_word' id='word_1_303' title='bbox 2232 4539 2472 4613; x_wconf 83' lang='lat' dir='ltr'><strong>ejusdem</strong></span> <span class='ocrx_word' id='word_1_304' title='bbox 2512 4540 2658 4598; x_wconf 84' lang='lat' dir='ltr'><strong>cives</strong></span> <span class='ocrx_word' id='word_1_305' title='bbox 2696 4539 2884 4598; x_wconf 85' lang='lat' dir='ltr'><strong>litteris</strong></span> <span class='ocrx_word' id='word_1_306' title='bbox 2921 4541 3097 4598; x_wconf 88' lang='lat' dir='ltr'><strong>aureis</strong></span> <span class='ocrx_word' id='word_1_307' title='bbox 3130 4540 3343 4614; x_wconf 85' lang='lat' dir='ltr'><strong>depingi</strong></span> <span class='ocrx_word' id='word_1_308' title='bbox 3376 4550 3648 4614; x_wconf 89' lang='lat' dir='ltr'><strong>curarunt,</strong></span> 
     </span>
     <span class='ocr_line' id='line_1_32' title="bbox 836 4645 3648 4724; baseline 0.001 -23"><span class='ocrx_word' id='word_1_309' title='bbox 836 4645 1061 4703; x_wconf 81' lang='lat' dir='ltr'><strong>testibus</strong></span> <span class='ocrx_word' id='word_1_310' title='bbox 1100 4649 1410 4719; x_wconf 57' lang='lat' dir='ltr'><strong>Lautam,</strong></span> <span class='ocrx_word' id='word_1_311' title='bbox 1448 4649 1640 4722; x_wconf 75' lang='lat' dir='ltr'><strong>Speyr.</strong></span> <span class='ocrx_word' id='word_1_312' title='bbox 1683 4648 1940 4706; x_wconf 76' lang='lat' dir='ltr'><strong>Chronik.</strong></span> <span class='ocrx_word' id='word_1_313' title='bbox 1961 4691 1976 4721; x_wconf 88' lang='lat'><strong>,</strong></span> <span class='ocrx_word' id='word_1_314' title='bbox 2006 4666 2062 4722; x_wconf 90' lang='lat' dir='ltr'><strong>p.</strong></span> <span class='ocrx_word' id='word_1_315' title='bbox 2103 4651 2234 4721; x_wconf 81' lang='grc'><strong>466,</strong></span> <span class='ocrx_word' id='word_1_316' title='bbox 2271 4654 2328 4705; x_wconf 86' lang='lat' dir='ltr'><strong>et</strong></span> <span class='ocrx_word' id='word_1_317' title='bbox 2356 4649 2620 4720; x_wconf 68' lang='lat' dir='ltr'><strong>Garssn,</strong></span> <span class='ocrx_word' id='word_1_318' title='bbox 2660 4648 2978 4706; x_wconf 79' lang='lat' dir='ltr'><strong>Kaiserdom</strong></span> <span class='ocrx_word' id='word_1_319' title='bbox 3021 4667 3125 4706; x_wconf 77' lang='lat' dir='ltr'><strong>von</strong></span> <span class='ocrx_word' id='word_1_320' title='bbox 3164 4650 3389 4724; x_wconf 62' lang='lat' dir='ltr'><strong>Spmer,</strong></span> <span class='ocrx_word' id='word_1_321' title='bbox 3428 4668 3486 4724; x_wconf 91' lang='lat' dir='ltr'><strong>p.</strong></span> <span class='ocrx_word' id='word_1_322' title='bbox 3526 4654 3648 4719; x_wconf 86' lang='grc'><strong>444,</strong></span> 
     </span>
     <span class='ocr_line' id='line_1_33' title="bbox 833 4745 1757 4804; baseline 0.005 -8"><span class='ocrx_word' id='word_1_323' title='bbox 833 4748 945 4800; x_wconf 88' lang='lat' dir='ltr'><strong>not.</strong></span> <span class='ocrx_word' id='word_1_324' title='bbox 973 4747 1097 4801; x_wconf 88' lang='grc'><strong>404.</strong></span> <span class='ocrx_word' id='word_1_325' title='bbox 1121 4763 1147 4796; x_wconf 81' lang='grc'><em>»</em></span> <span class='ocrx_word' id='word_1_326' title='bbox 1173 4745 1417 4804; x_wconf 77' lang='lat' dir='ltr'><strong>Menum.</strong></span> <span class='ocrx_word' id='word_1_327' title='bbox 1436 4746 1584 4802; x_wconf 81' lang='lat' dir='ltr'><strong>Boio.</strong></span> <span class='ocrx_word' id='word_1_328' title='bbox 1611 4751 1757 4803; x_wconf 79' lang='lat' dir='ltr'><strong>nota.</strong></span> 
     </span>
    </p>
   </div>
  </div>
 </body>
</html>
