<?xml version="1.0" encoding="UTF-8"?>
<!DOCTYPE html PUBLIC "-//W3C//DTD XHTML 1.0 Transitional//EN"
    "http://www.w3.org/TR/xhtml1/DTD/xhtml1-transitional.dtd">
<html xmlns="http://www.w3.org/1999/xhtml" xml:lang="en" lang="en">
 <head>
  <title>
</title>
<meta http-equiv="Content-Type" content="text/html;charset=utf-8" />
  <meta name='ocr-system' content='tesseract 3.04.00' />
  <meta name='ocr-capabilities' content='ocr_page ocr_carea ocr_par ocr_line ocrx_word'/>
</head>
<body>
  <div class='ocr_page' id='page_1' title='image "./historiadiploma01degoog_0090.png"; bbox 0 0 4842 5802; ppageno 0'>
   <div class='ocr_carea' id='block_1_1' title="bbox 1158 621 3980 977">
    <p class='ocr_par' dir='ltr' id='par_1_1' title="bbox 1158 621 3980 977">
     <span class='ocr_line' id='line_1_1' title="bbox 1158 621 3970 721; baseline 0.006 -37"><span class='ocrx_word' id='word_1_1' title='bbox 1158 621 1280 684; x_wconf 83' lang='lat'>616</span> <span class='ocrx_word' id='word_1_2' title='bbox 2201 626 2547 689; x_wconf 69' lang='lat' dir='ltr'>mmmm</span> <span class='ocrx_word' id='word_1_3' title='bbox 2596 629 2932 690; x_wconf 73' lang='lat' dir='ltr'>SEPTml</span> <span class='ocrx_word' id='word_1_4' title='bbox 3599 637 3758 721; x_wconf 62' lang='lat' dir='ltr'>[Aren.</span> <span class='ocrx_word' id='word_1_5' title='bbox 3796 640 3970 702; x_wconf 74' lang='lat'>1233.</span> 
     </span>
     <span class='ocr_line' id='line_1_2' title="bbox 1161 756 3980 862; baseline 0.006 -33"><span class='ocrx_word' id='word_1_6' title='bbox 1161 756 1486 844; x_wconf 83' lang='lat' dir='ltr'>abbates,</span> <span class='ocrx_word' id='word_1_7' title='bbox 1523 756 1845 829; x_wconf 89' lang='lat' dir='ltr'>Gerlacus</span> <span class='ocrx_word' id='word_1_8' title='bbox 1877 756 1966 829; x_wconf 93' lang='lat' dir='ltr'>de</span> <span class='ocrx_word' id='word_1_9' title='bbox 1993 756 2394 853; x_wconf 80' lang='lat' dir='ltr'>Budingen,</span> <span class='ocrx_word' id='word_1_10' title='bbox 2450 761 2525 833; x_wconf 91' lang='lat' dir='ltr'>C.</span> <span class='ocrx_word' id='word_1_11' title='bbox 2557 763 2887 857; x_wconf 76' lang='lat' dir='ltr'><strong>pincerna</strong></span> <span class='ocrx_word' id='word_1_12' title='bbox 2928 765 3020 840; x_wconf 91' lang='lat' dir='ltr'>de</span> <span class='ocrx_word' id='word_1_13' title='bbox 3043 767 3476 862; x_wconf 86' lang='lat' dir='ltr'>Winterstet,</span> <span class='ocrx_word' id='word_1_14' title='bbox 3532 771 3608 843; x_wconf 90' lang='lat' dir='ltr'>C.</span> <span class='ocrx_word' id='word_1_15' title='bbox 3648 772 3738 846; x_wconf 90' lang='lat' dir='ltr'>de</span> <span class='ocrx_word' id='word_1_16' title='bbox 3769 775 3980 847; x_wconf 91' lang='lat' dir='ltr'>Hini-</span> 
     </span>
     <span class='ocr_line' id='line_1_3' title="bbox 1161 875 2316 977; baseline 0.003 -25"><span class='ocrx_word' id='word_1_17' title='bbox 1161 878 1392 952; x_wconf 87' lang='lat' dir='ltr'>develt</span> <span class='ocrx_word' id='word_1_18' title='bbox 1422 875 1560 977; x_wconf 70' lang='lat' dir='ltr'>(a),</span> <span class='ocrx_word' id='word_1_19' title='bbox 1601 887 1669 951; x_wconf 91' lang='lat' dir='ltr'>et</span> <span class='ocrx_word' id='word_1_20' title='bbox 1699 880 1817 951; x_wconf 90' lang='lat' dir='ltr'>alii</span> <span class='ocrx_word' id='word_1_21' title='bbox 1849 882 2316 976; x_wconf 89' lang='lat' dir='ltr'>quamplures.</span> 
     </span>
    </p>
   </div>
   <div class='ocr_carea' id='block_1_2' title="bbox 1159 1000 3973 1220">
    <p class='ocr_par' dir='ltr' id='par_1_2' title="bbox 1159 1000 3973 1220">
     <span class='ocr_line' id='line_1_4' title="bbox 1258 1000 3973 1107; baseline 0.007 -34"><span class='ocrx_word' id='word_1_22' title='bbox 1258 1000 1505 1074; x_wconf 90' lang='lat' dir='ltr'>Actum</span> <span class='ocrx_word' id='word_1_23' title='bbox 1538 1001 1729 1098; x_wconf 86' lang='lat' dir='ltr'>apud</span> <span class='ocrx_word' id='word_1_24' title='bbox 1755 1003 2200 1098; x_wconf 82' lang='lat' dir='ltr'>Nurenberg,</span> <span class='ocrx_word' id='word_1_25' title='bbox 2256 1027 2440 1079; x_wconf 90' lang='lat' dir='ltr'>anno</span> <span class='ocrx_word' id='word_1_26' title='bbox 2478 1006 2818 1082; x_wconf 90' lang='lat' dir='ltr'>dominice</span> <span class='ocrx_word' id='word_1_27' title='bbox 2855 1010 3341 1087; x_wconf 89' lang='lat' dir='ltr'>incarnationis</span> <span class='ocrx_word' id='word_1_28' title='bbox 3375 1016 3465 1089; x_wconf 84' lang='lat' dir='ltr'>M.</span> <span class='ocrx_word' id='word_1_29' title='bbox 3504 1014 3628 1090; x_wconf 92' lang='lat' dir='ltr'>CC.</span> <span class='ocrx_word' id='word_1_30' title='bbox 3657 1019 3973 1107; x_wconf 88' lang='lat' dir='ltr'>XXXIII,</span> 
     </span>
     <span class='ocr_line' id='line_1_5' title="bbox 1159 1125 2405 1220; baseline 0.003 -22"><span class='ocrx_word' id='word_1_31' title='bbox 1159 1125 1250 1199; x_wconf 86' lang='lat' dir='ltr'>vl</span> <span class='ocrx_word' id='word_1_32' title='bbox 1286 1125 1615 1200; x_wconf 79' lang='lat' dir='ltr'><strong>kalendas</strong></span> <span class='ocrx_word' id='word_1_33' title='bbox 1640 1126 1836 1220; x_wconf 88' lang='lat' dir='ltr'>julii,</span> <span class='ocrx_word' id='word_1_34' title='bbox 1881 1127 2256 1201; x_wconf 78' lang='lat' dir='ltr'>indictione</span> <span class='ocrx_word' id='word_1_35' title='bbox 2291 1131 2405 1202; x_wconf 87' lang='lat' dir='ltr'>Vl.</span> 
     </span>
    </p>
   </div>
   <div class='ocr_carea' id='block_1_3' title="bbox 777 1663 3987 2444">
    <p class='ocr_par' dir='ltr' id='par_1_3' title="bbox 777 1663 3986 2181">
     <span class='ocr_line' id='line_1_6' title="bbox 777 1663 3985 1784; baseline 0.005 -40"><span class='ocrx_word' id='word_1_36' title='bbox 777 1673 1088 1782; x_wconf 47' lang='grc' dir='ltr'>ωηιξη,</span> <span class='ocrx_word' id='word_1_37' title='bbox 1274 1663 1501 1747; x_wconf 91' lang='lat' dir='ltr'>Anno</span> <span class='ocrx_word' id='word_1_38' title='bbox 1561 1665 1868 1750; x_wconf 90' lang='lat' dir='ltr'>Domini</span> <span class='ocrx_word' id='word_1_39' title='bbox 1938 1666 2478 1777; x_wconf 89' lang='lat' dir='ltr'>MCCXXXIII,</span> <span class='ocrx_word' id='word_1_40' title='bbox 2551 1681 2816 1752; x_wconf 82' lang='lat' dir='ltr'>octavo</span> <span class='ocrx_word' id='word_1_41' title='bbox 2875 1669 3244 1754; x_wconf 84' lang='lat' dir='ltr'>kalendas</span> <span class='ocrx_word' id='word_1_42' title='bbox 3305 1675 3609 1784; x_wconf 86' lang='lat' dir='ltr'>augusti</span> <span class='ocrx_word' id='word_1_43' title='bbox 3634 1736 3658 1783; x_wconf 92' lang='lat'>,</span> <span class='ocrx_word' id='word_1_44' title='bbox 3715 1690 3848 1759; x_wconf 79' lang='lat' dir='ltr'>&#39;rex</span> <span class='ocrx_word' id='word_1_45' title='bbox 3910 1688 3985 1760; x_wconf 87' lang='lat' dir='ltr'>et</span> 
     </span>
     <span class='ocr_line' id='line_1_7' title="bbox 907 1782 3986 1911; baseline 0.004 -32"><span class='ocrx_word' id='word_1_46' title='bbox 907 1782 1029 1837; x_wconf 64' lang='lat'>&#39;¹²¹³‘</span> <span class='ocrx_word' id='word_1_47' title='bbox 1169 1795 1660 1906; x_wconf 86' lang='lat' dir='ltr'>Moguntinus</span> <span class='ocrx_word' id='word_1_48' title='bbox 1733 1798 2402 1908; x_wconf 85' lang='lat' dir='ltr'>[archiepiscopus]</span> <span class='ocrx_word' id='word_1_49' title='bbox 2457 1810 2531 1884; x_wconf 85' lang='lat' dir='ltr'>et</span> <span class='ocrx_word' id='word_1_50' title='bbox 2583 1801 2946 1911; x_wconf 86' lang='lat' dir='ltr'>magister</span> <span class='ocrx_word' id='word_1_51' title='bbox 3018 1804 3420 1888; x_wconf 89' lang='lat' dir='ltr'>Cunradus</span> <span class='ocrx_word' id='word_1_52' title='bbox 3469 1807 3566 1890; x_wconf 92' lang='lat' dir='ltr'>de</span> <span class='ocrx_word' id='word_1_53' title='bbox 3631 1808 3986 1893; x_wconf 90' lang='lat' dir='ltr'>Marburc</span> 
     </span>
     <span class='ocr_line' id='line_1_8' title="bbox 1167 1928 3982 2048; baseline 0.004 -36"><span class='ocrx_word' id='word_1_54' title='bbox 1167 1928 1602 2039; x_wconf 85' lang='lat' dir='ltr'>Moguntiae</span> <span class='ocrx_word' id='word_1_55' title='bbox 1637 1942 2096 2014; x_wconf 86' lang='lat' dir='ltr'>conventum</span> <span class='ocrx_word' id='word_1_56' title='bbox 2153 1932 2680 2043; x_wconf 90' lang='lat' dir='ltr'>episcoporum</span> <span class='ocrx_word' id='word_1_57' title='bbox 2733 1943 2808 2017; x_wconf 87' lang='lat' dir='ltr'>et</span> <span class='ocrx_word' id='word_1_58' title='bbox 2841 1934 3208 2017; x_wconf 86' lang='lat' dir='ltr'>comitum</span> <span class='ocrx_word' id='word_1_59' title='bbox 3264 1947 3492 2048; x_wconf 90' lang='lat' dir='ltr'>atque</span> <span class='ocrx_word' id='word_1_60' title='bbox 3533 1941 3982 2025; x_wconf 89' lang='lat' dir='ltr'>clericorum</span> 
     </span>
     <span class='ocr_line' id='line_1_9' title="bbox 1172 2059 3983 2181; baseline 0.005 -39"><span class='ocrx_word' id='word_1_61' title='bbox 1172 2059 1515 2144; x_wconf 85' lang='lat' dir='ltr'>fecerunt</span> <span class='ocrx_word' id='word_1_62' title='bbox 1581 2089 1723 2173; x_wconf 93' lang='lat' dir='ltr'>pro</span> <span class='ocrx_word' id='word_1_63' title='bbox 1786 2063 2247 2172; x_wconf 90' lang='lat' dir='ltr'>quibusdam</span> <span class='ocrx_word' id='word_1_64' title='bbox 2315 2064 2703 2149; x_wconf 87' lang='lat' dir='ltr'>infamatis</span> <span class='ocrx_word' id='word_1_65' title='bbox 2772 2068 2868 2150; x_wconf 92' lang='lat' dir='ltr'>de</span> <span class='ocrx_word' id='word_1_66' title='bbox 2937 2067 3234 2151; x_wconf 90' lang='lat' dir='ltr'>haeresi</span> <span class='ocrx_word' id='word_1_67' title='bbox 3309 2067 3461 2180; x_wconf 88' lang='lat'>(1).</span> <span class='ocrx_word' id='word_1_68' title='bbox 3521 2071 3724 2153; x_wconf 90' lang='lat' dir='ltr'>Inter</span> <span class='ocrx_word' id='word_1_69' title='bbox 3786 2098 3983 2181; x_wconf 91' lang='lat' dir='ltr'>quos</span> 
     </span>
    </p>

    <p class='ocr_par' dir='ltr' id='par_1_4' title="bbox 1169 2196 3987 2309">
     <span class='ocr_line' id='line_1_10' title="bbox 1169 2196 3987 2309; baseline 0.003 -31"><span class='ocrx_word' id='word_1_70' title='bbox 1169 2219 1425 2278; x_wconf 90' lang='lat' dir='ltr'>comes</span> <span class='ocrx_word' id='word_1_71' title='bbox 1461 2196 1557 2278; x_wconf 91' lang='lat' dir='ltr'>de</span> <span class='ocrx_word' id='word_1_72' title='bbox 1594 2196 1813 2279; x_wconf 90' lang='lat' dir='ltr'>Seine</span> <span class='ocrx_word' id='word_1_73' title='bbox 1866 2207 2263 2280; x_wconf 88' lang='lat' dir='ltr'>accusatus</span> <span class='ocrx_word' id='word_1_74' title='bbox 2316 2199 2661 2282; x_wconf 85' lang='lat' dir='ltr'>inducias</span> <span class='ocrx_word' id='word_1_75' title='bbox 2712 2200 3280 2309; x_wconf 83' lang='lat' dir='ltr'>expurgationis</span> <span class='ocrx_word' id='word_1_76' title='bbox 3330 2201 3723 2286; x_wconf 88' lang='lat' dir='ltr'>ulteriores</span> <span class='ocrx_word' id='word_1_77' title='bbox 3774 2203 3987 2287; x_wconf 86' lang='lat' dir='ltr'>obti-</span> 
     </span>
    </p>

    <p class='ocr_par' dir='ltr' id='par_1_5' title="bbox 1171 2328 3983 2444">
     <span class='ocr_line' id='line_1_11' title="bbox 1171 2328 3983 2444; baseline 0.004 -34"><span class='ocrx_word' id='word_1_78' title='bbox 1171 2328 1337 2411; x_wconf 86' lang='lat' dir='ltr'>nuit</span> <span class='ocrx_word' id='word_1_79' title='bbox 1400 2328 1551 2441; x_wconf 77' lang='lat'>(2).</span> <span class='ocrx_word' id='word_1_80' title='bbox 1632 2328 1875 2438; x_wconf 87' lang='lat' dir='ltr'>Super</span> <span class='ocrx_word' id='word_1_81' title='bbox 1942 2331 2277 2441; x_wconf 90' lang='lat' dir='ltr'>reliquos</span> <span class='ocrx_word' id='word_1_82' title='bbox 2357 2357 2537 2415; x_wconf 77' lang='lat' dir='ltr'>vero</span> <span class='ocrx_word' id='word_1_83' title='bbox 2607 2332 2742 2443; x_wconf 93' lang='lat' dir='ltr'>qui</span> <span class='ocrx_word' id='word_1_84' title='bbox 2814 2358 2971 2415; x_wconf 91' lang='lat' dir='ltr'>non</span> <span class='ocrx_word' id='word_1_85' title='bbox 3047 2347 3637 2444; x_wconf 89' lang='lat' dir='ltr'>comparuerunt</span> <span class='ocrx_word' id='word_1_86' title='bbox 3690 2361 3830 2420; x_wconf 89' lang='lat' dir='ltr'>nec</span> <span class='ocrx_word' id='word_1_87' title='bbox 3902 2362 3983 2420; x_wconf 91' lang='lat' dir='ltr'>se</span> 
     </span>
    </p>
   </div>
   <div class='ocr_carea' id='block_1_4' title="bbox 1253 2514 2570 2596">
    <p class='ocr_par' dir='ltr' id='par_1_6' title="bbox 1253 2514 2570 2596">
     <span class='ocr_line' id='line_1_12' title="bbox 1253 2514 2570 2596; baseline 0.003 -21"><span class='ocrx_word' id='word_1_88' title='bbox 1253 2515 1336 2594; x_wconf 82' lang='lat' dir='ltr'>(a)</span> <span class='ocrx_word' id='word_1_89' title='bbox 1381 2517 1786 2578; x_wconf 81' lang='lat' dir='ltr'>verisimiliter</span> <span class='ocrx_word' id='word_1_90' title='bbox 1813 2517 2127 2596; x_wconf 84' lang='lat' dir='ltr'>legendum</span> <span class='ocrx_word' id='word_1_91' title='bbox 2149 2514 2220 2576; x_wconf 73' lang='lat' dir='ltr'>de</span> <span class='ocrx_word' id='word_1_92' title='bbox 2241 2514 2570 2579; x_wconf 69' lang='lat' dir='ltr'>Smidevelt.</span> 
     </span>
    </p>
   </div>
   <div class='ocr_carea' id='block_1_5' title="bbox 2149 2689 2413 2698">
    <p class='ocr_par' dir='ltr' id='par_1_7' title="bbox 2149 2689 2413 2698">
     <span class='ocr_line' id='line_1_13' title="bbox 2149 2689 2413 2698; baseline 0.004 -1"><span class='ocrx_word' id='word_1_93' title='bbox 2149 2689 2413 2698; x_wconf 56' lang='grc' dir='ltr'>-..ιι-ινφ..</span> 
     </span>
    </p>
   </div>
   <div class='ocr_carea' id='block_1_6' title="bbox 2418 2689 2664 2699">
    <p class='ocr_par' dir='ltr' id='par_1_8' title="bbox 2418 2689 2664 2699">
     <span class='ocr_line' id='line_1_14' title="bbox 2418 2689 2664 2699; baseline 0 0"><span class='ocrx_word' id='word_1_94' title='bbox 2418 2689 2664 2699; x_wconf 95' lang='lat' dir='ltr'> </span> 
     </span>
    </p>
   </div>
   <div class='ocr_carea' id='block_1_7' title="bbox 2819 2690 3266 2701">
    <p class='ocr_par' dir='ltr' id='par_1_9' title="bbox 2819 2690 3266 2701">
     <span class='ocr_line' id='line_1_15' title="bbox 2819 2690 3266 2701; baseline 0 3101"><span class='ocrx_word' id='word_1_95' title='bbox 2819 2690 3266 2701; x_wconf 95' lang='lat' dir='ltr'> </span> 
     </span>
    </p>
   </div>
   <div class='ocr_carea' id='block_1_8' title="bbox 3273 2693 3492 2703">
    <p class='ocr_par' dir='ltr' id='par_1_10' title="bbox 3273 2693 3492 2703">
     <span class='ocr_line' id='line_1_16' title="bbox 3273 2693 3492 2703; baseline 0 3099"><span class='ocrx_word' id='word_1_96' title='bbox 3273 2693 3492 2703; x_wconf 95' lang='lat' dir='ltr'> </span> 
     </span>
    </p>
   </div>
   <div class='ocr_carea' id='block_1_9' title="bbox 3497 2695 3766 2705">
    <p class='ocr_par' dir='ltr' id='par_1_11' title="bbox 3497 2695 3766 2705">
     <span class='ocr_line' id='line_1_17' title="bbox 3497 2695 3766 2705; baseline 0 3097"><span class='ocrx_word' id='word_1_97' title='bbox 3497 2695 3766 2705; x_wconf 95' lang='lat' dir='ltr'> </span> 
     </span>
    </p>
   </div>
   <div class='ocr_carea' id='block_1_10' title="bbox 1161 2782 3990 4802">
    <p class='ocr_par' dir='ltr' id='par_1_12' title="bbox 1161 2782 3986 4218">
     <span class='ocr_line' id='line_1_18' title="bbox 1239 2782 3983 2863; baseline 0.004 -24"><span class='ocrx_word' id='word_1_98' title='bbox 1239 2784 1313 2857; x_wconf 74' lang='grc'>(4)</span> <span class='ocrx_word' id='word_1_99' title='bbox 1348 2784 1521 2856; x_wconf 79' lang='lat' dir='ltr'>Hujus</span> <span class='ocrx_word' id='word_1_100' title='bbox 1552 2782 1940 2856; x_wconf 84' lang='lat' dir='ltr'>persecutionis</span> <span class='ocrx_word' id='word_1_101' title='bbox 1973 2788 2223 2840; x_wconf 86' lang='lat' dir='ltr'>auctores</span> <span class='ocrx_word' id='word_1_102' title='bbox 2255 2782 2423 2841; x_wconf 79' lang='lat' dir='ltr'>fuisse</span> <span class='ocrx_word' id='word_1_103' title='bbox 2456 2783 2706 2841; x_wconf 88' lang='lat' dir='ltr'>dicuntur</span> <span class='ocrx_word' id='word_1_104' title='bbox 2726 2784 2943 2857; x_wconf 87' lang='lat' dir='ltr'>quidam</span> <span class='ocrx_word' id='word_1_105' title='bbox 2985 2784 3148 2845; x_wconf 81' lang='lat' dir='ltr'>frater</span> <span class='ocrx_word' id='word_1_106' title='bbox 3181 2785 3357 2845; x_wconf 89' lang='lat' dir='ltr'>dictus</span> <span class='ocrx_word' id='word_1_107' title='bbox 3387 2786 3662 2846; x_wconf 85' lang='lat' dir='ltr'>Conradus</span> <span class='ocrx_word' id='word_1_108' title='bbox 3685 2793 3874 2863; x_wconf 87' lang='lat' dir='ltr'>Dorso,</span> <span class='ocrx_word' id='word_1_109' title='bbox 3914 2792 3983 2851; x_wconf 87' lang='lat' dir='ltr'>de</span> 
     </span>
     <span class='ocr_line' id='line_1_19' title="bbox 1168 2880 3986 2957; baseline 0.003 -17"><span class='ocrx_word' id='word_1_110' title='bbox 1168 2881 1358 2940; x_wconf 89' lang='lat' dir='ltr'>ordine</span> <span class='ocrx_word' id='word_1_111' title='bbox 1383 2880 1832 2951; x_wconf 88' lang='lat' dir='ltr'>Praedicatorum,</span> <span class='ocrx_word' id='word_1_112' title='bbox 1866 2885 1922 2937; x_wconf 89' lang='lat' dir='ltr'>et</span> <span class='ocrx_word' id='word_1_113' title='bbox 1948 2880 2166 2953; x_wconf 91' lang='lat' dir='ltr'>quidam</span> <span class='ocrx_word' id='word_1_114' title='bbox 2192 2880 2447 2939; x_wconf 85' lang='lat' dir='ltr'>secularis</span> <span class='ocrx_word' id='word_1_115' title='bbox 2482 2881 2696 2940; x_wconf 88' lang='lat' dir='ltr'>nomine</span> <span class='ocrx_word' id='word_1_116' title='bbox 2726 2881 2999 2940; x_wconf 70' lang='lat' dir='ltr'>lohannes</span> <span class='ocrx_word' id='word_1_117' title='bbox 3035 2901 3063 2938; x_wconf 73' lang='grc' dir='ltr'><strong>α</strong></span> <span class='ocrx_word' id='word_1_118' title='bbox 3100 2884 3192 2957; x_wconf 91' lang='lat' dir='ltr'>qui</span> <span class='ocrx_word' id='word_1_119' title='bbox 3227 2890 3347 2942; x_wconf 87' lang='lat' dir='ltr'>erat</span> <span class='ocrx_word' id='word_1_120' title='bbox 3370 2884 3552 2944; x_wconf 89' lang='lat' dir='ltr'>luscus</span> <span class='ocrx_word' id='word_1_121' title='bbox 3585 2893 3642 2944; x_wconf 90' lang='lat' dir='ltr'>et</span> <span class='ocrx_word' id='word_1_122' title='bbox 3666 2903 3891 2948; x_wconf 89' lang='lat' dir='ltr'>mancus</span> <span class='ocrx_word' id='word_1_123' title='bbox 3928 2896 3986 2948; x_wconf 89' lang='lat' dir='ltr'>et</span> 
     </span>
     <span class='ocr_line' id='line_1_20' title="bbox 1171 2977 3984 3055; baseline 0.004 -22"><span class='ocrx_word' id='word_1_124' title='bbox 1171 2999 1200 3033; x_wconf 71' lang='lat' dir='ltr'>n</span> <span class='ocrx_word' id='word_1_125' title='bbox 1234 2994 1360 3036; x_wconf 88' lang='lat' dir='ltr'>vere</span> <span class='ocrx_word' id='word_1_126' title='bbox 1387 2983 1530 3034; x_wconf 88' lang='lat' dir='ltr'>totus</span> <span class='ocrx_word' id='word_1_127' title='bbox 1555 2993 1809 3050; x_wconf 88' lang='lat' dir='ltr'>nequam.</span> <span class='ocrx_word' id='word_1_128' title='bbox 1838 2994 1866 3029; x_wconf 70' lang='grc' dir='ltr'><strong><em>ι</em></strong></span> <span class='ocrx_word' id='word_1_129' title='bbox 1897 2977 2000 3046; x_wconf 89' lang='lat' dir='ltr'>Qui</span> <span class='ocrx_word' id='word_1_130' title='bbox 2041 2983 2326 3050; x_wconf 87' lang='lat' dir='ltr'>postquam</span> <span class='ocrx_word' id='word_1_131' title='bbox 2352 2979 2552 3036; x_wconf 89' lang='lat' dir='ltr'>multos</span> <span class='ocrx_word' id='word_1_132' title='bbox 2587 2977 2655 3036; x_wconf 89' lang='lat' dir='ltr'>de</span> <span class='ocrx_word' id='word_1_133' title='bbox 2691 2978 2849 3052; x_wconf 87' lang='lat' dir='ltr'>plebe</span> <span class='ocrx_word' id='word_1_134' title='bbox 2895 2985 3144 3052; x_wconf 86' lang='lat' dir='ltr'>tanquam</span> <span class='ocrx_word' id='word_1_135' title='bbox 3190 2980 3517 3055; x_wconf 86' lang='lat' dir='ltr'>haereticos,</span> <span class='ocrx_word' id='word_1_136' title='bbox 3550 2984 3769 3042; x_wconf 89' lang='lat' dir='ltr'>minime</span> <span class='ocrx_word' id='word_1_137' title='bbox 3805 2992 3984 3044; x_wconf 85' lang='lat' dir='ltr'>tamen</span> 
     </span>
     <span class='ocr_line' id='line_1_21' title="bbox 1161 3074 3983 3152; baseline 0.002 -18"><span class='ocrx_word' id='word_1_138' title='bbox 1161 3076 1363 3151; x_wconf 89' lang='lat' dir='ltr'>judicio</span> <span class='ocrx_word' id='word_1_139' title='bbox 1397 3076 1697 3146; x_wconf 87' lang='lat' dir='ltr'>convictos,</span> <span class='ocrx_word' id='word_1_140' title='bbox 1731 3074 1961 3131; x_wconf 87' lang='lat' dir='ltr'>flammis</span> <span class='ocrx_word' id='word_1_141' title='bbox 2004 3074 2374 3146; x_wconf 81' lang='lat' dir='ltr'>tradidissent,</span> <span class='ocrx_word' id='word_1_142' title='bbox 2415 3096 2444 3129; x_wconf 72' lang='grc' dir='ltr'><strong>α</strong></span> <span class='ocrx_word' id='word_1_143' title='bbox 2488 3076 2836 3134; x_wconf 82' lang='lat' dir='ltr'>adtraxerunt</span> <span class='ocrx_word' id='word_1_144' title='bbox 2872 3076 2978 3134; x_wconf 87' lang='lat' dir='ltr'>sibi</span> <span class='ocrx_word' id='word_1_145' title='bbox 3012 3078 3315 3135; x_wconf 86' lang='lat' dir='ltr'>Heinricum</span> <span class='ocrx_word' id='word_1_146' title='bbox 3347 3095 3528 3152; x_wconf 86' lang='lat' dir='ltr'>regem</span> <span class='ocrx_word' id='word_1_147' title='bbox 3563 3086 3619 3136; x_wconf 84' lang='lat' dir='ltr'>et</span> <span class='ocrx_word' id='word_1_148' title='bbox 3652 3081 3894 3140; x_wconf 85' lang='lat' dir='ltr'>dominos</span> <span class='ocrx_word' id='word_1_149' title='bbox 3927 3083 3983 3140; x_wconf 93' lang='lat' dir='ltr'>in</span> 
     </span>
     <span class='ocr_line' id='line_1_22' title="bbox 1171 3171 3982 3249; baseline 0.003 -20"><span class='ocrx_word' id='word_1_150' title='bbox 1171 3173 1318 3229; x_wconf 89' lang='lat' dir='ltr'>hunc</span> <span class='ocrx_word' id='word_1_151' title='bbox 1355 3172 1573 3228; x_wconf 89' lang='lat' dir='ltr'>modum</span> <span class='ocrx_word' id='word_1_152' title='bbox 1609 3190 1624 3227; x_wconf 69' lang='grc' dir='ltr'><strong><em>τ</em></strong></span> <span class='ocrx_word' id='word_1_153' title='bbox 1663 3192 1690 3225; x_wconf 79' lang='grc' dir='ltr'>ι</span> <span class='ocrx_word' id='word_1_154' title='bbox 1722 3173 1863 3228; x_wconf 87' lang='lat' dir='ltr'>Ecce</span> <span class='ocrx_word' id='word_1_155' title='bbox 1905 3187 2005 3229; x_wconf 90' lang='lat' dir='ltr'>nos</span> <span class='ocrx_word' id='word_1_156' title='bbox 2059 3172 2436 3230; x_wconf 87' lang='lat' dir='ltr'>comburemus</span> <span class='ocrx_word' id='word_1_157' title='bbox 2478 3172 2671 3230; x_wconf 82' lang='lat' dir='ltr'>divites</span> <span class='ocrx_word' id='word_1_158' title='bbox 2704 3171 2900 3231; x_wconf 90' lang='lat' dir='ltr'>multos</span> <span class='ocrx_word' id='word_1_159' title='bbox 2932 3180 2990 3230; x_wconf 88' lang='lat' dir='ltr'>et</span> <span class='ocrx_word' id='word_1_160' title='bbox 3018 3173 3163 3231; x_wconf 90' lang='lat' dir='ltr'>bona</span> <span class='ocrx_word' id='word_1_161' title='bbox 3205 3176 3444 3249; x_wconf 87' lang='lat' dir='ltr'>ipsorum</span> <span class='ocrx_word' id='word_1_162' title='bbox 3484 3176 3778 3236; x_wconf 88' lang='lat' dir='ltr'>habebitis.</span> <span class='ocrx_word' id='word_1_163' title='bbox 3819 3179 3890 3236; x_wconf 88' lang='lat' dir='ltr'>Et</span> <span class='ocrx_word' id='word_1_164' title='bbox 3925 3180 3982 3237; x_wconf 92' lang='lat' dir='ltr'>in</span> 
     </span>
     <span class='ocr_line' id='line_1_23' title="bbox 1172 3269 3982 3349; baseline 0.002 -26"><span class='ocrx_word' id='word_1_165' title='bbox 1172 3290 1201 3323; x_wconf 71' lang='grc' dir='ltr'><strong>ι</strong></span> <span class='ocrx_word' id='word_1_166' title='bbox 1234 3269 1542 3327; x_wconf 84' lang='lat' dir='ltr'>civitatibus</span> <span class='ocrx_word' id='word_1_167' title='bbox 1563 3269 1978 3344; x_wconf 85' lang='lat' dir='ltr'>episcopalibus,</span> <span class='ocrx_word' id='word_1_168' title='bbox 2000 3269 2220 3342; x_wconf 87' lang='lat' dir='ltr'>recipiet</span> <span class='ocrx_word' id='word_1_169' title='bbox 2237 3270 2520 3343; x_wconf 87' lang='lat' dir='ltr'>episcopus</span> <span class='ocrx_word' id='word_1_170' title='bbox 2540 3269 2881 3326; x_wconf 86' lang='lat' dir='ltr'>medietatem</span> <span class='ocrx_word' id='word_1_171' title='bbox 2900 3275 2957 3327; x_wconf 88' lang='lat' dir='ltr'>et</span> <span class='ocrx_word' id='word_1_172' title='bbox 2972 3286 3067 3329; x_wconf 87' lang='lat' dir='ltr'>rex</span> <span class='ocrx_word' id='word_1_173' title='bbox 3082 3272 3171 3329; x_wconf 86' lang='lat' dir='ltr'>vel</span> <span class='ocrx_word' id='word_1_174' title='bbox 3194 3272 3330 3329; x_wconf 87' lang='lat' dir='ltr'>alius</span> <span class='ocrx_word' id='word_1_175' title='bbox 3341 3273 3505 3345; x_wconf 75' lang='lat' dir='ltr'>Judex</span> <span class='ocrx_word' id='word_1_176' title='bbox 3528 3274 3687 3330; x_wconf 85' lang='lat' dir='ltr'>aliam</span> <span class='ocrx_word' id='word_1_177' title='bbox 3708 3282 3936 3349; x_wconf 87' lang='lat' dir='ltr'>partem.</span> <span class='ocrx_word' id='word_1_178' title='bbox 3953 3294 3982 3330; x_wconf 71' lang='grc' dir='ltr'><strong><em>ι</em></strong></span> 
     </span>
     <span class='ocr_line' id='line_1_24' title="bbox 1168 3365 3986 3439; baseline 0.003 -16"><span class='ocrx_word' id='word_1_179' title='bbox 1168 3366 1240 3424; x_wconf 83' lang='lat' dir='ltr'>Bt</span> <span class='ocrx_word' id='word_1_180' title='bbox 1286 3366 1455 3439; x_wconf 86' lang='lat' dir='ltr'>gavisi</span> <span class='ocrx_word' id='word_1_181' title='bbox 1495 3371 1623 3423; x_wconf 91' lang='lat' dir='ltr'>sunt</span> <span class='ocrx_word' id='word_1_182' title='bbox 1652 3366 1850 3423; x_wconf 89' lang='lat' dir='ltr'>domini</span> <span class='ocrx_word' id='word_1_183' title='bbox 1885 3366 2194 3424; x_wconf 85' lang='lat' dir='ltr'>assistentes</span> <span class='ocrx_word' id='word_1_184' title='bbox 2227 3366 2359 3438; x_wconf 89' lang='lat' dir='ltr'>ipsis</span> <span class='ocrx_word' id='word_1_185' title='bbox 2384 3373 2444 3422; x_wconf 83' lang='lat' dir='ltr'>et</span> <span class='ocrx_word' id='word_1_186' title='bbox 2473 3365 2730 3423; x_wconf 89' lang='lat' dir='ltr'>ducentes</span> <span class='ocrx_word' id='word_1_187' title='bbox 2764 3382 2858 3423; x_wconf 89' lang='lat' dir='ltr'>eos</span> <span class='ocrx_word' id='word_1_188' title='bbox 2890 3367 2948 3423; x_wconf 89' lang='lat' dir='ltr'>in</span> <span class='ocrx_word' id='word_1_189' title='bbox 2977 3367 3221 3425; x_wconf 87' lang='lat' dir='ltr'>civitates</span> <span class='ocrx_word' id='word_1_190' title='bbox 3265 3374 3321 3425; x_wconf 87' lang='lat' dir='ltr'>et</span> <span class='ocrx_word' id='word_1_191' title='bbox 3365 3368 3519 3426; x_wconf 81' lang='lat' dir='ltr'>villas</span> <span class='ocrx_word' id='word_1_192' title='bbox 3556 3386 3770 3430; x_wconf 98' lang='grc' dir='ltr'><strong>θυαε.</strong></span> <span class='ocrx_word' id='word_1_193' title='bbox 3812 3378 3869 3429; x_wconf 84' lang='lat' dir='ltr'>et</span> <span class='ocrx_word' id='word_1_194' title='bbox 3904 3373 3986 3431; x_wconf 89' lang='lat' dir='ltr'>sic</span> 
     </span>
     <span class='ocr_line' id='line_1_25' title="bbox 1168 3462 3986 3540; baseline 0.002 -18"><span class='ocrx_word' id='word_1_195' title='bbox 1168 3464 1324 3522; x_wconf 91' lang='lat' dir='ltr'>multi</span> <span class='ocrx_word' id='word_1_196' title='bbox 1361 3463 1670 3521; x_wconf 89' lang='lat' dir='ltr'>innocentes</span> <span class='ocrx_word' id='word_1_197' title='bbox 1704 3463 2017 3520; x_wconf 86' lang='lat' dir='ltr'>interierunt</span> <span class='ocrx_word' id='word_1_198' title='bbox 2059 3468 2281 3536; x_wconf 89' lang='lat' dir='ltr'>propter</span> <span class='ocrx_word' id='word_1_199' title='bbox 2323 3462 2469 3520; x_wconf 88' lang='lat' dir='ltr'>bona</span> <span class='ocrx_word' id='word_1_200' title='bbox 2511 3478 2608 3520; x_wconf 90' lang='lat' dir='ltr'>sua</span> <span class='ocrx_word' id='word_1_201' title='bbox 2643 3479 2742 3536; x_wconf 89' lang='lat' dir='ltr'>per</span> <span class='ocrx_word' id='word_1_202' title='bbox 2779 3463 3026 3521; x_wconf 87' lang='lat' dir='ltr'>dominos</span> <span class='ocrx_word' id='word_1_203' title='bbox 3072 3465 3188 3538; x_wconf 86' lang='lat' dir='ltr'>ipsa</span> <span class='ocrx_word' id='word_1_204' title='bbox 3232 3466 3572 3540; x_wconf 87' lang='lat' dir='ltr'>accipientes.</span> <span class='ocrx_word' id='word_1_205' title='bbox 3614 3468 3815 3528; x_wconf 82' lang='lat' dir='ltr'>videns</span> <span class='ocrx_word' id='word_1_206' title='bbox 3851 3469 3986 3529; x_wconf 85' lang='lat' dir='ltr'>haec</span> 
     </span>
     <span class='ocr_line' id='line_1_26' title="bbox 1168 3559 3977 3642; baseline 0.002 -24"><span class='ocrx_word' id='word_1_207' title='bbox 1168 3561 1402 3636; x_wconf 90' lang='lat' dir='ltr'>populus</span> <span class='ocrx_word' id='word_1_208' title='bbox 1428 3562 1682 3619; x_wconf 89' lang='lat' dir='ltr'>misertus</span> <span class='ocrx_word' id='word_1_209' title='bbox 1710 3566 1766 3616; x_wconf 88' lang='lat' dir='ltr'>et</span> <span class='ocrx_word' id='word_1_210' title='bbox 1784 3560 1976 3617; x_wconf 91' lang='lat' dir='ltr'>timens</span> <span class='ocrx_word' id='word_1_211' title='bbox 1993 3559 2125 3615; x_wconf 82' lang='lat' dir='ltr'>dixit</span> <span class='ocrx_word' id='word_1_212' title='bbox 2156 3561 2225 3617; x_wconf 89' lang='lat' dir='ltr'>ad</span> <span class='ocrx_word' id='word_1_213' title='bbox 2249 3575 2344 3617; x_wconf 89' lang='lat' dir='ltr'>eos</span> <span class='ocrx_word' id='word_1_214' title='bbox 2375 3577 2391 3615; x_wconf 69' lang='grc' dir='ltr'>ι</span> <span class='ocrx_word' id='word_1_215' title='bbox 2426 3580 2454 3613; x_wconf 71' lang='grc' dir='ltr'><strong>α</strong></span> <span class='ocrx_word' id='word_1_216' title='bbox 2483 3560 2663 3630; x_wconf 87' lang='lat' dir='ltr'>Quare</span> <span class='ocrx_word' id='word_1_217' title='bbox 2698 3560 2778 3618; x_wconf 92' lang='lat' dir='ltr'>sic</span> <span class='ocrx_word' id='word_1_218' title='bbox 2802 3560 3088 3634; x_wconf 86' lang='lat' dir='ltr'>proceditis</span> <span class='ocrx_word' id='word_1_219' title='bbox 3113 3579 3175 3632; x_wconf 72' lang='grc' dir='ltr'>»ς</span> <span class='ocrx_word' id='word_1_220' title='bbox 3210 3566 3266 3617; x_wconf 90' lang='lat' dir='ltr'>et</span> <span class='ocrx_word' id='word_1_221' title='bbox 3298 3562 3402 3635; x_wconf 90' lang='lat' dir='ltr'>ipsi</span> <span class='ocrx_word' id='word_1_222' title='bbox 3433 3564 3722 3621; x_wconf 88' lang='lat' dir='ltr'>enormiter</span> <span class='ocrx_word' id='word_1_223' title='bbox 3752 3581 3977 3642; x_wconf 89' lang='lat' dir='ltr'>respon·</span> 
     </span>
     <span class='ocr_line' id='line_1_27' title="bbox 1166 3656 3979 3733; baseline 0 -17"><span class='ocrx_word' id='word_1_224' title='bbox 1166 3659 1342 3717; x_wconf 92' lang='lat' dir='ltr'>dendo</span> <span class='ocrx_word' id='word_1_225' title='bbox 1380 3659 1630 3715; x_wconf 88' lang='lat' dir='ltr'>dicebant</span> <span class='ocrx_word' id='word_1_226' title='bbox 1668 3676 1683 3714; x_wconf 76' lang='grc' dir='ltr'>ε</span> <span class='ocrx_word' id='word_1_227' title='bbox 1727 3678 1755 3711; x_wconf 72' lang='grc' dir='ltr'><strong>α</strong></span> <span class='ocrx_word' id='word_1_228' title='bbox 1798 3657 2068 3715; x_wconf 80' lang='lat' dir='ltr'>vellemus</span> <span class='ocrx_word' id='word_1_229' title='bbox 2107 3656 2423 3715; x_wconf 87' lang='lat' dir='ltr'>comburere</span> <span class='ocrx_word' id='word_1_230' title='bbox 2463 3663 2683 3714; x_wconf 86' lang='lat' dir='ltr'>centum</span> <span class='ocrx_word' id='word_1_231' title='bbox 2723 3658 3033 3715; x_wconf 87' lang='lat' dir='ltr'>innocentes</span> <span class='ocrx_word' id='word_1_232' title='bbox 3067 3659 3206 3716; x_wconf 89' lang='lat' dir='ltr'>inter</span> <span class='ocrx_word' id='word_1_233' title='bbox 3243 3675 3379 3733; x_wconf 91' lang='lat' dir='ltr'>quos</span> <span class='ocrx_word' id='word_1_234' title='bbox 3415 3668 3561 3718; x_wconf 68' lang='lat' dir='ltr'>oeset</span> <span class='ocrx_word' id='word_1_235' title='bbox 3602 3678 3743 3721; x_wconf 88' lang='lat' dir='ltr'>unus</span> <span class='ocrx_word' id='word_1_236' title='bbox 3777 3679 3919 3722; x_wconf 86' lang='lat' dir='ltr'>reus.</span> <span class='ocrx_word' id='word_1_237' title='bbox 3952 3682 3979 3716; x_wconf 73' lang='lat' dir='ltr'>n</span> 
     </span>
     <span class='ocr_line' id='line_1_28' title="bbox 1266 3753 3984 3832; baseline 0.001 -19.898"><span class='ocrx_word' id='word_1_238' title='bbox 1266 3754 1346 3810; x_wconf 87' lang='lat' dir='ltr'>nli</span> <span class='ocrx_word' id='word_1_239' title='bbox 1376 3755 1482 3813; x_wconf 89' lang='lat' dir='ltr'>duo</span> <span class='ocrx_word' id='word_1_240' title='bbox 1516 3761 1578 3812; x_wconf 87' lang='lat' dir='ltr'>ut</span> <span class='ocrx_word' id='word_1_241' title='bbox 1602 3753 1845 3811; x_wconf 81' lang='lat' dir='ltr'>fortiores</span> <span class='ocrx_word' id='word_1_242' title='bbox 1868 3753 2073 3823; x_wconf 86' lang='lat' dir='ltr'>fierent,</span> <span class='ocrx_word' id='word_1_243' title='bbox 2105 3758 2448 3810; x_wconf 84' lang='lat' dir='ltr'>accesserunt</span> <span class='ocrx_word' id='word_1_244' title='bbox 2472 3753 2541 3810; x_wconf 87' lang='lat' dir='ltr'>ad</span> <span class='ocrx_word' id='word_1_245' title='bbox 2567 3753 2786 3810; x_wconf 78' lang='lat' dir='ltr'>tratrem</span> <span class='ocrx_word' id='word_1_246' title='bbox 2827 3753 3129 3812; x_wconf 88' lang='lat' dir='ltr'>Conradum</span> <span class='ocrx_word' id='word_1_247' title='bbox 3168 3754 3235 3812; x_wconf 91' lang='lat' dir='ltr'>de</span> <span class='ocrx_word' id='word_1_248' title='bbox 3269 3756 3544 3832; x_wconf 65' lang='lat' dir='ltr'>marburg,</span> <span class='ocrx_word' id='word_1_249' title='bbox 3583 3759 3675 3832; x_wconf 91' lang='lat' dir='ltr'>qui</span> <span class='ocrx_word' id='word_1_250' title='bbox 3705 3765 3826 3816; x_wconf 86' lang='lat' dir='ltr'>erat</span> <span class='ocrx_word' id='word_1_251' title='bbox 3853 3774 3984 3818; x_wconf 91' lang='lat' dir='ltr'>con·</span> 
     </span>
     <span class='ocr_line' id='line_1_29' title="bbox 1165 3849 3983 3926; baseline 0.002 -18"><span class='ocrx_word' id='word_1_252' title='bbox 1165 3850 1339 3908; x_wconf 75' lang='lat' dir='ltr'>sessor</span> <span class='ocrx_word' id='word_1_253' title='bbox 1370 3857 1590 3908; x_wconf 71' lang='lat' dir='ltr'>sanctae</span> <span class='ocrx_word' id='word_1_254' title='bbox 1629 3850 1967 3908; x_wconf 85' lang='lat' dir='ltr'>Elizabethae</span> <span class='ocrx_word' id='word_1_255' title='bbox 2012 3856 2069 3908; x_wconf 89' lang='lat' dir='ltr'>et</span> <span class='ocrx_word' id='word_1_256' title='bbox 2102 3851 2254 3924; x_wconf 87' lang='lat' dir='ltr'>quasi</span> <span class='ocrx_word' id='word_1_257' title='bbox 2283 3849 2545 3924; x_wconf 84' lang='lat' dir='ltr'>propheta</span> <span class='ocrx_word' id='word_1_258' title='bbox 2578 3851 2946 3924; x_wconf 90' lang='lat' dir='ltr'>reputabatur.</span> <span class='ocrx_word' id='word_1_259' title='bbox 2980 3851 3051 3908; x_wconf 84' lang='lat' dir='ltr'>Et</span> <span class='ocrx_word' id='word_1_260' title='bbox 3081 3851 3411 3910; x_wconf 86' lang='lat' dir='ltr'>attrahentes</span> <span class='ocrx_word' id='word_1_261' title='bbox 3439 3855 3541 3911; x_wconf 87' lang='lat' dir='ltr'>sihi</span> <span class='ocrx_word' id='word_1_262' title='bbox 3574 3854 3743 3923; x_wconf 84' lang='lat' dir='ltr'>illum,</span> <span class='ocrx_word' id='word_1_263' title='bbox 3767 3870 3983 3926; x_wconf 88' lang='lat' dir='ltr'>proces·</span> 
     </span>
     <span class='ocr_line' id='line_1_30' title="bbox 1165 3947 3978 4024; baseline 0 -18"><span class='ocrx_word' id='word_1_264' title='bbox 1165 3953 1350 4006; x_wconf 84' lang='lat' dir='ltr'>serunt</span> <span class='ocrx_word' id='word_1_265' title='bbox 1387 3948 1614 4019; x_wconf 58' lang='lat' dir='ltr'>inssomni</span> <span class='ocrx_word' id='word_1_266' title='bbox 1650 3948 1790 4005; x_wconf 86' lang='lat' dir='ltr'>t&#39;acto</span> <span class='ocrx_word' id='word_1_267' title='bbox 1825 3964 1956 4018; x_wconf 92' lang='lat' dir='ltr'>suo,</span> <span class='ocrx_word' id='word_1_268' title='bbox 1994 3948 2122 4020; x_wconf 91' lang='lat' dir='ltr'>quia</span> <span class='ocrx_word' id='word_1_269' title='bbox 2165 3948 2281 4020; x_wconf 89' lang='lat' dir='ltr'>ipse</span> <span class='ocrx_word' id='word_1_270' title='bbox 2323 3953 2440 4004; x_wconf 90' lang='lat' dir='ltr'>erat</span> <span class='ocrx_word' id='word_1_271' title='bbox 2468 3947 2636 4020; x_wconf 86' lang='lat' dir='ltr'>judex</span> <span class='ocrx_word' id='word_1_272' title='bbox 2678 3949 2794 4005; x_wconf 89' lang='lat' dir='ltr'>sine</span> <span class='ocrx_word' id='word_1_273' title='bbox 2830 3949 3217 4006; x_wconf 88' lang='lat' dir='ltr'>misericordia.</span> <span class='ocrx_word' id='word_1_274' title='bbox 3250 3967 3278 4002; x_wconf 70' lang='grc' dir='ltr'><strong><em>ι</em></strong></span> <span class='ocrx_word' id='word_1_275' title='bbox 3317 3951 3517 4007; x_wconf 79' lang='lat' dir='ltr'>Annal.</span> <span class='ocrx_word' id='word_1_276' title='bbox 3562 3951 3818 4006; x_wconf 81' lang='lat' dir='ltr'>Wormat.</span> <span class='ocrx_word' id='word_1_277' title='bbox 3838 3991 3853 4020; x_wconf 99' lang='lat'>,</span> <span class='ocrx_word' id='word_1_278' title='bbox 3890 3966 3978 4024; x_wconf 88' lang='lat' dir='ltr'>ap.</span> 
     </span>
     <span class='ocr_line' id='line_1_31' title="bbox 1164 4044 3980 4120; baseline -0 -17"><span class='ocrx_word' id='word_1_279' title='bbox 1164 4046 1456 4116; x_wconf 74' lang='grc' dir='ltr'>Βοιωιεα,</span> <span class='ocrx_word' id='word_1_280' title='bbox 1478 4047 1690 4115; x_wconf 75' lang='lat' dir='ltr'>Fontes,</span> <span class='ocrx_word' id='word_1_281' title='bbox 1706 4050 1745 4100; x_wconf 93' lang='lat' dir='ltr'>t.</span> <span class='ocrx_word' id='word_1_282' title='bbox 1770 4047 1836 4115; x_wconf 85' lang='grc' dir='ltr'>ΙΙ,</span> <span class='ocrx_word' id='word_1_283' title='bbox 1875 4063 1931 4120; x_wconf 91' lang='lat' dir='ltr'>p.</span> <span class='ocrx_word' id='word_1_284' title='bbox 1975 4047 2080 4100; x_wconf 78' lang='grc'>475</span> <span class='ocrx_word' id='word_1_285' title='bbox 2108 4052 2165 4101; x_wconf 85' lang='lat' dir='ltr'>et</span> <span class='ocrx_word' id='word_1_286' title='bbox 2189 4046 2314 4100; x_wconf 77' lang='grc'><strong>476.</strong></span> <span class='ocrx_word' id='word_1_287' title='bbox 2344 4044 2425 4099; x_wconf 84' lang='lat' dir='ltr'>Ct&#39;.</span> <span class='ocrx_word' id='word_1_288' title='bbox 2456 4044 2744 4118; x_wconf 65' lang='lat' dir='ltr'>mmo„</span> <span class='ocrx_word' id='word_1_289' title='bbox 2769 4060 2857 4119; x_wconf 90' lang='lat' dir='ltr'>ap.</span> <span class='ocrx_word' id='word_1_290' title='bbox 2897 4046 3185 4117; x_wconf 75' lang='lat' dir='ltr'>Lmnmrz,</span> <span class='ocrx_word' id='word_1_291' title='bbox 3220 4049 3447 4117; x_wconf 66' lang='lat' dir='ltr'>Access„</span> <span class='ocrx_word' id='word_1_292' title='bbox 3478 4046 3546 4117; x_wconf 88' lang='lat'>11,</span> <span class='ocrx_word' id='word_1_293' title='bbox 3572 4045 3675 4102; x_wconf 68' lang='lat'>5⁴⁴</span> <span class='ocrx_word' id='word_1_294' title='bbox 3696 4087 3711 4116; x_wconf 99' lang='lat'>,</span> <span class='ocrx_word' id='word_1_295' title='bbox 3744 4050 3800 4102; x_wconf 86' lang='lat' dir='ltr'>et</span> <span class='ocrx_word' id='word_1_296' title='bbox 3838 4045 3980 4103; x_wconf 65' lang='grc' dir='ltr'><strong>θοαί.</strong></span> 
     </span>
     <span class='ocr_line' id='line_1_32' title="bbox 1169 4144 2017 4218; baseline -0.005 -17"><span class='ocrx_word' id='word_1_297' title='bbox 1169 4145 1404 4213; x_wconf 68' lang='lat' dir='ltr'>Treuir„</span> <span class='ocrx_word' id='word_1_298' title='bbox 1429 4160 1518 4218; x_wconf 92' lang='lat' dir='ltr'>ap.</span> <span class='ocrx_word' id='word_1_299' title='bbox 1547 4144 1868 4211; x_wconf 74' lang='lat' dir='ltr'>Hom-amu,</span> <span class='ocrx_word' id='word_1_300' title='bbox 1890 4145 2017 4198; x_wconf 83' lang='grc'><strong>798.</strong></span> 
     </span>
    </p>

    <p class='ocr_par' dir='ltr' id='par_1_13' title="bbox 1162 4237 3990 4802">
     <span class='ocr_line' id='line_1_33' title="bbox 1237 4237 3982 4315; baseline -0 -16"><span class='ocrx_word' id='word_1_301' title='bbox 1237 4242 1309 4315; x_wconf 76' lang='lat'>(2)</span> <span class='ocrx_word' id='word_1_302' title='bbox 1336 4263 1361 4294; x_wconf 78' lang='grc' dir='ltr'><strong>α</strong></span> <span class='ocrx_word' id='word_1_303' title='bbox 1384 4240 1553 4299; x_wconf 87' lang='lat' dir='ltr'>Valde</span> <span class='ocrx_word' id='word_1_304' title='bbox 1574 4239 1880 4295; x_wconf 87' lang='lat' dir='ltr'>institerunt</span> <span class='ocrx_word' id='word_1_305' title='bbox 1902 4237 2113 4294; x_wconf 93' lang='lat' dir='ltr'>domino</span> <span class='ocrx_word' id='word_1_306' title='bbox 2138 4237 2385 4294; x_wconf 76' lang='lat' dir='ltr'>Heinrico</span> <span class='ocrx_word' id='word_1_307' title='bbox 2411 4237 2600 4294; x_wconf 85' lang='lat' dir='ltr'>illustri</span> <span class='ocrx_word' id='word_1_308' title='bbox 2623 4239 2803 4296; x_wconf 90' lang='lat' dir='ltr'>comiti</span> <span class='ocrx_word' id='word_1_309' title='bbox 2823 4238 3064 4296; x_wconf 88' lang='lat' dir='ltr'>Seinensi</span> <span class='ocrx_word' id='word_1_310' title='bbox 3082 4240 3175 4313; x_wconf 92' lang='lat' dir='ltr'>qui</span> <span class='ocrx_word' id='word_1_311' title='bbox 3197 4244 3314 4297; x_wconf 89' lang='lat' dir='ltr'>erat</span> <span class='ocrx_word' id='word_1_312' title='bbox 3339 4239 3424 4296; x_wconf 85' lang='lat' dir='ltr'>vir</span> <span class='ocrx_word' id='word_1_313' title='bbox 3443 4237 3785 4310; x_wconf 85' lang='lat' dir='ltr'>christianus,</span> <span class='ocrx_word' id='word_1_314' title='bbox 3808 4252 3982 4313; x_wconf 83' lang='lat' dir='ltr'>prae·</span> 
     </span>
     <span class='ocr_line' id='line_1_34' title="bbox 1167 4333 3984 4414; baseline -0 -18"><span class='ocrx_word' id='word_1_315' title='bbox 1167 4346 1361 4414; x_wconf 90' lang='lat' dir='ltr'>potens</span> <span class='ocrx_word' id='word_1_316' title='bbox 1396 4344 1452 4395; x_wconf 90' lang='lat' dir='ltr'>et</span> <span class='ocrx_word' id='word_1_317' title='bbox 1486 4338 1638 4395; x_wconf 82' lang='lat' dir='ltr'>dives</span> <span class='ocrx_word' id='word_1_318' title='bbox 1673 4340 1730 4392; x_wconf 85' lang='lat' dir='ltr'>et</span> <span class='ocrx_word' id='word_1_319' title='bbox 1756 4334 2130 4391; x_wconf 87' lang='lat' dir='ltr'>honestissime</span> <span class='ocrx_word' id='word_1_320' title='bbox 2157 4333 2377 4406; x_wconf 81' lang='lat' dir='ltr'>vivens,</span> <span class='ocrx_word' id='word_1_321' title='bbox 2410 4351 2572 4408; x_wconf 91' lang='lat' dir='ltr'>quem</span> <span class='ocrx_word' id='word_1_322' title='bbox 2598 4336 2938 4394; x_wconf 84' lang='lat' dir='ltr'>affirmabant</span> <span class='ocrx_word' id='word_1_323' title='bbox 2965 4339 3239 4411; x_wconf 86' lang='lat' dir='ltr'>equitasse</span> <span class='ocrx_word' id='word_1_324' title='bbox 3281 4338 3336 4393; x_wconf 91' lang='lat' dir='ltr'>in</span> <span class='ocrx_word' id='word_1_325' title='bbox 3369 4352 3582 4407; x_wconf 88' lang='lat' dir='ltr'>cancro,</span> <span class='ocrx_word' id='word_1_326' title='bbox 3612 4336 3851 4394; x_wconf 88' lang='lat' dir='ltr'>dicentes</span> <span class='ocrx_word' id='word_1_327' title='bbox 3882 4336 3984 4395; x_wconf 90' lang='lat' dir='ltr'>nisi</span> 
     </span>
     <span class='ocr_line' id='line_1_35' title="bbox 1166 4433 3990 4508; baseline -0.001 -15"><span class='ocrx_word' id='word_1_328' title='bbox 1166 4436 1526 4505; x_wconf 80' lang='lat' dir='ltr'>confiteretur,</span> <span class='ocrx_word' id='word_1_329' title='bbox 1557 4434 1701 4508; x_wconf 91' lang='lat' dir='ltr'>quod</span> <span class='ocrx_word' id='word_1_330' title='bbox 1719 4438 1895 4489; x_wconf 86' lang='lat' dir='ltr'>castra</span> <span class='ocrx_word' id='word_1_331' title='bbox 1923 4446 2023 4487; x_wconf 87' lang='grc' dir='ltr'>ευα</span> <span class='ocrx_word' id='word_1_332' title='bbox 2052 4446 2193 4503; x_wconf 85' lang='lat' dir='ltr'>quae</span> <span class='ocrx_word' id='word_1_333' title='bbox 2209 4437 2363 4487; x_wconf 90' lang='lat' dir='ltr'>erant</span> <span class='ocrx_word' id='word_1_334' title='bbox 2387 4433 2715 4507; x_wconf 86' lang='lat' dir='ltr'>peroptima,</span> <span class='ocrx_word' id='word_1_335' title='bbox 2745 4433 2846 4507; x_wconf 88' lang='lat' dir='ltr'>ipsi</span> <span class='ocrx_word' id='word_1_336' title='bbox 2871 4449 2996 4491; x_wconf 89' lang='lat' dir='ltr'>cum</span> <span class='ocrx_word' id='word_1_337' title='bbox 3021 4435 3295 4493; x_wconf 78' lang='lat' dir='ltr'>veteribus</span> <span class='ocrx_word' id='word_1_338' title='bbox 3321 4434 3636 4492; x_wconf 91' lang='lat' dir='ltr'>mulieribus</span> <span class='ocrx_word' id='word_1_339' title='bbox 3661 4433 3864 4492; x_wconf 86' lang='lat' dir='ltr'>vellent</span> <span class='ocrx_word' id='word_1_340' title='bbox 3892 4450 3990 4491; x_wconf 87' lang='lat' dir='ltr'>au-</span> 
     </span>
     <span class='ocr_line' id='line_1_36' title="bbox 1166 4527 3989 4607; baseline 0 -18"><span class='ocrx_word' id='word_1_341' title='bbox 1166 4533 1308 4590; x_wconf 78' lang='lat' dir='ltr'>ferre</span> <span class='ocrx_word' id='word_1_342' title='bbox 1330 4538 1388 4588; x_wconf 88' lang='lat' dir='ltr'>et</span> <span class='ocrx_word' id='word_1_343' title='bbox 1413 4532 1702 4604; x_wconf 87' lang='lat' dir='ltr'>inquirere.</span> <span class='ocrx_word' id='word_1_344' title='bbox 1725 4532 1847 4604; x_wconf 84' lang='lat' dir='ltr'>Ipse</span> <span class='ocrx_word' id='word_1_345' title='bbox 1867 4544 1997 4586; x_wconf 86' lang='lat' dir='ltr'>vero</span> <span class='ocrx_word' id='word_1_346' title='bbox 2021 4544 2202 4586; x_wconf 91' lang='lat' dir='ltr'>comes</span> <span class='ocrx_word' id='word_1_347' title='bbox 2220 4544 2374 4585; x_wconf 88' lang='lat' dir='ltr'>suam</span> <span class='ocrx_word' id='word_1_348' title='bbox 2394 4527 2557 4585; x_wconf 85' lang='lat' dir='ltr'>fidem</span> <span class='ocrx_word' id='word_1_349' title='bbox 2579 4530 2894 4589; x_wconf 89' lang='lat' dir='ltr'>catholicam</span> <span class='ocrx_word' id='word_1_350' title='bbox 2923 4531 3106 4590; x_wconf 86' lang='lat' dir='ltr'>volens</span> <span class='ocrx_word' id='word_1_351' title='bbox 3128 4538 3241 4589; x_wconf 83' lang='lat' dir='ltr'>toto</span> <span class='ocrx_word' id='word_1_352' title='bbox 3267 4548 3427 4607; x_wconf 87' lang='lat' dir='ltr'>posse</span> <span class='ocrx_word' id='word_1_353' title='bbox 3452 4532 3755 4603; x_wconf 78' lang='lat' dir='ltr'>defendere,</span> <span class='ocrx_word' id='word_1_354' title='bbox 3784 4531 3989 4605; x_wconf 80' lang='lat' dir='ltr'>rogavit</span> 
     </span>
     <span class='ocr_line' id='line_1_37' title="bbox 1162 4626 3986 4704; baseline 0 -17"><span class='ocrx_word' id='word_1_355' title='bbox 1162 4629 1415 4687; x_wconf 80' lang='lat' dir='ltr'>Sitridum</span> <span class='ocrx_word' id='word_1_356' title='bbox 1439 4629 1897 4703; x_wconf 86' lang='lat' dir='ltr'>archiepiscopum</span> <span class='ocrx_word' id='word_1_357' title='bbox 1923 4626 2385 4699; x_wconf 72' lang='lat' dir='ltr'>Moguntinensem</span> <span class='ocrx_word' id='word_1_358' title='bbox 2408 4632 2471 4684; x_wconf 90' lang='lat' dir='ltr'>ut</span> <span class='ocrx_word' id='word_1_359' title='bbox 2492 4643 2621 4685; x_wconf 90' lang='lat' dir='ltr'>suos</span> <span class='ocrx_word' id='word_1_360' title='bbox 2647 4630 3010 4703; x_wconf 80' lang='lat' dir='ltr'>suffraganeos</span> <span class='ocrx_word' id='word_1_361' title='bbox 3036 4630 3316 4704; x_wconf 88' lang='lat' dir='ltr'>episcopos</span> <span class='ocrx_word' id='word_1_362' title='bbox 3341 4637 3400 4689; x_wconf 85' lang='lat' dir='ltr'>et</span> <span class='ocrx_word' id='word_1_363' title='bbox 3426 4631 3627 4689; x_wconf 85' lang='lat' dir='ltr'>clerum</span> <span class='ocrx_word' id='word_1_364' title='bbox 3655 4631 3819 4689; x_wconf 85' lang='lat' dir='ltr'>totius</span> <span class='ocrx_word' id='word_1_365' title='bbox 3854 4645 3986 4689; x_wconf 88' lang='lat' dir='ltr'>suae</span> 
     </span>
     <span class='ocr_line' id='line_1_38' title="bbox 1162 4723 3270 4802; baseline 0.001 -20"><span class='ocrx_word' id='word_1_366' title='bbox 1162 4724 1467 4799; x_wconf 86' lang='lat' dir='ltr'>provinciae</span> <span class='ocrx_word' id='word_1_367' title='bbox 1498 4729 1836 4797; x_wconf 88' lang='lat' dir='ltr'>convocaret,</span> <span class='ocrx_word' id='word_1_368' title='bbox 1863 4729 1967 4783; x_wconf 88' lang='lat' dir='ltr'>etc.</span> <span class='ocrx_word' id='word_1_369' title='bbox 1995 4742 2022 4777; x_wconf 76' lang='lat' dir='ltr'>x·</span> <span class='ocrx_word' id='word_1_370' title='bbox 2043 4723 2244 4783; x_wconf 71' lang='lat' dir='ltr'>Annei.</span> <span class='ocrx_word' id='word_1_371' title='bbox 2278 4724 2566 4797; x_wconf 69' lang='lat' dir='ltr'>Wormat„</span> <span class='ocrx_word' id='word_1_372' title='bbox 2592 4725 2708 4786; x_wconf 84' lang='lat' dir='ltr'>loco</span> <span class='ocrx_word' id='word_1_373' title='bbox 2728 4742 2878 4801; x_wconf 89' lang='lat' dir='ltr'>supr.</span> <span class='ocrx_word' id='word_1_374' title='bbox 2908 4727 3024 4800; x_wconf 91' lang='lat' dir='ltr'>cit.,</span> <span class='ocrx_word' id='word_1_375' title='bbox 3053 4744 3110 4802; x_wconf 92' lang='lat' dir='ltr'>p.</span> <span class='ocrx_word' id='word_1_376' title='bbox 3147 4729 3270 4785; x_wconf 73' lang='grc'><strong>476.</strong></span> 
     </span>
    </p>
   </div>
  </div>
 </body>
</html>
