4842 5802
871 615 1070 674 lamet.
1109 604 1225 689 10.]
1764 603 2156 666 HISTORIA
2212 600 2798 666 nmmum-lca,
3571 599 3693 660 927

873 742 1022 837 pari
1059 751 1131 814 et
1162 739 1461 835 gratuita
1513 739 1871 810 voluntate
1903 738 1975 809 in
2025 737 2409 811 remedium
2465 736 2846 808 animarum
2889 754 3172 805 suarum
3210 732 3300 805 de
3350 752 3686 807 consensu

873 864 1334 957 legitimorum
1369 860 1709 934 heredum
1743 880 2025 933 suornm
2065 861 2504 934 contulerunt
2544 881 2668 953 per
2701 842 2951 929 manus
2993 857 3331 930 salmanni
3369 859 3694 930 fratribus

871 984 1226 1080 hospitalis
1263 985 1510 1055 Sancte
1540 983 1751 1055 Marie
1783 981 2033 1055 domus
2070 981 2646 1055 'theutonicorum
2686 960 3280 1066 in'‘Nuoerinberc,
3314 980 3499 1053 bona
3532 1002 3684 1072 sua,

869 1106 1195 1179 videlicet
1244 1107 1605 1195 macellos,
1662 1114 1927 1196 curtes,
1979 1113 2048 1179 et
2103 1106 2235 1179 alia
2288 1126 2428 1199 que
2478 1102 2959 1199 possidebant,
3009 1104 3138 1175 sita
3182 1103 3359 1176 infra
3408 1116 3690 1175 stratam

873 1229 1220 1324 publicam
1271 1238 1339 1301 et
1377 1230 1735 1301 ecclesiam
1785 1230 2011 1302 Sancti
2055 1228 2370 1302 Mauricii
2413 1227 2616 1321 pleno
2657 1228 2817 1319 jure
2864 1236 3192 1321 perpetuo
3240 1227 3687 1322 possidenda.

871 1354 1017 1426 Tali
1063 1352 1302 1426 addita
1356 1353 1751 1426 conditione
1800 1363 1879 1424 nt
1922 1351 2137 1425 iidem
2178 1354 2612 1424 Hermannus
2661 1359 2729 1421 et
2781 1370 2960 1421 uxor
2999 1353 3147 1442 ejus
3191 1351 3396 1423 ambo
3442 1353 3695 1445 pariter

872 1480 982 1551 vel
1017 1479 1188 1551 alter
1223 1477 1550 1571 ipsorum,
1595 1484 1750 1572 post
1796 1476 2062 1549 obitum
2104 1476 2411 1565 alterius,
2451 1475 2523 1546 in
2563 1474 2801 1567 vigilia
2833 1474 3225 1547 Nativitatis
3260 1474 3505 1547 Christi
3538 1476 3695 1548 sin-

876 1602 1056 1694 gulis
1105 1601 1306 1675 annis
1350 1600 1587 1694 quoad
1635 1600 1944 1673 vixerint
1987 1600 2232 1671 libram
2279 1621 2490 1672 unam
2539 1598 3193 1691 Nuoerinbergensis
3247 1610 3518 1673 monete
3563 1622 3698 1673 no-

878 1724 1062 1797 mine
1111 1746 1357 1798 census
1402 1724 1494 1797 de
1541 1724 1707 1820 ipsis
1755 1724 1957 1797 bonis
2005 1725 2272 1797 solvere
2308 1723 2608 1795 debeant
2654 1722 2980 1794 fratribus
3021 1725 3446 1813 memoratis,
3488 1725 3694 1797 nullis

876 1869 1112 1922 eorum
1148 1847 1549 1938 heredibuS,
1586 1869 1764 1943 quos
1796 1869 1983 1920 nunc
2031 1847 2288 1919 habent
2318 1846 2430 1918 vel
2463 1845 2906 1941 imposterum
2940 1845 3340 1938 habuerint,
3381 1846 3475 1920 ad
3510 1847 3697 1921 dicta

877 1971 1060 2043 bona
1102 1972 1241 2043 ullo
1277 1980 1583 2066 tempore
1626 1971 2074 2043 successuris.
2120 1967 2322 2054 Quod
2377 1968 2435 2039 si
2485 1969 2654 2040 alter
2701 1988 2938 2039 eorum
2988 1978 3144 2063 post
3186 1968 3547 2042 decessum
3598 1972 3696 2043 al-

880 2092 1095 2165 terius
1151 2092 1245 2165 ad
1298 2092 1638 2165 secundas
1696 2092 1976 2187 nuptias
2031 2092 2469 2173 convolaret,
2528 2100 2789 2162 extunc
2841 2090 3215 2187 prescripta
3265 2093 3447 2165 bona
3507 2096 3695 2168 nullo

881 2215 1108 2289 medio
1148 2214 1499 2289 mediante
1547 2216 1837 2289 transire
1881 2215 2139 2289 debent
2174 2216 2267 2288 ad
2306 2217 2547 2287 fratres
2592 2223 2661 2287 et
2705 2212 2891 2286 idem
2950 2215 3309 2309 hospitale,
3360 2214 3577 2290 libera
3633 2229 3702 2291 et

880 2339 1125 2412 soluta.
1180 2340 1322 2411 Hec
1366 2339 1603 2433 itaque
1653 2348 1861 2434 prout
1906 2361 2135 2412 coram
2171 2338 2374 2411 nobis
2419 2346 2611 2427 acta,
2650 2337 2985 2408 conscribi
3023 2339 3307 2410 fecimus
3356 2349 3424 2413 et
3474 2342 3701 2433 sigillo

881 2469 1110 2534 nostre
1144 2461 1573 2534 celsitudinis
1598 2462 1930 2535 roborari.

979 2585 1200 2677 Hujus
1249 2587 1460 2682 igitur
1493 2587 1593 2659 rei
1631 2596 1838 2659 testes
1880 2595 2042 2659 sunt
2089 2612 2107 2656 ε
2159 2586 2519 2659 Conradus
2560 2584 2911 2680 quondam
2948 2587 3275 2659 scultetus
3313 2588 3540 2661 dictus
3581 2591 3704 2661 Bi-

881 2718 1112 2802 genot,
1159 2764 1178 2781 .
1212 2762 1229 2779 .
1260 2764 1277 2780 .
1324 2710 1630 2783 minister
1666 2709 1756 2783 de
1790 2709 2224 2806 Kuoedorpf,
2264 2709 2707 2783 Eberhardus
2750 2710 3111 2801 scultetuS,
3165 2710 3433 2784 Ulricus
3476 2712 3703 2785 dictus

883 2832 1308 2923 Turbreche,
1349 2833 1757 2908 Bertholdus
1796 2842 1864 2908 et
1911 2833 2273 2907 Cunradus
2313 2833 2684 2917 Scuteloci‚
2724 2833 3101 2907 Volkoldus
3132 2834 3316 2907 filius
3344 2835 3695 2928 Volkoldi,

883 2966 953 3028 et
984 2957 1100 3029 alii
1138 2960 1607 3052 quamplures,

982 3078 1230 3152 Actum
1282 3080 1473 3178 apud
1520 3081 2020 3173 Nuoerinberc,
2075 3102 2260 3154 anno
2309 3080 2653 3154 dominice
2692 3082 3182 3155 incarnationis
3223 3083 3707 3175 mccxxxvl,

888 3225 1122 3277 mense
1156 3205 1567 3294 decembris,
1605 3206 1694 3277 X·
1724 3204 2152 3296 indictionis,
2186 3204 2496 3277 feliciter.
2536 3204 2780 3278 Amen.

1308 3518 3190 3532 mm-“m--m-Q—-o-”m--—
3212 3516 3268 3529 ό

1001 3805 1446 3913 conradus,
1523 3806 1883 3888 Friderici
1955 3808 2470 3891 Romanorum
2543 3772 3020 3919 imperatoris
3082 3812 3284 3896 filius
3303 3874 3328 3920 ,
3394 3824 3714 3898 testatur
3795 3833 4059 3930 {gamm

895 3937 1330 4020 Conradum
1375 3937 1931 4049 butegelarium
1968 3939 2064 4022 de
2097 3939 2557 4044 Nurinberc,
2601 3943 3042 4027 auctoritate
3093 3944 3329 4053 patris
3376 3948 3493 4030 sui
3534 3949 3711 4031 Fri-

891 4069 1122 4152 derici
1185 4079 1261 4153 et
1315 4095 1454 4153 sua
1471 4133 1495 4179 ,
1554 4071 1931 4179 quasdam
1986 4097 2203 4154 areas
2263 4072 2617 4181 hospitali
2663 4074 2984 4159 Sanctae
3034 4077 3312 4160 Mariae
3366 4079 3710 4163 Theuto-

891 4203 1236 4286 nicorum
1300 4203 1382 4286 in
1444 4204 1920 4316 Nuremberg
1970 4206 2158 4290 olim
2211 4206 2536 4291 donatas
2551 4268 2576 4314 ,
2643 4235 2871 4318 super
2933 4210 3217 4319 quibus
3280 4211 3571 4297 Ulricus
3614 4216 3710 4297 de

893 4336 1164 4420 Lintha
1200 4350 1273 4421 et
1307 4337 1760 4421 Reinmarus
1784 4340 1882 4421 de
1920 4339 2352 4422 Grumbach
2391 4341 2702 4423 nomine
2736 4368 3050 4426 suarum
3078 4369 3402 4427 uxorum
3424 4372 3713 4455 quaes-

892 4471 1176 4554 tionem
1212 4469 1647 4575 movebant,
1690 4471 1975 4554 eisdem
2012 4470 2378 4556 fratribus
2416 4475 2957 4558 sententialiter
2992 4476 3495 4585 adjudicasse.

1062 4679 1250 4759 (Edit.
1280 4699 1378 4761 ap.
1402 4683 1657 4745 Menum.
1701 4685 1887 4760 Boio„
1914 4689 1960 4745 t.
2006 4684 2210 4760 XXX,
2239 4702 2377 4765 pars
2412 4695 2494 4768 1⁸,
2522 4704 2586 4765 p.
2637 4697 2751 4749 2⁵3
2774 4732 2792 4762 ,
2821 4697 2889 4750 n⁰
2929 4697 3068 4764 745,
3118 4707 3192 4751 ex
3238 4691 3507 4772 originali
3545 4697 3719 4772 cujus

3874 3887 4052 3930 cembri.
4069 3864 4083 3887 ⁹
