4842 5802
1772 651 2028 711 INDEX
2078 646 2784 710 DOCUMENTORUM.
3537 637 3693 700 1003

1710 984 1840 1058 ejus
1864 995 2020 1057 quae
2048 978 2124 1039 ab
2148 977 2393 1053 imperio
2417 980 2600 1049 tenet,
2631 975 2708 1035 ad
2738 988 2943 1033 omnes
2975 976 3106 1050 ejus
3130 966 3409 1030 haeredes
3434 972 3561 1028 tam
3591 964 3684 1027 fe-

1712 1078 1907 1138 minas
1931 1092 2113 1154 quam
2140 1073 2430 1134 masculos
2454 1072 2707 1133 transire
2728 1071 2976 1147 possint.
3571 1072 3686 1124 ⁷28

1672 1425 2045 1469 noemam]
2079 1423 2271 1467 vanu
2305 1423 2388 1464 Al>
2424 1420 2532 1464 nsss
2567 1419 2837 1462 mancas
2863 1419 2939 1461 ΒΤ
2973 1417 3221 1462 smnus
3255 1411 3643 1460 summu.

2019 1612 2041 1644 ὃ
3257 1603 3278 1634 ³

1713 1667 1951 1725 nomine
1983 1681 2058 1724 ex
2094 1679 2215 1724 una
2251 1667 2416 1738 parte
2460 1666 2523 1720 et
2553 1665 2809 1719 rectores
2845 1664 2907 1718 et
2937 1656 3350 1718 ambaxatores
3382 1654 3688 1713 civitatum

1716 1764 2013 1823 societatis
2055 1759 2441 1821 Lombardiae
2484 1773 2560 1817 ex
2612 1756 2797 1817 altera
2841 1757 2906 1814 in
2949 1754 3233 1814 Iacobum
3277 1752 3689 1813 Peneum-inum

1713 1861 1962 1921 electum
1988 1865 2050 1920 et
2075 1859 2351 1919 ottonem
2369 1858 2571 1919 Sancti
2595 1854 2824 1915 Nicolai
2847 1853 3158 1913 diaconum
3186 1850 3566 1922 cardinalem,
3583 1846 3689 1908 Se-

1713 1957 1805 2017 dis
1824 1956 2197 2032 Apostollcae
2234 1955 2475 2032 legatos,
2508 1958 2795 2028 tanquam
2818 1951 2880 2008 iu
2907 1949 3160 2009 arbitros
3187 1947 3548 2008 conveniunt
3581 1961 3687 2004 su·

1713 2071 1817 2132 per
1845 2052 2107 2114 articulis
2133 2053 2294 2128 pacis
2320 2048 2631 2110 ineundae.
3571 2049 3686 2101 346

920 2165 1083 2239 juno,
1189 2193 1604 2214 .......
1635 2147 1966 2227 Landulfiaes
1990 2145 2186 2228 judex
2218 2147 2295 2208 ab
2330 2149 2722 2206 instrumento
2762 2142 3024 2221 quodam
3057 2140 3173 2201 sibi
3214 2157 3252 2201 a
3280 2139 3690 2202 Bartholomeo

1714 2246 2006 2307 monacho
2034 2245 2298 2306 cavense
2321 2247 2694 2320 praesentato
2708 2283 2726 2315 ,
2750 2244 2932 2318 juxta
2957 2239 3434 2299 constitutionem
3461 2236 3692 2296 noviter

1714 2343 1951 2405 Melflae
1977 2342 2408 2419 promulgatam
2421 2381 2441 2411 ,
2470 2353 2686 2399 nomen
2722 2344 2781 2397 et
2813 2343 3045 2414 tempus
3080 2335 3268 2396 hostis
3304 2340 3365 2394 et
3402 2333 3693 2394 invasoris

1715 2443 1881 2518 regni
1907 2444 2192 2511 removet,
2220 2438 2605 2514 appositoque
2627 2437 2995 2512 imperatoris
3019 2434 3255 2493 nomine
3287 2431 3435 2492 illud
3461 2431 3693 2490 instru-

1713 2544 1980 2598 mentum
2006 2536 2263 2597 declarat
2288 2541 2349 2595 et
2373 2538 2641 2593 renovat.
3339 2537 3441 2607 98,
3468 2531 3595 2588 not.
3631 2533 3689 2587 1.

890 2656 960 2707 12
980 2663 1119 2726 aug,
1194 2676 1604 2697 .......
1638 2635 1837 2713 Niqer,
1864 2633 2165 2694 Pratcnsis
2197 2639 2257 2691 et
2293 2632 2703 2691 Bonaventura
2716 2670 2737 2702 ,
2766 2622 3143 2687 castaldiones
3177 2625 3373 2685 curiae
3420 2622 3490 2683 dc
3537 2619 3696 2682 Valle

1721 2730 1897 2806 Arni,
1925 2747 2003 2790 ex
2026 2731 2307 2790 mandato
2332 2730 2520 2789 Jonae
2545 2725 2847 2787 castellani
2871 2723 3068 2785 Sancti
3097 2724 3361 2784 Miniatis
3383 2729 3444 2783 et
3471 2722 3694 2782 domini

1719 2827 2021 2889 Gebhardi
2048 2827 2124 2887 de
2148 2827 2457 2886 Arnestein
2482 2826 2548 2883 in
2574 2823 2789 2884 Tuscia
2815 2822 3044 2894 vicarii,
3073 2820 3389 2898 plebanum
3418 2820 3493 2879 de
3518 2818 3696 2879 Altu-

1720 2928 1919 3005 pascio
1944 2942 2052 3001 pro
2084 2924 2243 2983 dicto
2285 2922 2562 2999 hospitali
2598 2924 2663 2980 in
2697 2920 3115 2996 possessionem
3143 2917 3534 2995 quarumdam
3563 2922 3697 2975 ter-

1716 3039 1918 3083 rarum
1943 3023 2208 3082 mittunt.
3306 3022 3444 3084 868,
3469 3017 3597 3073 not.
3631 3021 3658 3073 1
3674 3055 3692 3074 .

873 3132 1138 3195 decemb.
1305 3125 1485 3205 Apud
1647 3116 1980 3180 Gebhardus
2003 3116 2073 3177 dc
2098 3115 2379 3177 Amstcin
2405 3110 2725 3194 imperialis
2749 3114 2816 3172 in
2839 3108 3017 3174 Italia
3043 3108 3263 3192 lcqatus
3298 3117 3355 3171 ct
3383 3110 3596 3170 Petrus
3628 3106 3699 3170 dc

1219 3224 1548 3284 Precinam.
1729 3217 1908 3275 Vinea
1930 3209 2250 3294 imper-‘alis
2276 3213 2473 3272 auriac
2485 3208 2709 3292 judex,
2739 3213 2801 3270 in
2832 3210 3158 3286 praesentia
3195 3209 3587 3283 imperatoris,
3617 3221 3696 3266 ex

1718 3313 2142 3388 conquestione
2184 3310 2418 3387 syndici
2470 3308 2869 3368 universitatis
2923 3303 3198 3365 Senensis
3247 3302 3692 3363 universitatem

1717 3407 2048 3466 Florentiae
2082 3405 2480 3466 condemnant
2516 3405 2580 3463 in
2624 3409 2862 3463 centum
2905 3399 3166 3459 milubus
3203 3400 3419 3458 marcis
3462 3399 3692 3475 argenti

1716 3501 1863 3562 fisco
1889 3501 2175 3579 imperiali
2199 3499 2526 3572 solvendis,
2554 3515 2665 3575 pro
2688 3515 2758 3558 eo
2783 3497 2945 3574 quod
2988 3495 3063 3556 ab
3102 3498 3547 3574 impugnatione
3581 3492 3692 3554 Se-

902 3572 1123 3649 1255
1718 3599 1991 3658 nensium
2018 3613 2139 3657 non
2160 3598 2534 3668 destiterunt,
2563 3601 2677 3655 etc.
3570 3598 3688 3651 415

895 3710 961 3762 31
989 3706 1119 3778 jan.
1190 3700 1311 3777 Ap.
1349 3697 1612 3759 Mentem
1640 3691 1912 3756 Nicolaus
1938 3692 2008 3753 dc
2035 3693 2327 3768 Bisontio,
2357 3698 2706 3771 procia-ator
2746 3689 3142 3750 demaniomm
3174 3684 3548 3764 Basilicam,
3591 3704 3691 3749 re—

1221 3796 1568 3857 Caveosum.
1718 3792 1882 3852 ducit
1913 3793 2336 3851 monasterium
2373 3791 2575 3851 Sancti
2616 3788 2919 3849 Michaelis
2964 3786 3036 3847 de
3078 3788 3282 3848 Monte
3325 3786 3586 3848 Caveoso
3624 3786 3691 3846 in

1717 3892 2141 3967 possessionem
2167 3889 2503 3948 libertatum
2537 3886 2699 3964 apud
2722 3882 2991 3945 Montem
3029 3884 3355 3946 caveosum
3391 3889 3454 3943 et
3478 3883 3690 3944 Poma-

1717 3988 1927 4059 ricum,
1958 3992 2071 4047 etc.
3572 3987 3689 4042 394

901 4096 936 4147 6
967 4087 1117 4148 febr.
1200 4085 1315 4163 Ap.
1341 4085 1582 4146 Barum.
1641 4082 1933 4145 Ber-ardus
1956 4081 2413 4142 Panos-mitanas
2437 4077 2906 4158 archiepiscopus,
2935 4077 3233 4155 quondam
3261 4076 3536 4136 Barensis
3549 4119 3568 4149 ,
3597 4076 3688 4136 al-

1715 4188 1843 4242 tare
1867 4185 2064 4258 majus
2090 4182 2152 4239 in
2179 4181 2389 4256 majori
2413 4179 2658 4238 ecclesia
2683 4178 2925 4237 Bas-ensi
2949 4180 3253 4236 consecrat
3276 4180 3337 4235 et
3363 4172 3528 4233 dotat
3553 4188 3687 4249 pos-

1716 4276 2071 4338 sessionibus
2094 4275 2205 4335 sub
2230 4275 2563 4335 conditione
2591 4275 2929 4333 missarum.
3566 4276 3678 4329 421

897 4386 934 4437 9
970 4377 1115 4438 febr.
1235 4378 1549 4439 Aviuione.
1640 4372 1932 4435 Galealius
1966 4371 2036 4432 dc
2072 4371 2336 4433 Gswcano
2361 4373 2586 4432 litteras
2616 4370 2900 4430 Fridericl
2933 4370 3301 4444 imperatoris
3346 4365 3425 4426 ad
3459 4364 3685 4425 nobiles

1716 4474 1881 4549 regni
1924 4470 2301 4548 Burgundiae
2346 4468 2596 4528 directas
2647 4469 2920 4544 episcopo
2963 4464 3347 4525 Avinionensi
3391 4463 3572 4523 tradit
3619 4469 3688 4523 ut

1716 4583 1817 4627 eas
1865 4571 2033 4626 notas
2080 4566 2259 4625 faciat
2298 4564 2585 4640 episcopis
2632 4562 3139 4639 carpentoratensi
3154 4605 3174 4635 ,
3216 4559 3644 4620 Cavaillonensi
3663 4600 3682 4633 ,

1718 4665 1963 4741 Aptensi
1976 4705 1996 4740 ,
2023 4661 2365 4723 Vaisonensi
2379 4703 2400 4735 ,
2431 4662 2638 4721 Trium
2665 4659 3044 4721 Castellorum
3089 4663 3150 4718 et
3189 4657 3322 4718 aliis
3361 4654 3681 4717 nobilibus.

3295 4763 3437 4835 404,
3463 4761 3589 4817 not.
3626 4764 3685 4816 ι.
