4842 5802
1146 659 1269 721 564
2186 664 2530 726 namuel
2580 665 2910 725 SEP'rffll
3589 666 3748 744 [Axx.
3790 667 3957 728 1232

3037 992 3531 1004 ---—-——--——-·—-

768 1288 1036 1395 Δῃξξξῃ,
1241 1282 1638 1388 HenricuS,
1679 1286 1868 1369 Rom
1877 1311 2199 1369 anorum
2235 1313 2398 1393 rex,
2430 1289 2871 1372 consulibus
2907 1299 2981 1372 et
3014 1289 3386 1374 universis
3419 1291 3709 1374 civibus
3724 1291 3952 1375 Wor-

777 1394 827 1435 ¹⁷
859 1396 1025 1438 ''m'‘
1135 1414 1631 1499 metiensibus
1666 1417 2012 1526 indulget
2045 1427 2130 1499 ut
2155 1416 2377 1526 juxta
2412 1418 2743 1502 formam
2778 1422 3346 1530 privilegiorum
3383 1424 3492 1505 eis
3527 1450 3572 1504 a
3608 1424 3943 1531 praede-

1131 1547 1557 1629 cessoribus
1593 1547 2255 1663 suis-indultorum
2283 1609 2306 1652 ,
2337 1548 2556 1658 jura,
2595 1551 2979 1634 libertates
3022 1563 3098 1635 et
3131 1554 3537 1637 consilium
3570 1553 3937 1659 habeant,

1131 1677 1342 1761 salva
1376 1688 1630 1761 tamen
1665 1680 2009 1763 libertate
2042 1681 2396 1763 ecclesiae
2421 1683 3030 1767 Wormatiensis.

1291 1917 1559 1990 (Edlder.
1588 1918 1867 1992 Momm-z,
1912 1915 2305 2000 abhandlunq
2325 1936 2439 1981 von
2474 1920 2697 1981 Worms
2716 1965 2738 1998 ,
2785 1939 2846 1999 p.
2883 1930 3021 1983 162.
3049 1953 3125 1968 -—
3148 1923 3598 1984 Hmssmmn
3619 1965 3638 1997 ‚
3680 1920 3929 2001 Diplom

1369 2022 1581 2082 Bewee's
1607 2022 1703 2084 des
1726 2022 1893 2086 haus.
1922 2021 2164 2086 ΗοΙιεπΙ.
2190 2070 2211 2103 ,
2256 2032 2305 2087 t.
2334 2026 2394 2087 11
2416 2069 2437 2098 ,
2476 2043 2539 2103 p.
2564 2035 2704 2089 277.
2730 2060 2813 2071 —
2831 2027 3131 2088 Lunnwre
3154 2073 3173 2107 ,
3209 2026 3395 2108 Reliq.
3426 2045 3740 2098 manuscr„
3769 2035 3816 2089 t.
3840 2028 3931 2102 H,

1355 2144 1416 2204 p.
1453 2128 1612 2205 182.)

1217 2339 1590 2426 Henricus,
1643 2340 1766 2411 Dei
1812 2340 2031 2434 gratia
2079 2340 2540 2413 Romanorum
2587 2363 2715 2414 rex
2757 2351 2828 2415 et
2869 2363 3138 2437 semper
3187 2352 3564 2437 augustus,
3614 2342 3934 2416 fidelibus

1117 2460 1296 2550 suis,
1339 2461 1741 2534 consulibus
1786 2472 1855 2534 et
1890 2463 2234 2535 universis
2291 2464 2564 2536 civibus
2611 2466 3233 2539 Wormatiensibus
3277 2467 3564 2558 gratiam
3609 2489 3806 2539 suam
3860 2478 3930 2539 et

1115 2601 1320 2654 omne
1360 2584 1646 2656 bonum.
1703 2585 1821 2656 Pia
1874 2584 2466 2658 animadversione
2515 2587 3027 2660 considerantae
3071 2587 3377 2681 preclara
3421 2588 3752 2682 obsequia
3790 2610 3928 2683 que

1111 2705 1370 2800 pluries
1405 2707 1727 2778 exhibuit
1760 2706 1961 2778 nobis
1996 2707 2410 2779 universitas
2442 2716 2669 2780 vestra
2705 2719 2775 2780 et
2808 2709 2879 2779 in
2918 2718 3298 2804 posterum,
3350 2707 3560 2781 dante
3605 2712 3919 2800 Domin0‚

1113 2828 1361 2922 poterit
1394 2826 1752 2919 exhibere,
1789 2829 1947 2920 Jura
1978 2838 2048 2900 et
2088 2828 2432 2901 libertates
2465 2840 2728 2903 vestras
2767 2852 2810 2903 a
2849 2830 3034 2904 divis
3083 2832 3630 2926 progenitoribus
3678 2834 3925 2906 nostris

1109 2950 1311 3024 vobis
1356 2951 1663 3024 indultas
1707 2952 1934 3024 illesas
1983 2955 2306 3025 volumus
2337 2975 2779 3045 conservare,
2816 2956 3047 3028 fovere
3083 2975 3209 3027 vos
3242 2955 3547 3027 volentes
3573 2966 3640 3027 et
3670 2976 3925 3026 manu-

1114 3085 1387 3163 tenere,
1425 3086 1628 3170 prout
1675 3077 1865 3171 regie
1907 3079 2224 3170 congruit
2269 3078 2635 3151 honestati.
2687 3081 2868 3151 Sane
2894 3079 3061 3172 quia
3095 3077 3571 3150 serenissimus
3602 3080 3925 3151 dominus

1110 3198 1478 3291 imperator
1517 3208 1707 3293 pater
1746 3209 1978 3273 noster
2010 3212 2238 3275 nostre
2273 3203 2520 3276 ditioni
2564 3202 2923 3297 deputavit
2964 3212 3209 3274 terram
3245 3202 3624 3273 Allamanie
3657 3203 3925 3295 plenius

1108 3329 1180 3392 et
1210 3321 1580 3412 commisit,
1618 3323 2038 3397 intendimus
2090 3327 2161 3396 in
2198 3347 2277 3399 ea
2316 3324 2683 3421 disponere
2718 3337 2787 3398 et
2818 3325 3139 3398 ordinare
3174 3323 3363 3418 quod
3396 3324 3596 3396 nobis
3637 3334 3707 3397 et
3743 3322 3926 3398 fide-

1105 3443 1288 3515 libus
1339 3445 1592 3517 nostris
1640 3446 1916 3518 videtur
1959 3448 2340 3542 expediens
2382 3459 2453 3521 et
2500 3451 2928 3535 consultum;
2984 3455 3357 3520 statuentes
3410 3455 3480 3517 et
3525 3445 3924 3518 auctoritate

1104 3566 1295 3659 regia
1332 3566 1532 3638 vobis
1566 3565 2007 3659 indulgentes
2044 3579 2120 3640 ut
2147 3571 2352 3662 juxta
2385 3572 2672 3643 formam
2709 3570 3222 3665 privilegiorum
3267 3567 3468 3642 vobis
3499 3589 3542 3639 a
3568 3567 3752 3640 divis
3789 3567 3920 3638 im·

1103 3689 1534 3784 peratoribus
1578 3699 1648 3762 et
1693 3691 1972 3785 regibus
2008 3692 2469 3786 indultorum,
2517 3696 2709 3794 salva
2758 3704 2983 3767 tamen
3031 3694 3339 3765 libertate
3386 3691 3673 3764 ecclesie
3708 3693 3922 3763 Wor—

1107 3813 1481 3904 matiensis,
1507 3814 1667 3904 jura
1697 3823 1766 3886 et
1792 3815 2135 3888 libertates
2162 3827 2428 3890 vestras
2454 3825 2526 3888 et
2550 3817 2912 3888 consilium
2942 3814 3250 3888 habeatis
3278 3814 3337 3908 (⁴
3355 3813 3409 3910 ),
3443 3825 3512 3886 et
3537 3814 3916 3887 secundum

1110 3945 1408 4009 vestram
1441 3938 2010 4011 consuetudinem
2043 3941 2517 4035 approbatam,
2554 3944 2748 4014 velut
2781 3942 3154 4028 hactenus,
3202 3938 3498 4010 civitatis
3533 3945 3756 4008 vestre
3787 3934 3922 4006 ho-

1102 4060 1253 4131 nori
1283 4070 1353 4131 et
1383 4060 1747 4132 commodo
1778 4059 2070 4133 fideliter
2097 4062 2515 4134 intendatur.

1202 4182 1447 4253 Datum
1487 4181 1676 4275 apud
1714 4179 2130 4274 Augustam,
2169 4184 2322 4255 XVI
2354 4182 2681 4255 kalendas
2716 4183 2983 4278 aprilis,
3026 4182 3401 4256 indictione
3433 4180 3701 4274 quinta.

1177 4535 1247 4609 (4)
1280 4535 1434 4605 Quod
1475 4537 1688 4609 penitus
1719 4542 1986 4594 cassatum
2016 4542 2127 4608 est,
2164 4538 2641 4596 intervenientibus
2673 4538 2963 4613 privilegiis
2989 4539 3218 4596 Henrico
3241 4534 3626 4595 wormatiensi
3665 4532 3916 4606 episcopo

1108 4632 1272 4706 paulo
1297 4639 1422 4706 post
1446 4634 1500 4690 in
1521 4635 1671 4691 curia
1695 4634 1939 4693 Utinensi
1964 4634 2200 4692 indultis.
2231 4635 2314 4694 ef.
2341 4652 2533 4709 supra,
2556 4652 2612 4710 p.
2634 4640 2738 4694 335
2762 4642 2817 4693 et
2842 4651 2993 4709 seqq.
