4842 5802
859 646 1060 705 lnnrcr.
1096 643 1181 717 7.]
1760 638 2161 700 HISTORIA
2200 636 2789 700 DIPLOMATICA.
3559 636 3682 696 679

861 777 1046 851 ricus
1071 771 1378 847 marchio
1409 770 1500 844 de
1516 772 1862 864 Burgove,
1900 793 2131 846 eomes
2154 774 2392 867 Egeno
2417 771 2509 845 de
2530 771 2865 864 Vriburg,
2898 790 3126 841 comes
3144 770 3555 843 Hartmanus
3592 769 3682 842 de

861 900 1217 991 Quiburg,
1255 916 1484 968 comes
1514 894 2028 970 Ruodolfusde
2057 897 2624 992 Raprehtswilar‚
2671 894 3028 967 Heinricus
3058 893 3147 965 de
3170 893 3431 984 Niffen‚
3470 894 3679 964 Hein-

862 1025 1047 1097 ricus
1097 1021 1189 1095 de
1235 1021 1682 1113 Ravenspurg
1719 1019 2094 1115 imperialis
2129 1021 2287 1093 aule
2328 1018 2778 1103 oemerarius,
2814 1017 3172 1090 Heinricus
3224 1017 3684 1088 marschalcus

862 1149 952 1223 de
980 1144 1452 1221 Babbenheim
1472 1198 1492 1235 ,
1535 1151 1605 1216 et
1630 1143 1747 1216 alii
1778 1147 2248 1239 quamplures,

958 1274 1210 1344 Datum
1250 1265 1441 1362 apud
1466 1267 1900 1361 Nnerinberg
1918 1321 1939 1360 ,
1987 1289 2168 1342 anno
2202 1266 2548 1340 dominice
2583 1264 3070 1340 incarnationis
3097 1264 3194 1335 Μο
3216 1262 3679 1353 CCXXX1111⁰‚

860 1394 1073 1468 tercio
1101 1389 1434 1467 kalendas
1465 1391 1911 1487 septembris,
1956 1390 2333 1466 indictione
2367 1390 2682 1485 septima.

3842 1993 3966 2047 Apud

3758 2044 4026 2100 Nurimberg
4037 2079 4049 2100 ‚

3765 2101 3820 2142 ³0
3846 2103 4042 2155 augusti.

962 1966 1332 2052 Henrious
1355 2031 1379 2072 ,
1460 1972 1980 2054 Romanorum
2053 1997 2182 2054 rex
2212 2033 2235 2080 ‚
2330 1972 2578 2054 Ulrico
2659 1972 3086 2081 praeposito
3167 1983 3241 2056 et
3314 1971 3678 2058 fratribus

859 2101 1178 2186 Sanctae
1235 2103 1496 2186 Crucis
1561 2104 1767 2213 apud
1839 2104 2268 2214 Augustam
2320 2113 2634 2188 renovat
2684 2105 2971 2188 litteras
3024 2116 3100 2188 et
3157 2108 3679 2191 concessiones

856 2233 1183 2345 Philippi
1235 2236 1438 2346 regis
1454 2296 1477 2343 ‚
1518 2261 1717 2347 quae
1750 2235 2036 2320 ibidem
2070 2237 2537 2322 inseruntur.

1020 2462 1218 2544 (Edit.
1251 2481 1349 2542 ap.
1384 2463 1649 2526 Monam.
1680 2464 1875 2539 Boio„
1914 2471 1966 2525 t.
2010 2465 2215 2539 XXX,
2243 2482 2381 2543 pars
2423 2466 2497 2543 1⁸,
2534 2483 2595 2542 p.
2629 2474 2776 2543 215,
2806 2476 2875 2525 n⁰
2904 2474 3053 2542 722,
3081 2482 3157 2526 ex
3200 2468 3474 2545 originali
3515 2469 3675 2530 unde

1095 2570 1354 2647 siglllum
1381 2569 1504 2630 fere
1543 2570 1812 2630 illaesum
1851 2570 2142 2647 appendet
2175 2587 2249 2630 ex
2286 2570 2401 2630 filis
2428 2573 2630 2631 sericis
2657 2571 2825 2630 rubri
2850 2577 2912 2631 et
2935 2571 3142 2631 viridis
3165 2572 3398 2632 eoloris.
3423 2605 3506 2616 —
3531 2574 3676 2634 Pri-

1092 2677 1375 2755 vilegium
1402 2682 1601 2737 autem
1633 2676 1894 2754 Philippi
1917 2678 2074 2754 regis
2097 2682 2264 2738 extat
2285 2673 2528 2753 Ibidem,
2559 2683 2706 2738 tom.
2736 2676 2958 2751 XXIX,
2989 2694 3124 2754 pars
3147 2678 3222 2752 1⁸,
3251 2694 3314 2755 p.
3345 2682 3512 2752 499.)

956 2876 1030 2947 ln
1080 2875 1360 2949 nomine
1408 2884 1642 2950 sancte
1694 2885 1762 2949 et
1812 2874 2175 2949 individue
2201 2876 2568 2949 Trinitatis.
2608 2875 2972 2949 Heinricus
3022 2876 3380 2971 septimus,
3436 2878 3674 2954 divina

857 2999 1130 3072 favente
1167 3000 1532 3073 clementia
1566 3002 2029 3073 Romanorum
2063 3021 2192 3072 rex
2225 3010 2294 3073 et
2320 3022 2592 3094 semper
2623 3008 2983 3093 augustae.
3031 3001 3221 3072 Sicut
3269 3023 3351 3073 ea
3386 3025 3523 3095 que
3554 3025 3679 3097 per

860 3124 1179 3195 culminis
1214 3124 1431 3196 nostri
1467 3125 1906 3197 eminentiam
1942 3134 2276 3219 geruntur
2311 3125 2424 3197 vel
2467 3133 2657 3217 gesta
2692 3124 2978 3212 fuerint,
3035 3125 3522 3198 rationabiliter
3553 3126 3674 3200 de·

858 3247 1239 3320 sideramus
1262 3271 1303 3321 a
1332 3249 1582 3321 nostris
1618 3249 2128 3323 successoribus
2154 3248 2540 3336 observari,
2583 3248 2679 3318 ita
2710 3247 3264 3341 predecessorum
3292 3260 3676 3324 nostrorum

857 3381 1004 3443 acta
1036 3372 1287 3445 nostris
1320 3372 1747 3468 temporibus
1778 3372 2084 3445 stabilire
2114 3373 2439 3445 volumus
2474 3394 2562 3443 ne
2588 3394 2713 3465 per
2753 3392 2874 3443 nos
2913 3373 3025 3443 vel
3061 3394 3184 3466 per
3212 3373 3510 3466 aliquem
3544 3398 3678 3448 va-

826 3472 1040 3567 leant
1085 3496 1458 3569 immutari.
1521 3497 1883 3572 Accedens
1931 3497 2023 3570 ad
2067 3498 2479 3591 presentiam
2507 3504 2807 3568 nostram
2855 3496 3202 3586 Volricus,
3259 3496 3676 3571 honorabilis

859 3620 1246 3712 prepositus
1271 3620 1551 3694 vivifice
1589 3621 1825 3694 Crucis
1852 3622 2044 3716 apud
2077 3621 2491 3714 Augustam,
2531 3630 2668 3691 tam
2698 3641 2819 3713 pro
2851 3641 2926 3691 se
2956 3641 3165 3712 quam
3197 3643 3321 3715 pro
3355 3623 3676 3695 fratribus

861 3741 1172 3834 ejusdem
1206 3745 1605 3818 monasterii
1638 3745 2054 3841 supplicavit
2081 3745 2433 3816 humililer
2458 3752 2535 3815 ut
2553 3743 2990 3837 privilegium
3014 3743 3164 3814 sive
3190 3744 3674 3836 obligationem

860 3866 1107 3938 factam
1132 3889 1253 3962 per
1282 3868 1539 3941 litteras
1594 3869 1759 3942 dive
1813 3867 2306 3942 recordationis
2343 3867 2641 3961 Philippi
2698 3865 2879 3959 regis
2933 3868 3429 3961 consanguinei
3462 3873 3675 3943 nostri

857 3989 1260 4064 confirmare
1288 4002 1358 4064 et
1390 4015 1721 4067 renovare
1749 3992 1839 4066 de
1857 3993 2280 4087 benignitate
2306 3991 2498 4085 regia
2524 3990 2993 4083 dignaremur.
3018 3991 3156 4062 Nos
3180 3989 3414 4084 itaque
3438 4015 3677 4066 eorum

859 4115 1179 4207 precibus
1225 4116 1576 4206 inclinati,
1636 4117 1867 4189 literas
1919 4116 2200 4190 easdem
2256 4116 2347 4189 de
2387 4116 2605 4187 verbo
2635 4114 2726 4188 ad
2761 4114 3054 4187 verbum
3099 4117 3394 4208 presenti
3434 4118 3680 4211 pagine

859 4236 1191 4312 duximus
1228 4240 1671 4332 inserendas;
1713 4241 1915 4333 cujus
1947 4238 2302 4336 (quarum)
2332 4249 2528 4311 tenor
2557 4239 2710 4311 talis
2738 4245 2841 4310 est
2877 4263 2895 4308 z

958 4362 1033 4431 In
1067 4363 1347 4437 nomine
1389 4375 1624 4438 sancte
1674 4375 1747 4438 et
1798 4363 2164 4437 individue
2203 4363 2578 4436 Trinitatis.
2619 4362 2977 4456 Philippus
3008 4362 3395 4455 secundus,
3444 4363 3684 4439 divina

858 4481 1134 4558 favente
1188 4488 1550 4559 clementia
1598 4490 2058 4561 Romanorum
2103 4510 2230 4561 rex
2253 4497 2322 4560 et
2366 4508 2638 4580 semper
2673 4495 3033 4579 augustus.
3073 4484 3474 4577 Augustalis
3507 4489 3688 4559 emi-

861 4608 1102 4681 nencie
1132 4610 1503 4683 laudabilis
1540 4612 1876 4685 stabilitas
1910 4612 2090 4685 inter
2138 4620 2400 4686 ceteras
2433 4611 2690 4704 quibus
2735 4610 3060 4684 decenter
3091 4621 3373 4682 ornatur
3406 4611 3688 4685 virtutes

864 4748 1081 4823 usque
1112 4731 1288 4805 adeo
1319 4734 1498 4807 circa
1531 4736 1859 4808 universa
1892 4745 2085 4828 gesta
2113 4758 2241 4809 sua
2253 4735 2495 4808 florem
2523 4735 2916 4808 constancie
2940 4735 3300 4806 consuevit
3323 4734 3690 4808 observare
