4842 5802
852 610 1050 669 tamer.
1084 607 1169 690 7.]
1769 601 2159 663 HISTORIA
2209 596 2793 661 Du’LoMA'rch.
3563 592 3679 654 661

856 761 1252 837 possemne,
1305 747 1592 831 cogente
1625 738 1788 830 jure
1823 747 1892 809 et
1924 736 2356 830 querimonia
2391 731 2827 822 eorumdem,
2881 729 3046 823 quia
3081 748 3322 800 sumus
3357 726 3680 817 omnibus

848 863 1111 957 justitie
1163 860 1543 947 debitores,
1606 859 1680 929 in
1721 858 1990 951 ,iudicio
2030 859 2087 930 si
2143 857 2420 931 tandem
2472 855 2567 929 ad
2612 854 2746 927 hoc
2803 861 3209 948 perventum
3277 850 3512 937 fuerit,
3572 849 3674 921 eis

856 994 1192 1080 quantum
1227 984 1418 1057 salva
1449 981 1809 1056 honestate
1845 991 2070 1054 nostra
2116 1002 2507 1075 possumus,
2540 978 2723 1050 bona
2760 975 2898 1048 tide
2927 973 3333 1046 favorabiles
3359 994 3510 1045 esse
3533 993 3680 1044 vo-

856 1109 1088 1180 lumus
1120 1115 1190 1179 et
1216 1105 1539 1199 benigni,
1580 1114 1658 1175 ut
1688 1104 2052 1199 episcopus
2069 1114 2136 1176 et
2161 1105 2453 1176 ecclesia
2478 1109 2847 1175 memorata
2869 1100 3147 1193 plenum
3176 1096 3495 1169 affectum
3520 1116 3681 1168 nos-

861 1240 1038 1302 trum
1072 1229 1374 1324 experiri
1412 1229 1692 1301 valeant
1716 1249 1877 1299 cum
1910 1227 2178 1301 effectu.

957 1352 1209 1424 Actum
1247 1352 1439 1446 apud
1478 1351 1941 1444 Nuremberg‚
1994 1372 2178 1424 anno
2204 1350 2419 1443 gratie
2451 1349 2813 1421 millesimo
2839 1346 3307 1421 ducentesimo
3334 1343 3677 1417 tricesimo

865 1486 1142 1570 quarto,
1184 1485 1431 1570 quarto
1461 1474 1792 1548 kalendas
1815 1475 2007 1567 julii,
2049 1474 2425 1547 indictione
2457 1474 2772 1567 septima.

1323 1796 3020 1812 ffl—“0—u-*m-W——m—‘m
3025 1796 3110 1803 .....
3123 1790 3198 1802 -η

971 2085 1340 2169 Henricus
1359 2147 1383 2193 ,
1423 2085 1945 2168 Romanorum
1989 2108 2123 2164 rex
2146 2142 2169 2189 ,
2229 2081 2546 2165 sculteto
2598 2082 2694 2163 de
2746 2079 3173 2164 Northusen
3227 2083 3543 2164 mandat
3594 2093 3680 2165 ut

867 2244 1061 2327 quos
1133 2217 1491 2324 repererit
1543 2216 1835 2325 aliquid
1885 2216 1983 2296 de
2055 2213 2277 2297 bonis
2338 2212 2828 2295 ecclesiarum
2901 2212 3218 2294 Sanctae
3257 2212 3537 2295 'Crucis
3606 2224 3681 2296 et

867 2350 1128 2433 beatae
1159 2348 1493 2457 Virginis
1530 2358 1741 2430 extra
1777 2371 2039 2428 muros
2066 2346 2384 2451 civitatis
2419 2344 2698 2454 injuste
2723 2346 3167 2447 detinenteS‚
3202 2370 3291 2427 ea
3327 2346 3682 2430 universa

866 2494 1087 2593 cogat
1145 2482 1536 2563 restituere
1560 2543 1584 2589 ‚
1660 2481 2104 2589 civibusque
2165 2489 2254 2562 ut
2315 2480 2632 2562 sculteto
2687 2479 3167 2561 manifestent
3223 2483 3286 2561 si
3348 2504 3543 2587 quos
3593 2480 3674 2561 in

868 2615 1165 2700 occulto
1200 2615 1402 2697 bona
1437 2615 1703 2696 eadem
1739 2613 2074 2695 detinere
2112 2612 2490 2695 sciverint.

1030 2824 1260 2905 (Edidit
1299 2825 1740 2896 Fonsumnn,
1792 2819 2109 2883 Gesclticltte
2149 2837 2259 2881 von
2302 2817 2659 2894 Nor-almus„
2706 2830 2766 2881 2·
2807 2839 2974 2898 pars,
3019 2838 3081 2899 p.
3131 2830 3189 2896 7,
3230 2839 3309 2882 ex
3348 2823 3666 2885 chartular.

1106 2932 1348 2992 claustri
1381 2930 1589 2991 beatae
1610 2930 1839 3009 Mariae
1874 2930 2017 2990 dicti
2055 2923 2336 2991 Neuwerk
2347 2974 2369 3006 ,
2398 2931 2463 2989 in
2488 2945 2607 2990 sec.
2638 2928 2751 2989 XV
2783 2934 3048 3008 exarato,
3085 2936 3146 2989 et
3187 2946 3265 2989 ex
3303 2932 3471 3007 eopia
3509 2931 3677 2991 vidi-

1106 3039 1314 3111 mata.)

965 3216 1049 3285 H.
1077 3268 1097 3302 ,
1153 3215 1276 3286 Dei
1341 3213 1558 3307 gratia
1620 3214 2082 3285 Romanorum
2131 3233 2257 3285 rex
2317 3221 2386 3284 et
2431 3233 2699 3307 semper
2748 3223 3126 3306 augustus,
3174 3213 3496 3286 fidelibus
3541 3216 3687 3287 suis

870 3338 1158 3410 sculteto
1193 3337 1315 3430 qui
1350 3358 1473 3431 pro
1500 3344 1806 3432 tempore
1832 3335 2036 3408 fuerit
2060 3344 2129 3407 et
2155 3335 2494 3408 universis
2536 3336 2803 3408 civibus
2844 3338 2933 3409 de
2966 3336 3353 3408 Northusen
3388 3337 3686 3429 graciam

872 3481 1069 3532 suam
1097 3470 1165 3531 et
1203 3481 1405 3532 omne
1439 3460 1726 3531 bonum.
1780 3460 1951 3531 Cum
2001 3460 2182 3531 bona
2228 3444 2670 3532 'ecclesiarum
2714 3462 2957 3531 Sancte
2996 3459 3229 3531 Crucis
3257 3458 3362 3554 (l)
3393 3469 3462 3531 et
3488 3459 3687 3530 beate

872 3583 1179 3676 Virginis
1203 3594 1397 3657 extra
1427 3605 1661 3657 muros
1683 3583 1977 3656 civitatis
2008 3604 2145 3677 que
2170 3569 2444 3655 Novum
2474 3584 2664 3678 Opus
2687 3583 2966 3671 dicitur,
2998 3584 3133 3654 sint
3161 3581 3483 3655 distracta
3504 3594 3684 3654 etex

875 3706 1325 3779 diuturnitate
1354 3707 1676 3804 temporis
1706 3706 2145 3779 detineantur
2172 3716 2405 3779 contra
2427 3706 2776 3798 justiciam
2806 3728 2846 3777 a
2879 3705 3331 3799 quibusdam,
3376 3728 3511 3778 non
3534 3707 3687 3779 sine

873 3832 1069 3924 gravi
1114 3853 1239 3903 sue
1274 3832 1512 3904 salutis
1553 3830 1918 3927 dispendio
1972 3853 2054 3902 ac
2105 3832 2308 3902 etiam
2362 3831 2666 3926 periculo
2699 3829 3082 3901 animarum
3116 3852 3435 3919 suarum,
3478 3853 3689 3903 man-

876 3954 1123 4028 damus
1162 3955 1321 4045 tibi,
1370 3955 1687 4046 scultete‚
1736 3956 1869 4027 sub
1898 3955 2182 4028 obtentu
2217 3955 2435 4049 gratie
2472 3965 2697 4027 nostre
2729 3953 3014 4026 firmiter
3043 3955 3479 4049 injungentes
3513 3979 3689 4051 qua-

879 4087 1077 4152 tenus
1107 4101 1346 4153 omnes
1377 4102 1498 4152 eos
1524 4102 1701 4174 quos
1724 4080 2060 4175 repereris
2090 4079 2352 4173 aliquid
2392 4079 2482 4152 de
2508 4080 2710 4152 bonis
2745 4077 3186 4152 ecclesiarum
3231 4082 3532 4176 ipsarum
3581 4081 3685 4179 in-

875 4205 1057 4295 juste
1092 4204 1326 4298 aliquo
1350 4203 1560 4277 modo
1604 4203 1949 4295 detinere,
1996 4225 2203 4296 cogas
2237 4204 2640 4276 auctoritate
2671 4213 2902 4276 nostra
2933 4205 3288 4278 restituere
3324 4205 3686 4296 universa,

2540 4403 2856 4410 -0-0-——.—·-·
2870 4404 2972 4410 κ-.-

3417 4403 3493 4410 -.-

951 4506 1021 4578 (1)
1064 4526 1091 4561 α
1118 4507 1230 4565 Hoc
1250 4524 1414 4578 anno,
1435 4511 1483 4567 11
1510 4525 1681 4567 nonas
1702 4509 1861 4582 junii,
1884 4509 2031 4582 regia
2054 4508 2184 4568 villa
2202 4509 2509 4567 Northusen
2534 4510 2590 4566 in
2611 4517 2763 4583 parte
2785 4511 2970 4583 majori
3005 4527 3129 4568 cum
3154 4512 3585 4571 conventualibus
3607 4529 3696 4571 ec-

883 4598 1060 4658 clesiis
1093 4602 1321 4660 Sanctae
1351 4605 1535 4662 Crucis
1568 4611 1623 4662 et
1660 4605 1924 4663 minorum
1959 4605 2186 4664 fratrum
2218 4606 2462 4664 incendio
2491 4612 2808 4681 consumpta
2841 4614 2941 4666 est.
2977 4627 3003 4660 u
3027 4607 3279 4667 chronic.
3301 4608 3572 4683 Erphord.
3601 4627 3691 4685 ap.

887 4696 1174 4773 Bonnam,
1202 4702 1417 4771 Fontes,
1445 4709 1486 4759 t.
1512 4702 1579 4775 11,
1611 4718 1668 4776 p.
1702 4704 1824 4760 395.

3776 2086 4018 2195 Mttggtdlrg
4026 2169 4041 2193 ,

3801 2197 3857 2237 80
3879 2195 4011 2248 junii.
