4842 5802
1171 537 1293 599 888
2169 534 2595 596 FRIDERICI
2644 535 2991 598 ssscumm
3614 537 3774 616 [Arm.
3811 537 3987 601 1236.

1172 672 1395 744 forum
1433 666 1890 742 ehdomedale
1926 668 1996 739 in
2033 669 2342 763 qualibet
2394 671 2602 744 tercia
2652 672 2818 744 feria
2860 668 3346 745 celebrandum
3367 724 3387 762 ,
3425 672 3576 744 sine
3610 674 3994 767 prejudicio

1172 792 1351 884 J’uris
1384 792 1622 880 alieni,
1652 791 2058 887 recipientes
2092 812 2333 865 omnes
2360 792 2452 866 ad
2494 792 2678 867 idem
2717 795 2942 866 forum
2978 790 3334 866 venientes
3362 794 3549 868 etad
3578 796 3853 892 propria
3887 818 3995 869 re-

1179 924 1526 987 vertentes
1567 915 1700 986 sub
1749 915 2114 1009 specialem
2162 925 2462 989 nostram
2509 925 2580 988 et
2614 918 2885 1012 imperii
2923 916 3441 1013 protectionem.
3495 917 3606 991 Ad
3647 921 3851 1012 cujus
3895 920 3994 993 rei

1178 1039 1576 1111 memoriam
1611 1047 1683 1109 et
1718 1038 1929 1110 robur
1967 1040 2096 1109 sibi
2134 1039 2202 1109 in
2241 1047 2588 1134 posterum
2630 1041 3038 1131 valiturum,
3073 1063 3354 1136 presens
3396 1043 3726 1138 scriptum
3755 1041 3901 1116 fieri
3927 1056 3996 1115 et

1177 1162 1402 1254 sigillo
1445 1173 1673 1233 nostre
1708 1162 2134 1235 celsitudinis
2158 1164 2494 1255 jussimus
2529 1164 2962 1236 communiri.

1279 1287 1527 1356 Datum
1567 1284 1754 1379 apud
1801 1287 2158 1377 Werdam,
2200 1308 2382 1359 anno
2424 1287 2766 1360 dominice
2802 1288 3286 1361 incarnationis
3332 1288 3691 1363 millesimo
3725 1289 3994 1364 ducen-

1179 1409 1424 1481 tesimo
1462 1410 1801 1482 tricesimo
1835 1420 2061 1501 sexto,
2106 1432 2340 1483 mense
2358 1411 2549 1504 julii,
2584 1432 2766 1484 none
2792 1410 3212 1485 indictionis.

1290 2000 1745 2104 FridericuS‚
1785 2001 2307 2083 Romanorum
2343 2001 2786 2109 imperator,
2829 2002 2926 2082 ad
2961 2001 3396 2109 petitionem
3424 1999 4003 2111 Salzburgensis

1184 2132 1770 2240 archiepiscopi,
1802 2132 2134 2214 dictante
2180 2133 2546 2214 sententia
2586 2133 3014 2241 principum
3038 2195 3063 2241 ,
3102 2144 3303 2217 vetat
3345 2159 3442 2215 ne
3486 2133 3659 2242 quis
3704 2139 3998 2214 revocet

1182 2266 1530 2348 homines
1571 2292 1616 2346 a
1653 2275 1886 2346 strata
1932 2265 2238 2372 publica
2274 2266 2461 2374 quin
2499 2266 2783 2348 vadant
2818 2267 2916 2347 ad
2952 2266 3242 2373 forum,
3284 2266 3430 2348 nisi
3475 2265 3752 2348 habeat
3796 2290 3994 2374 pro-

1184 2399 1390 2507 prios
1425 2422 1621 2507 quos
1658 2422 2009 2480 revocare
2044 2408 2120 2480 et
2154 2399 2513 2481 reducere
2547 2407 2818 2507 potest.

1349 2610 1592 2687 (Inedit.
1619 2626 1693 2669 ex
1723 2606 2081 2690 Salzburqer
2105 2606 2612 2683 [samma-bimur,
2641 2616 2790 2671 tom.
2817 2611 2868 2683 Ι,
2898 2609 3003 2670 fol.
3038 2618 3178 2684 204,
3208 2609 3377 2672 Mss.
3408 2612 3472 2670 in
3495 2610 3734 2671 archivo
3761 2610 3994 2671 Vindo-

1416 2717 1703 2787 bonens13
1736 2718 1909 2793 cujus
1934 2719 2161 2793 copiam
2196 2716 2516 2777 liberaliter
2550 2716 2721 2777 nobis
2757 2718 2849 2776 vir
2881 2720 3153 2794 egregius
3178 2717 3231 2777 J.
3269 2718 3370 2778 Fr.
3405 2717 3764 2779 Boehmerus
3799 2724 3992 2779 trans·

1414 2824 1625 2896 misit.)

1279 3003 1702 3085 Friderious‚
1748 3003 1870 3075 Dei
1908 3003 2139 3094 gracia
2183 3002 2640 3076 Romanorum
2681 3003 3045 3097 imperator
3079 3024 3347 3099 semper
3382 3013 3754 3096 augustus,
3794 3005 3992 3076 Jeru-

1185 3130 1395 3199 salem
1432 3138 1500 3198 et
1534 3126 1760 3198 Sicilie
1790 3146 1941 3198 rex,
1985 3126 2113 3198 Per
2148 3146 2430 3221 presens
2475 3127 2804 3221 scriptum
2842 3136 3080 3198 notum
3119 3126 3262 3200 fieri
3308 3128 3629 3201 volumus
3655 3127 3995 3199 universis

1187 3260 1538 3346 presentes
1565 3250 1822 3322 litteras
1859 3250 2267 3344 inspecturis
2287 3303 2307 3338 ,
2342 3249 2536 3343 quod
2568 3272 2725 3322 cum
2761 3272 2887 3322 nos
2918 3251 3374 3325 resideremus
3406 3251 3477 3323 in
3510 3261 3732 3324 castro
3762 3259 3994 3324 nostro

1184 3373 1440 3448 Werde
1469 3396 1624 3447 cum
1666 3374 2096 3469 principibus
2131 3382 2200 3446 et
2236 3375 2388 3446 aliis
2429 3375 2825 3469 proceribus
2855 3376 3138 3464 nostris,
3174 3377 3462 3471 petitum
3503 3386 3607 3448 est
3643 3397 3768 3471 pro
3804 3389 3997 3470 parte

1188 3499 1417 3574 dilecti
1465 3498 1794 3592 principis
1836 3497 2048 3569 nostri
2092 3497 2172 3569 E.
2218 3498 2631 3570 venerabilis
2676 3497 3190 3591 salzburgensis
3226 3499 3714 3593 archiepiscopi
3767 3520 3994 3570 coram

1187 3627 1388 3698 nobis
1422 3651 1439 3695 ε
1479 3625 1539 3696 si
1566 3623 1971 3714 generaliter
2001 3620 2316 3695 homines
2353 3634 2597 3695 euntes
2622 3645 2749 3718 per
2778 3632 3053 3694 stratam
3098 3623 3451 3718 publicam
3483 3621 3574 3694 ad
3614 3623 3837 3693 forum
3871 3621 3995 3694 de·

1181 3751 1390 3821 beant
1431 3749 1521 3821 ab
1552 3749 1796 3820 eadem
1837 3755 2045 3820 strata
2100 3747 2378 3841 publica
2425 3747 2733 3819 revocari
2785 3755 2853 3818 et
2897 3748 3050 3838 cogi
3091 3768 3214 3842 per
3246 3746 3515 3840 aliquos
3556 3745 3655 3816 ire
3689 3767 3812 3840 per
3845 3745 3996 3817 vias

1186 3875 1493 3968 privatas
1552 3870 1644 3942 ad
1693 3873 1837 3943 fora
1886 3891 2036 3943 sua.
2111 3874 2334 3966 Super
2389 3891 2531 3964 quo
2584 3870 2887 3942 dictante
2940 3871 3276 3943 sententia
3329 3870 3716 3965 principum
3771 3867 3997 3939 extitit

1185 3998 1693 4091 promulgatum
1734 4022 1751 4065 ε
1786 3995 1977 4088 quod
2026 4016 2164 4067 non
2209 3996 2367 4067 licet
2417 3995 2628 4067 alicui
2676 3994 3038 4089 prohibere
3076 3994 3477 4066 hominibus
3515 4014 3641 4067 nec
3672 4013 3996 4064 revocare

1179 4143 1300 4195 eos
1335 4142 1377 4192 a
1427 4129 1637 4192 strata
1689 4120 2002 4215 publica,
2042 4119 2213 4212 quin
2258 4119 2521 4191 vadant
2564 4118 2657 4192 ad
2700 4119 2922 4190 forum
2974 4118 3095 4190 ubi
3149 4119 3413 4217 possint
3462 4140 3589 4190 sua
3633 4115 3995 4189 commoda

1182 4266 1542 4335 exercere;
1581 4244 1777 4316 salvo
1818 4243 1876 4316 si
1913 4243 2072 4337 quis
2118 4242 2326 4315 habet
2363 4241 2671 4338 proprios
2713 4264 2888 4336 quos
2928 4251 3152 4338 potest
3194 4264 3518 4316 revocare
3559 4250 3628 4315 et
3663 4241 3993 4314 reducere

1178 4371 1360 4441 sicut
1410 4369 1581 4442 vult.
1620 4366 1729 4440 Ad
1781 4367 1983 4458 cujus
2022 4365 2122 4439 rei
2161 4365 2562 4438 memoriam
2601 4375 2986 4462 presentem
3015 4365 3336 4461 paginam
3374 4364 3519 4439 fieri
3561 4365 3848 4436 fecimus
3887 4362 3992 4434 si-

1176 4493 1340 4586 gillo
1379 4500 1608 4564 nostro
1646 4490 2005 4563 munitam.
3426 4581 3431 4590 ὴ

1272 4618 1503 4688 Testes
1553 4625 1784 4689 autem
1824 4622 1987 4687 sunt
2021 4639 2038 4684 z
2071 4612 2149 4684 T.
2201 4610 2617 4685 venerabilis
2653 4613 3091 4685 Treverensis
3121 4613 3705 4709 archiepiscopus,
3741 4612 3823 4687 E.
3858 4613 3991 4685 Ba·
