4842 5802
960 746 1152 803 numer.
1188 740 1271 823 7.]
1869 734 2258 796 nlsroma
2308 735 2889 797 υιΡιοΜΑτιοΑ.
3658 736 3782 798 667

963 898 1243 983 proavo
1299 892 1440 952 suo
1484 866 1863 949 Friderico
1899 866 1932 947 1
1983 868 2438 975 imperatore
2496 869 2880 950 indultum
2942 868 3379 975 confirmat,
3426 872 3773 954 eamdem

944 1004 1223 1088 eximit
1266 1002 1367 1084 ab
1426 999 1637 1083 omni
1693 1000 2230 1082 advocatorum
2285 1001 2721 1108 vexatione,
2770 1003 3219 1120 diversaque
3263 1003 3440 1112 jura
3491 1004 3774 1088 ibidem
3825 1009 3830 1015 ’
3941 1114 3948 1121 .

963 1161 1317 1245 expressa
1369 1132 1725 1215 ecclesiae
1759 1140 1835 1213 et
1868 1132 2251 1213 canonicis
2285 1143 2600 1216 renovat
2632 1133 2750 1216 vel
2787 1133 3154 1216 concedit.
3315 1164 3316 1167 ¹

1128 1320 2070 1403 (Edid.11msccms,amiquit.
2108 1317 2358 1398 Goslar„
2387 1317 2494 1381 lib.
2525 1322 2735 1399 111,p.
2768 1320 2931 1399 248.)

1063 1486 1141 1555 In
1185 1483 1466 1556 nomine
1516 1490 1750 1555 sancte
1773 1490 1845 1554 et
1887 1482 2246 1555 individue
2288 1483 2657 1556 Trinitatis.
2705 1482 3064 1554 Heinricus
3114 1484 3446 1577 septimus
3469 1541 3485 1571 ‚
3543 1484 3782 1560 divina

969 1609 1241 1680 favente
1272 1606 1632 1679 clementia
1664 1607 2122 1678 Romanorum
2163 1627 2294 1679 rex
2332 1616 2403 1678 et
2434 1627 2702 1701 semper
2737 1615 3098 1698 augustus.
3130 1606 3274 1677 Etsi
3311 1607 3621 1678 omnium
3657 1629 3786 1681 ec-

879 1808 886 1814 ,
969 1729 1331 1804 elesiarum
1379 1728 1798 1825 profectibus
1841 1727 2194 1801 intendere
2243 1729 2661 1820 debeamus,
2711 1729 2986 1801 illarum
3032 1739 3259 1800 tamen
3297 1731 3677 1805 commodis
3720 1743 3790 1805 et

974 1853 1377 1925 utilitatibus
1413 1873 1540 1924 nos
1575 1850 1903 1924 convenit
1932 1850 2301 1946 specialius
2342 1851 2709 1946 providere
2762 1858 2901 1945 qu'e
2946 1852 3144 1924 nobis
3180 1861 3248 1925 et
3293 1854 3581 1948 imperio
3617 1877 3790 1950 spe-

974 1975 1233 2048 cialiter
1265 1983 1425 2047 sunt
1460 1975 1808 2048 adstricte.
1850 1973 2026 2044 Hinc
2061 1982 2166 2045 est
2197 1973 2389 2067 quod
2425 1995 2551 2046 nos
2588 1974 2933 2046 universis
2974 1974 3408 2070 presentibus
3440 1986 3508 2049 et
3545 1979 3795 2051 futuris

974 2101 1296 2172 volumus
1330 2098 1478 2170 fieri
1518 2098 1957 2170 manifestum
1991 2095 2183 2190 quo'd
2219 2117 2345 2169 nos
2375 2097 2760 2170 libertatem
2788 2107 2857 2170 et
2888 2098 3177 2191 gratiam
3213 2121 3351 2192 que
3385 2102 3665 2194 provisa
3694 2111 3799 2175 est

977 2231 1202 2296 nostre
1237 2221 1649 2293 Goslariensi
1685 2220 1967 2293 ecclesie
1992 2240 2120 2316 per
2150 2220 2590 2315 privilegium
2624 2221 2862 2315 proavi
2887 2221 3095 2293 nostri
3118 2221 3279 2295 dive
3305 2224 3797 2298 recordationis

977 2345 1325 2439 quondam
1353 2345 1684 2417 Friderici
1713 2343 2146 2440 imperatoris
2183 2353 2418 2417 contra
2455 2344 3000 2438 importunitates
3034 2346 3448 2439 multiplices
3481 2357 3550 2418 et
3591 2369 3799 2441 pres-

978 2491 1174 2542 suras
1207 2490 1385 2563 quas
1414 2467 1732 2541 advocati
1760 2469 1912 2560 ejus
1957 2468 2030 2539 in
2071 2468 2289 2563 ipsam
2321 2478 2825 2541 consueverant
2850 2490 3208 2560 exercere,
3249 2469 3570 2542 videlicet
3594 2472 3802 2544 here-

978 2593 1222 2667 ditates
1270 2606 1341 2667 et
1388 2594 1715 2687 reliquias
1759 2593 2050 2665 litonum
2086 2592 2373 2665 ecclesie
2437 2593 2567 2665 sibi
2614 2603 2850 2665 contra
2894 2593 3240 2684 justiciam
3293 2595 3693 2689 usurpando
3738 2606 3807 2668 et

981 2717 1268 2790 locando
1300 2739 1579 2790 mansos
1603 2717 1807 2790 novis
1831 2716 2090 2790 colonis
2116 2716 2188 2787 in
2226 2716 2462 2810 ipsius·
2481 2716 2768 2790 ecclesie
2803 2714 3262 2810 prejudicium
3294 2724 3365 2787 et
3387 2738 3798 2810 gravamen3

980 2841 1375 2916 auctoritate
1407 2841 1599 2935 regia
1629 2841 1718 2915 de
1758 2840 1970 2913 totius
1995 2841 2208 2913 nostri
2241 2840 2507 2914 consilii
2545 2839 2978 2935 providentia
3012 2839 3346 2912 duximus
3381 2840 3806 2914 confirman-

980 2964 1180 3054 dam,
1223 2967 1359 3038 sub
1395 2967 1684 3037 obtentu
1720 2966 1938 3058 gratie
1968 2975 2200 3038 nostre
2242 2963 2525 3037 firmiter
2569 2964 2955 3036 inhibentes
2997 2986 3086 3035 ne
3117 2965 3275 3058 quis
3307 2967 3806 3060 cujuscumque

980 3089 1391 3163 conditionis
1426 3091 1563 3162 alta
1600 3110 1894 3184 persona
1924 3089 2036 3161 vel
2071 3087 2387 3180 humilis,
2444 3088 2901 3161 ecclesiastica
2946 3088 3058 3159 vel
3103 3086 3490 3180 mundana,
3533 3089 3807 3163 liberta-

984 3214 1168 3286 tibus
1199 3214 1549 3309 privilegii
1580 3214 1894 3306 ejusdem
1927 3213 2161 3307 aliquo
2198 3214 2404 3286 modo
2439 3213 2770 3304 derogare
2800 3222 3150 3307 presumat
3205 3212 3316 3283 vel
3355 3212 3525 3284 alias
3574 3224 3809 3287 contra

983 3346 1286 3410 tenorem
1319 3336 1539 3431 ipsius
1579 3336 1941 3409 ecclesiam
1979 3336 2231 3408 audeat
2264 3337 2651 3408 molestare.
2673 3336 3017 3425 Preterea,
3063 3333 3242 3405 sicut
3276 3335 3348 3404 iu
3391 3334 3542 3427 ipso
3584 3336 3811 3429 privi-

985 3459 1166 3552 legio
1217 3468 1482 3533 constat
1515 3481 1671 3532 esse
1707 3459 2128 3556 prohibitum
2182 3468 2251 3531 et
2307 3468 2665 3550 statutum,
2704 3458 2805 3531 sic
2848 3467 2916 3529 et
2960 3479 3085 3529 nos
3113 3457 3202 3531 de
3229 3478 3413 3530 novo
3445 3460 3811 3533 statuimus

988 3582 1372 3656 inhibentes
1404 3592 1519 3671 ut,
1561 3584 1732 3676 quia
1764 3582 2082 3656 advocati
2121 3583 2387 3677 pridem
2424 3583 2518 3655 ad
2551 3582 2990 3654 ecclesiarum
3038 3580 3505 3654 defensionem
3549 3584 3807 3675 provisi

989 3705 1146 3777 facti
1183 3716 1343 3777 sunt
1375 3707 1446 3777 iu
1480 3707 1828 3801 plerisque
1852 3706 2021 3778 locis
2069 3726 2163 3777 ex
2198 3704 2669 3777 defensoribus
2707 3704 3111 3793 offensores,
3157 3724 3244 3775 ne
3271 3724 3479 3796 super
3515 3704 3699 3777 bona
3733 3706 3806 3777 in

987 3828 1221 3900 Werre
1246 3851 1385 3922 que
1418 3830 1508 3902 ad
1543 3830 1903 3903 ecclesiam
1938 3828 2162 3924 ipsam
2197 3837 2509 3923 spectant
2539 3828 2650 3901 vel
2682 3847 3118 3922 quecumque
3151 3827 3283 3898 alia
3317 3847 3453 3897 non
3482 3826 3804 3902 habentia

985 3952 1396 4040 advocatos,
1438 3973 1576 4045 que
1613 3953 1704 4025 ad
1737 3973 2017 4048 presens
2053 3951 2258 4025 habet
2293 3951 2582 4024 ecclesia
2615 3958 2987 4023 memorata
3016 3949 3127 4021 vel
3159 3949 3232 4020 in
3266 3951 3568 4021 futurum
3612 3973 3802 4047 pres·

986 4083 1172 4147 tante
1198 4075 1493 4148 Domino
1513 4075 1720 4167 justis
1746 4075 1975 4149 modis
1997 4075 2248 4170 poterit
2277 4075 2596 4172 adipisci,
2618 4075 2869 4169 aliquis
2895 4073 3298 4147 admittatur
3312 4084 3431 4145 aut
3450 4075 3667 4169 possit
3685 4085 3806 4147 aut

989 4197 1235 4271 debeat
1266 4198 1416 4271 fieri
1466 4198 1870 4271 advocatus.
1920 4199 2167 4270 Nullus
2215 4199 2425 4271 etiam
2474 4199 2653 4271 alius
2688 4219 2898 4292 quam
2946 4218 3326 4293 yconomus
3365 4197 3654 4270 ecclesie
3689 4199 3802 4269 cui

989 4323 1353 4394 commissa
1386 4321 1639 4392 fuerint
1674 4322 1821 4416 ipsa
1858 4321 2075 4410 bona,
2112 4331 2513 4417 potestatem
2545 4309 2796 4394 habeat
2833 4322 2906 4393 in
2944 4322 3079 4393 illis
3110 4320 3374 4415 aliquid
3395 4319 3794 4394 ordinandi.

990 4442 1096 4516 Ad
1124 4445 1255 4516 hec
1287 4444 1635 4517 libertates
1664 4445 1915 4539 pariter
1945 4455 2015 4517 et
2029 4446 2322 4518 honores
2347 4467 2705 4518 concessos
2727 4444 3034 4539 predicte
3063 4443 3348 4516 ecclesie
3370 4452 3438 4514 et
3456 4445 3803 4518 canonicis

992 4562 1280 4637 illibatos
1309 4588 1446 4638 non
1478 4567 1701 4638 solum
1733 4588 2166 4657 conservare,
2202 4568 2329 4641 sed
2354 4570 2562 4641 etiam
2593 4569 2750 4640 totis
2788 4569 3035 4639 nostris
3070 4565 3433 4638 desideriis
3468 4568 3801 4662 ampliare

995 4687 1352 4779 volumus,
1392 4697 1766 4763 statuentes
1799 4700 1877 4761 ut
1903 4692 2107 4781 juxta
2146 4700 2445 4765 tenorem
2481 4691 2826 4786 privilegii
2859 4690 3136 4763 alterius
3160 4687 3353 4783 quod
3379 4686 3669 4763 indulsit
3697 4694 3800 4766 eis

998 4806 1356 4904 imperator
1378 4812 1753 4907 predictus,
1790 4814 1861 4884 in
1898 4817 2206 4889 curtibus
2233 4815 2715 4888 claustralibus
2736 4814 2846 4886 vel
2876 4815 2948 4885 in
2984 4812 3305 4886 domibus
3329 4813 3563 4885 nullus
3583 4815 3801 4890 advo-
