4842 5802
1232 610 1355 677 938
2319 612 2941 684 anonumum.

1237 744 1438 832 oriri,
1494 754 1876 818 statuerunt
1928 746 2191 838 legatos
2251 768 2345 820 ex
2393 747 2495 820 eis
2547 748 2734 821 viros
2791 746 3054 819 nobiles
3104 755 3173 819 et
3229 746 3602 841 prudentes
3651 747 3743 820 ad
3795 750 4048 820 summi

1240 867 1582 963 pontificis
1633 870 2181 965 magnitudinem
2230 871 2563 965 dirigere,
2600 871 3077 944 celsitudinem
3117 877 3186 943 et
3221 870 3694 943 excellentiam
3740 893 3938 943 suam
3985 883 4052 944 et

1241 995 1667 1086 majestatem
1720 993 1963 1066 humili
2019 1015 2193 1067 voce
2246 1005 2312 1067 et
2365 995 2835 1068 attentissimis
2894 993 3214 1090 precibus
3271 1004 3634 1066 exorantes
3691 994 3920 1089 ipsum
3986 1005 4054 1067 et

1236 1117 1633 1190 omnimode
1681 1117 2085 1190 inducentes
2119 1126 2197 1189 ut
2232 1118 2331 1189 sic
2366 1115 2654 1214 agere[t]
2698 1127 2766 1191 et
2812 1139 3092 1214 operam
3131 1116 3478 1190 efficacem
3529 1114 3913 1214 prestare[t]
3963 1140 4050 1192 ne

1233 1240 1603 1336 imperator
1638 1239 1730 1314 ad
1765 1240 2153 1313 Lonbardie
2182 1249 2408 1335 partes
2443 1241 2659 1334 possit
2688 1261 2815 1312 nec
2846 1239 3099 1312 debeat
3130 1261 3289 1311 cum
3324 1240 3635 1312 exercitu
3674 1240 4039 1328 accedere;

1230 1361 1697 1456 significantes
1746 1364 1810 1436 ei
1851 1365 1908 1436 si
1955 1364 2088 1436 hoc
2131 1366 2352 1436 facere
2390 1374 2843 1460 presumeret,
2876 1362 3067 1457 quod
3109 1363 3622 1436 incommodum
3678 1364 3930 1458 pariter
3978 1374 4049 1436 et

1232 1488 1714 1560 detrimentum
1741 1490 2044 1562 Romane
2070 1499 2298 1584 posset
2322 1489 2486 1562 inde
2509 1490 2839 1585 consequi
2862 1489 3187 1578 Ecclesie,
3218 1489 3336 1579 [si]
3374 1509 3535 1560 cum
3577 1488 3886 1560 exercitu
3916 1509 4044 1561 suo

1232 1609 1323 1682 ad
1360 1611 1705 1683 civitatem
1737 1613 2012 1685 Ravene
2052 1613 2476 1685 accessisset.

1842 1811 2242 1905 Colloquium
2276 1815 2696 1907 imperatoris
2730 1815 2803 1886 in
2853 1814 3111 1895 civitate
3149 1814 3431 1885 Ravene.

1325 1960 1584 2034 Eodem
1614 1970 1919 2056 tempore
1953 1972 2021 2035 et
2066 1963 2138 2033 in
2175 1961 2418 2036 eadem
2455 1963 2921 2036 incarnatione
2956 1963 3355 2055 Federicns,
3396 1965 3855 2036 Romanorum
3898 1965 4041 2036 im-

1226 2094 1521 2179 perator,
1573 2087 1811 2158 statuit
1875 2086 2288 2180 colloquium
2345 2087 3051 2182 archiepiscoporum,
3106 2088 3619 2182 episcoporum,
3669 2088 4035 2174 abbatum,

1220 2209 1642 2304 principum,
1688 2208 2042 2301 comitum,
2098 2210 2611 2300 marchionum,
2653 2211 2990 2283 baronum
3041 2220 3110 2284 et
3145 2212 3437 2283 aliorum
3484 2211 3791 2282 virorum
3842 2210 4044 2284 nobi-

1223 2333 1397 2404 lium
1428 2334 1502 2404 in
1544 2333 1822 2407 civitate
1856 2335 2133 2407 Ravene
2167 2335 2239 2404 in
2292 2334 2464 2405 festo
2493 2333 2816 2405 Omnium
2865 2336 3294 2407 Sanctorum.
3332 2334 3514 2405 Cum
3569 2341 3797 2406 autem
3858 2333 4043 2407 idem

1219 2457 1589 2552 imperator
1619 2458 2032 2552 percepisset
2064 2458 2793 2551 dictum'colloquium
2835 2458 3099 2552 integre
3137 2459 3482 2532 celebrare
3521 2458 3805 2530 minime
3840 2478 4044 2553 posse

1219 2590 1498 2676 propter
1549 2582 1819 2653 illorum
1861 2581 2245 2654 absentiam
2282 2582 2405 2675 qui
2452 2582 2584 2675 ipsi
2636 2581 2981 2677 colloquio
3025 2582 3357 2656 accedere
3408 2581 3792 2670 debebant,
3841 2602 4043 2654 com-

1221 2705 1573 2777 municato
1629 2704 1958 2777 conscilio
2004 2705 2399 2799 prorogavit
2429 2705 2843 2799 colloquium
2895 2726 3123 2799 nsque
3173 2704 3264 2778 ad
3320 2705 3630 2778 medium
3689 2704 4037 2775 martium.

1222 2827 1377 2913 Quo
1410 2827 1614 2916 facto,
1658 2827 1840 2900 idem
1885 2828 2253 2923 imperator
2290 2827 2488 2901 dedit
2533 2830 2606 2900 in
2654 2827 2996 2903 mandatis
3045 2828 3617 2926 archiepiscopis,
3661 2828 4035 2924 episcopis,

1221 2951 1615 3043 comitibus,
1665 2953 2064 3038 baronibus,
2124 2953 2555 3048 principibus
2607 2963 2676 3026 et
2729 2954 2901 3027 viris
2956 2955 3308 3027 nobilibus
3363 2964 3442 3026 ut
3500 2954 3593 3026 ad
3653 2953 4038 3048 predictum

1221 3075 1593 3149 terminum
1637 3074 1728 3149 ad
1778 3075 1951 3148 illud
2004 3077 2424 3171 colloquium
2474 3077 2800 3152 accedere
2848 3079 3206 3154 deberent.
3249 3080 3326 3152 In
3364 3080 3517 3175 ipsa
3547 3100 3720 3151 vero
3763 3077 4041 3150 civitate

1226 3221 1484 3271 moram
1521 3199 1683 3272 fecit
1710 3221 1829 3293 per
1867 3208 2076 3271 totam
2107 3221 2400 3295 yemem.

1361 3401 1763 3497 Colloquium
1809 3412 2135 3473 rectorum
2183 3403 2561 3475 Lonbardie
2608 3414 2671 3475 et
2708 3401 3160 3475 cardinalium
3191 3403 3261 3474 in
3293 3403 3561 3475 civitate
3593 3400 3903 3472 Bononia.

1318 3556 1555 3627 Mense
1598 3575 1765 3627 vero
1800 3555 2122 3649 proximo
2168 3555 2532 3645 februarii,
2570 3554 2953 3627 cardinales
3001 3563 3234 3628 sancte
3274 3552 3580 3625 Ecclesie
3619 3549 3715 3645 (a)
3749 3548 4042 3622 Iacobus

1225 3680 1664 3752 Penestrinus
1719 3679 2085 3774 episcopus
2134 3679 2393 3752 electus
2446 3688 2515 3751 et
2561 3680 2717 3751 Otto
2773 3679 2950 3750 tituli
3005 3677 3236 3750 Sancti
3287 3675 3593 3749 Nicholai
3644 3676 3716 3745 in
3770 3694 4041 3746 carcere

1225 3803 1539 3874 Tulliano
1576 3803 1979 3894 cardinalis,
2020 3803 2270 3874 summi
2309 3801 2651 3897 pontificis
2690 3802 2929 3897 legati,
2974 3822 3183 3896 super
3220 3797 3588 3888 concordia
3627 3796 4038 3891 inquirenda

1225 3935 1294 3996 et
1327 3924 1801 4019 componenda
1838 3925 2013 3998 inter
2042 3926 2473 4016 Federicum,
2514 3925 2973 3998 Romanorum
3011 3925 3512 4019 imperatorem,
3544 3930 3613 3993 et
3640 3918 4037 3992 Lonbardos

1229 4048 1602 4120 Bononiam
1646 4056 2100 4120 accesserunt.
2144 4050 2277 4133 Qui
2335 4071 2491 4121 cum
2548 4049 2924 4128 rectoribus
2979 4048 3320 4121 societatis
3363 4043 3749 4118 Lonbardie
3797 4042 3868 4114 in
3905 4042 4039 4114 ka-

1229 4170 1454 4243 lendis
1495 4170 1719 4241 martii
1769 4172 2186 4264 colloquium
2228 4173 2299 4244 in
2336 4173 2489 4267 ipsa
2529 4181 2911 4246 statuerunt
2943 4172 3256 4257 civitate,
3302 4169 3547 4243 dantes
3582 4169 3654 4239 in
3700 4165 4042 4238 mandatis

1229 4318 1354 4391 per
1386 4294 1667 4366 nuntios
1693 4315 1855 4367 suos
1883 4295 2263 4367 rectoribus
2302 4296 2848 4391 uniuscujusque
2870 4296 3166 4369 civitatis
3192 4293 3533 4367 societatis
3556 4288 3944 4364 Lonbardie
3963 4299 4045 4360 ut

1229 4421 1302 4492 in
1335 4420 1581 4492 eodem
1611 4419 1901 4490 termino
1927 4418 2019 4492 ad
2054 4419 2225 4492 illud
2249 4441 2406 4491 cum
2436 4420 2605 4491 viris
2631 4419 3090 4515 prudentibus
3112 4418 3441 4491 deberent
3467 4414 3796 4488 accedere
3834 4413 4044 4486 collo·

1228 4523 1496 4638 quium.
1515 4543 1622 4615 Ad
1649 4542 1865 4637 quod,
1881 4551 2085 4636 prout
2110 4543 2179 4613 in
2212 4543 2554 4617 mandatis
2574 4544 2980 4636 habuerant,
3004 4544 3400 4617 festinanter
3418 4545 3890 4637 perrexerunt,
3906 4535 4042 4608 ibi-

1307 4717 1390 4798 (a)
1433 4722 1503 4780 In
1531 4718 1732 4781 codice
1757 4715 2075 4781 cardinatis
2100 4716 2319 4780 Scicilie
2344 4726 2415 4796 ct.
