4842 5802
1142 582 1264 645 962
2061 595 2314 655 mnssx
2360 593 3054 656 nocumsm‘roauu.

1157 745 3962 780 Ἣ

1185 783 1229 857 1
1242 782 1399 859 251

1155 910 1419 970 decemb.
1497 913 1835 980 Ravennae.
1913 952 1995 964 —
2033 919 2355 1012 Confirmat
2398 921 2748 979 sententiam
2789 935 2898 996 per
2938 920 3262 994 Henricum
3312 937 3510 1010 regem
3556 921 3754 986 filium
3799 942 3971 986 suum

1674 1007 1679 1014 ’
1990 1014 2170 1076 latam
2196 1032 2372 1092 super
2396 1018 2767 1075 revocatione
2801 1018 3287 1077 communitatum
3326 1024 3386 1077 et
3422 1022 3907 1081 constitutionum
3934 1038 3974 1082 a

1992 1112 2222 1174 civibus
2259 1114 2584 1173 Bisuntinis
2622 1110 2989 1172 firmatarum
3024 1119 3231 1174 contra
3269 1117 3373 1191 jus
3410 1114 3637 1175 Nicolai
3681 1116 3971 1194 archiepi-

1990 1212 2152 1285 scopi
2187 1210 2445 1269 civitatis
2469 1208 2754 1286 ejusdem.
3849 1221 3967 1272 279

1151 1293 1417 1355 decemb.
1573 1298 1751 1378 Apud
1912 1331 1995 1347 -—-
2031 1302 2251 1362 Uberto
2275 1302 2539 1363 Cumano
2562 1303 2832 1379 episcopo
2857 1307 2916 1361 et
2936 1301 3213 1363 ecclesiae
3237 1306 3367 1380 ejus
3393 1320 3577 1365 venas
3601 1305 3971 1365 metallorum

1486 1393 1850 1459 Ravennam.
1990 1415 2144 1476 quae
2189 1400 2574 1458 inveniuntur
2624 1401 2688 1458 in
2732 1399 3001 1458 districtu
3056 1399 3322 1475 ejusdem
3374 1403 3777 1478 episcopatus,
3826 1418 3973 1463 con-

1988 1497 2166 1556 oefflt.
3847 1508 3959 1559 281

1196 1580 1374 1664 [dec.]
1452 1627 1856 1649 .......
1919 1622 1991 1637 -
2030 1592 2430 1670 Burgensibus
2455 1594 2529 1652 de
2566 1592 2809 1670 Lug-ano
2852 1593 3097 1654 mandat
3137 1598 3206 1653 ut
3238 1593 3631 1654 obedientiam
3657 1610 3838 1672 quam
3863 1596 3965 1655 de-

1990 1690 2135 1750 bent
2159 1689 2380 1751 Uberto
2407 1689 2674 1749 Cumano
2701 1691 2971 1766 episcopo
2996 1696 3056 1750 et
3081 1690 3355 1750 ecclesiae
3377 1692 3536 1765 ejus,
3568 1706 3687 1750 non
3715 1691 3968 1768 amplius

1989 1785 2274 1864 denegare
2300 1792 2703 1862 praesumant.
3849 1796 3964 1846 282

1150 1871 1437 1934 decemb.2
1495 1876 1830 1941 Ravennae.
1908 1915 1989 1927 —
2027 1882 2342 1943 Astuldum
2384 1884 2419 1942 J
2423 1883 2673 1943 ohannis
2715 1882 3061 1943 Ber-nardini
3100 1883 3176 1944 de
3215 1882 3418 1944 Castro
3450 1882 3622 1943 Novo
3666 1882 3967 1960 publicum

1168 2038 1383 2114 1252
1986 1979 2358 2040 tabellionem
2382 1980 2610 2056 imperii
2638 1980 2964 2040 constituit.
3845 1988 3960 2039 289

1167 2176 1233 2227 11
1262 2171 1388 2245 jan.
1489 2165 1827 2226 Ravennae.
1906 2204 1987 2217 -
2027 2173 2370 2234 Hermanno
2394 2174 2679 2250 magistro
2702 2173 2914 2233 domus
2940 2172 3439 2236 Theutonicorum
3465 2173 3712 2236 mandat
3736 2180 3807 2233 ut
3829 2173 3967 2233 Rai-

1984 2271 2149 2329 nerio
2174 2269 2370 2329 abbati
2396 2269 2471 2329 de
2495 2268 2697 2330 Monte
2722 2269 2955 2330 Amiate
2999 2271 3062 2330 in
3097 2270 3313 2329 Tuscia
3352 2270 3662 2347 privilegia
3702 2269 3966 2346 eJusdem

1964 2366 2257 2426 *ecclesiae
2284 2368 2584 2441 restituat,
2613 2382 2764 2443 quae
2789 2372 3025 2442 propter
3067 2372 3498 2426 sacramentum
3545 2365 3847 2427 fidelitatis
3887 2366 3963 2427 ab

1983 2462 2190 2522 eodem
2216 2461 2429 2522 abbate
2454 2463 2869 2538 praestandum
2884 2507 2901 2540 ,
2930 2462 3195 2539 deposita
3220 2462 3476 2523 fuerant.
3844 2472 3963 2523 284

1151 2558 1388 2633 januar.
1570 2550 1749 2628 Apud
1905 2591 1982 2603 —
2020 2559 2283 2620 Revocat
2325 2561 2690 2630 communia,
2730 2560 3001 2632 consilia,
3031 2561 3345 2637 magistros
3385 2560 3649 2636 aliosque
3685 2558 3966 2620 officiales

1478 2646 1844 2709 Ravennam.
1982 2657 2202 2717 civium
2227 2658 2420 2733 quiin
2449 2657 2610 2715 omni
2636 2657 2877 2716 civitate
2905 2656 2998 2715 vcl
3035 2655 3252 2732 oppido
3277 2655 3659 2715 Alemanniae
3688 2657 3816 2716 sine
3840 2657 3966 2734 epi-

1981 2768 2293 2828 scoporum
2332 2751 2699 2828 beneplacito
2742 2759 2912 2812 erant
2956 2754 3193 2823 statuti;
3230 2753 3395 2811 irrita
3440 2752 3619 2812 simul
3662 2751 3965 2812 declarans

1981 2852 2181 2910 omnia
2205 2850 2512 2929 privilegia
2538 2867 2693 2927 quae
2720 2851 2814 2911 vel
2841 2852 2967 2927 ipsc
2993 2848 3090 2910 vel
3117 2849 3588 2926 praedecessores
3613 2850 3735 2924 sui,
3768 2848 3965 2911 arehi-

1982 2949 2234 3023 episcopi
2282 2950 2460 3007 etiam
2500 2954 2562 3006 et
2599 2949 2858 3024 episcopi
2900 2962 3077 3022 super
3121 2945 3535 3006 communibus
3574 2947 3638 3005 in
3660 2946 3964 3023 praejudi-

1982 3045 2142 3103 cium
2169 3046 2501 3121 principum
2528 3050 2588 3104 et
2612 3045 2837 3120 imperii
2862 3043 3172 3103 dederunt.
3843 3051 3959 3103 285

1153 3137 1391 3212 ianuar.
1497 3131 1570 3189 In
1594 3132 1831 3193 civitate
1904 3169 1980 3183 -—-
2022 3139 2121 3200 Ad
2160 3141 2642 3217 supplicationem
2686 3139 2888 3201 sifridi
2921 3140 3361 3215 Ratisponensis
3403 3139 3691 3216 episcopi,
3721 3140 3961 3215 privile-

1489 3228 1822 3291 Ravannae.
1981 3235 2146 3311 gium
2172 3234 2271 3292 avi
2294 3234 2387 3293 sui
2412 3233 2693 3294 Friderici
2719 3235 2751 3293 Ι
2775 3234 3131 3294 monasterio
3173 3232 3460 3293 Rohrensi
3489 3232 3788 3292 indultum
3816 3247 3965 3291 con-

1982 3331 2208 3403 firmat,
2239 3328 2514 3406 idemque
2538 3346 2673 3390 cum
2704 3330 3165 3407 possessionibus
3191 3336 3250 3390 et
3274 3328 3612 3389 hominibus
3638 3329 3700 3387 in
3728 3333 3961 3404 protec-

1981 3429 2141 3487 tione
2167 3442 2277 3486 sua
2301 3427 2564 3502 suscipit.
3838 3432 3958 3484 288

1146 3526 1380 3601 januar.
1486 3519 1823 3583 Ravennae.
1903 3554 1982 3568 —
2021 3522 2114 3582 Ad
2151 3522 2637 3599 supplicationem
2687 3522 2937 3582 Conradi
2985 3524 3241 3599 episcopi
3288 3520 3776 3598 osnaburgensis,
3805 3522 3861 3579 ei
3900 3526 3962 3580 et

1980 3618 2257 3679 ecclesiae
2277 3621 2408 3695 ejus
2443 3617 2751 3678 confirmat
2777 3617 3118 3678 advocatias
3155 3617 3411 3695 legitime
3437 3618 3754 3694 acquisitas
3785 3631 3962 3692 super

1979 3715 2153 3776 bonis
2177 3731 2418 3776 mensae
2444 3731 2584 3775 suae
2609 3720 2670 3774 et
2695 3715 2939 3790 capituli
2965 3716 3207 3791 majoris
3230 3719 3291 3773 et
3320 3713 3568 3773 aliarum
3596 3718 3959 3773 conventua-

1981 3813 2130 3872 lium
2155 3818 2215 3871 at
2238 3811 2691 3887 parrochialium
2710 3810 3111 3875 ecclesiarum.
3838 3817 3955 3870 290

1147 3914 1391 3988 januar.
1568 3907 1745 3984 Apud
1901 3939 1983 3951 —
2020 3908 2540 3986 osnaburgensem
2592 3909 2934 3984 episcopum
2984 3923 3122 3967 cum
3169 3906 3413 3967 ecclesia
3459 3909 3620 3984 ejus,
3675 3908 3957 3984 capitulo,

1478 4004 1843 4065 Ravennam.
1979 4004 2350 4077 hominibus,
2382 4006 2844 4082 possessionibus
2857 4049 2877 4080 ,
2905 4010 3085 4082 atque
3106 4004 3280 4065 bonis
3317 4002 3429 4064 sub
3473 4020 3582 4064 sua
3624 4009 3687 4062 et
3728 4004 3959 4080 imperii

1980 4100 2215 4177 speciali
2242 4104 2601 4178 protectione
2620 4104 2844 4178 recipit.
3838 4107 3954 4157 292

1146 4204 1389 4280 januar.
1488 4197 1562 4259 In
1589 4198 1831 4258 civitate
1901 4228 1981 4241 —
2016 4197 2115 4259 Ad
2150 4194 2635 4274 supplicationem
2675 4198 2928 4258 Walteri
2973 4197 3205 4258 abbatis
3218 4239 3238 4275 ,
3279 4196 3703 4257 monasterium
3745 4195 3959 4255 Medii-

1491 4294 1823 4356 Ravannae.
1979 4307 2149 4353 oense
2176 4291 2395 4367 (Molk)
2418 4308 2557 4352 cum
2582 4292 2920 4353 hominibus
2943 4298 3004 4353 et
3024 4292 3193 4352 bonis
3219 4294 3346 4369 ejus
3370 4291 3481 4351 sub
3509 4305 3619 4350 sua
3644 4295 3705 4349 et
3727 4291 3957 4365 imperii

1979 4389 2333 4464 protectione
2359 4389 2591 4465 recipit.
3837 4392 3954 4443 292

1148 4490 1384 4565 januar.
1486 4488 1824 4548 Ravennae.
1901 4517 1981 4531 —
2019 4484 2117 4545 Ad
2178 4486 2662 4563 supplicationem
2730 4485 2960 4547 abbatis
3013 4484 3388 4546 Medlieensis
3403 4524 3421 4557 ,
3473 4485 3827 4544 sententiam
3879 4481 3955 4542 ab

1981 4582 2236 4643 Henrico
2260 4582 2335 4642 da
2359 4582 2668 4659 Chuni-ing
2705 4582 2782 4643 de
2816 4582 2989 4643 bonis
3028 4583 3092 4641 in
3139 4579 3454 4643 Rasenseld
3491 4581 3645 4639 inter
3682 4577 3956 4639 eumdem

1980 4678 2253 4740 abbatem
2277 4686 2335 4739 et
2356 4678 2687 4757 Seyfridum
2712 4678 2786 4740 de
2809 4678 3126 4739 Chalcbaw
3154 4678 3335 4738 latam
3362 4674 3695 4736 confirmat.
3838 4681 3954 4732 293
