4842 5802
801 644 997 703 himer.
1038 642 1159 718 lo.]
1701 633 2096 695 HISTORIA
2147 634 2732 696 DIPLOMATICA.
3510 631 3625 693 921

804 778 921 849 lex
968 775 1238 848 Domini
1297 780 1711 846 convertens
1750 770 2018 842 animas
2055 769 2156 840 sic
2199 790 2439 841 omnes
2476 768 2712 841 fideles
2761 769 3119 842 seduceret
3154 767 3344 861 quod
3382 788 3501 839 eos
3535 767 3625 840 de

803 900 1075 971 fornace
1121 899 1340 969 ferrea
1370 892 1747 967 Pharaonis
1773 890 2059 964 eductos
2094 891 2189 964 ad
2214 913 2379 963 vere
2414 890 2580 964 fidei
2615 892 2924 964 notitiam
2958 890 3306 964 evocaret!
3349 891 3621 963 Utinam

803 1041 1042 1093 omnes
1095 1020 1335 1093 fideles
1381 1017 1481 1090 sic
1530 1038 1694 1089 suos
1739 1015 2125 1109 superiores
2183 1014 2611 1088 offenderent
2654 1015 2844 1110 quod
2892 1015 2983 1088 ad
3036 1014 3458 1087 auditorium
3512 1034 3624 1084 ce-

803 1145 974 1216 leste
1011 1144 1234 1215 vocati
1272 1141 1546 1237 preconi
1584 1149 1901 1233 parerent
1931 1138 2303 1227 dominico,
2345 1147 2415 1210 et
2456 1139 2529 1208 in
2573 1159 2649 1209 se
2690 1149 2825 1209 tam
2869 1139 3147 1210 salutari
3192 1136 3620 1210 contumacia

803 1285 1081 1337 suorum
1140 1263 1467 1336 offensam
1531 1260 1922 1355 principum
1981 1257 2472 1354 provocarent!
2509 1260 2840 1332 Tolosano
2887 1260 3116 1331 comiti
3176 1259 3301 1331 etsi
3357 1259 3489 1330 lata
3547 1259 3615 1329 in

803 1408 961 1459 eum
1023 1383 1756 1458 excommunicationis
1820 1384 2155 1455 sententia
2224 1383 2617 1475 nequiverit
2675 1381 3116 1476 privilegium
3176 1380 3623 1452 immunitatis

804 1510 1045 1583 afferre
1091 1509 1203 1580 vel
1239 1509 1377 1599 Juri
1414 1517 1535 1579 tuo
1567 1506 2026 1601 prejudicium
2067 1528 2418 1600 generare,
2456 1505 2697 1578 debuit
2739 1515 2971 1578 tamen
3000 1506 3065 1578 ei
3095 1507 3396 1577 favorem
3434 1526 3621 1576 com-

805 1631 1156 1704 munionis
1201 1630 1572 1726 imperialis
1610 1630 1905 1717 auferre,
1947 1651 2159 1722 quam
2187 1606 2322 1699 sibi
2369 1628 2706 1722 nequibas
2748 1636 2976 1721 preter
3006 1629 3233 1700 anime
3279 1638 3396 1699 tue
3446 1628 3624 1722 peri·

806 1756 1035 1826 culum
1077 1775 1216 1847 que
1246 1754 1372 1825 tibi
1407 1754 1596 1825 omni
1630 1752 1953 1825 thesauro
1991 1751 2200 1824 debet
2224 1774 2375 1824 esse
2406 1753 2650 1839 carior,
2690 1752 3074 1842 indulgere,
3112 1762 3187 1823 ut
3221 1752 3353 1824 hoc
3383 1753 3621 1824 saltem

807 1878 1056 1949 rubore
1088 1878 1408 1970 perfusus
1453 1875 1548 1948 ad
1583 1876 1812 1948 sinum
1855 1875 2094 1947 matris
2135 1874 2388 1947 rediret
2431 1876 2736 1947 Ecclesie
2761 1883 2830 1946 et
2866 1875 2990 1945 tibi
3024 1876 3172 1947 sine
3215 1875 3454 1947 salutis
3508 1885 3623 1947 tue

808 1999 1172 2095 dispendio
1218 2009 1449 2093 posset
1491 1998 1803 2071 debitum
1852 2000 2211 2070 servitium
2256 1998 2607 2071 exhibere.
2666 1998 2979 2070 Ceterum
3032 2020 3119 2071 ne
3163 2009 3391 2070 nostro
3436 1999 3624 2092 quod

806 2142 1050 2193 verum
1083 2131 1187 2192 est
1221 2123 1670 2215 patefaciente
1714 2143 2046 2216 responso
2089 2122 2273 2195 dicta
2314 2142 2739 2216 exaggerare
2783 2143 3111 2213 cogamur
3142 2135 3211 2193 et
3246 2133 3469 2215 gesta,
3509 2144 3624 2194 ca-

810 2245 987 2315 lamo
1037 2255 1266 2317 nostro
1315 2245 1717 2317 brevitatem
1759 2246 2153 2336 indicimus,
2197 2255 2266 2317 et
2299 2267 2388 2317 ne
2427 2267 2634 2339 super
2670 2266 2752 2318 eo
2792 2244 2980 2338 quod
3021 2246 3109 2318 de
3142 2245 3294 2338 lege
3330 2246 3517 2337 regia
3554 2256 3624 2318 et

809 2367 1145 2460 episcopis
1172 2369 1544 2461 scripseras
1573 2367 1897 2440 honorem
1924 2378 2121 2439 tuum
2155 2369 2353 2441 obice
2380 2369 2691 2440 veritatis
2718 2376 3109 2463 exasperet,
3145 2368 3617 2462 prohibemus

809 2490 945 2561 Sed
982 2491 1166 2563 vade
1193 2491 1282 2563 ad
1328 2502 1600 2563 tuorum
1649 2493 2048 2565 memoriam
2091 2493 2648 2585 predecessorum
2691 2503 2760 2565 et
2804 2493 3098 2586 inspice,
3149 2493 3359 2564 transi
3400 2492 3492 2564 ad
3528 2493 3625 2565 fe·

809 2612 960 2683 licis
996 2613 1487 2686 recordationis
1517 2615 1968 2705 Constantini,
2019 2616 2239 2688 Caroli
2274 2617 2534 2709 magni,
2578 2615 2856 2687 Arcadii
2889 2628 2959 2688 et
2991 2616 3449 2688 Valentiniani
3493 2617 3622 2687 im-

809 2743 1195 2828 peratorum
1220 2738 1562 2831 exempla,
1585 2746 1656 2809 et
1681 2758 1763 2809 ea
1804 2737 2204 2832 diligentius
2227 2741 2587 2833 speculare
2621 2739 2743 2810 ubi
2771 2739 3169 2811 infaillibilis
3207 2736 3622 2836 solutio[nis]

808 2858 1159 2930 conclusio
1196 2860 1345 2931 sine
1387 2859 1706 2931 instantia
1750 2880 1960 2954 super
2004 2860 2350 2953 premissis
2390 2861 2752 2955 accipitur,
2798 2860 2918 2933 ubi
2973 2861 3404 2956 reprobanda
3457 2862 3625 2934 false

808 2981 1153 3075 opinionis
1225 2985 1608 3077 assumptio
1663 2985 2085 3056 confutatur.
2150 2984 2330 3057 Illud
2392 2996 2620 3056 autem
2681 2986 2960 3058 minime
3024 2987 3428 3080 preterimus
3503 2985 3624 3059 toti

807 3108 1070 3180 mundo
1108 3109 1386 3201 publice
1436 3109 1872 3181 manifestum
1905 3109 2092 3204 quod
2122 3111 2472 3204 predictus
2518 3112 2998 3183 Constantinus
3035 3112 3157 3205 qui
3202 3113 3618 3205 singularem

808 3251 1018 3324 super
1049 3232 1373 3303 universa
1425 3232 1671 3304 mundi
1721 3233 1990 3305 climata
2040 3234 2505 3306 monarchiam
2550 3235 2935 3322 obtinebat,
2968 3258 3104 3307 una
3141 3257 3298 3307 cum
3330 3245 3470 3308 toto
3509 3257 3617 3308 se-

809 3364 971 3424 natu
1009 3361 1078 3426 et
1110 3356 1367 3448 populo
1405 3377 1541 3427 non
1574 3356 1797 3427 solnm
1831 3357 2069 3446 Urbis,
2100 3357 2223 3428 sed
2254 3358 2327 3428 in
2363 3367 2505 3430 toto
2535 3360 2841 3431 Romano
2885 3359 3172 3452 imperio
3221 3360 3613 3448 constituto,

811 3478 1120 3547 unanimi
1161 3479 1473 3549 omnium
1524 3478 1902 3554 accedente
1955 3503 2327 3568 consensu,
2380 3483 2671 3578 dignum
2714 3506 2864 3558 esse
2904 3485 3281 3557 decernens
3323 3498 3400 3557 nt
3440 3487 3620 3557 sicut

810 3601 1139 3696 principis
1187 3600 1670 3696 Apostolorum
1716 3604 2015 3675 vicarius
2046 3607 2115 3674 in
2172 3617 2312 3679 toto
2361 3608 2527 3678 orbe
2573 3610 2932 3682 sacerdotii
2972 3621 3040 3681 et
3090 3610 3473 3681 animarum
3511 3632 3617 3681 re-

810 3726 1016 3817 gebat
1059 3726 1461 3820 imperium,
1501 3728 1603 3798 sic
1653 3728 1725 3798 in
1780 3730 2104 3802 universo
2153 3730 2416 3803 mundo
2473 3752 2703 3803 rerum
2759 3733 3095 3805 obtineret
3137 3744 3207 3806 et
3252 3755 3618 3828 corporum

812 3849 1310 3944 principatum,
1351 3859 1421 3920 et
1451 3850 1858 3923 existimans
1901 3853 2089 3924 illum
2149 3861 2409 3925 terrena
2457 3854 2710 3928 debere
2753 3856 2883 3926 sub
2913 3856 3187 3930 habena
3216 3857 3475 3948 justitie
3513 3880 3619 3929 re-

810 3991 973 4060 gere
1008 3972 1121 4042 cui
1175 3973 1540 4043 Dominum
1583 3985 1868 4047 noverat
1901 3976 1972 4046 in
2009 3977 2204 4048 terris
2254 3979 2604 4049 celestium
2650 3978 2959 4069 regimen
2988 3980 3438 4072 commisisse,
3485 3983 3621 4054 Ro-

811 4115 1015 4166 mano
1065 4094 1372 4189 pontifici
1417 4098 1614 4190 signa
1661 4107 1731 4170 et
1764 4109 2029 4192 sceptra
2072 4099 2482 4194 imperialia,
2527 4102 2777 4174 Urbem
2806 4124 2966 4174 cum
3003 4111 3143 4176 toto
3189 4103 3445 4176 ducatu
3490 4126 3617 4177 suo

809 4238 1018 4309 quam
1045 4219 1302 4313 sparsis
1333 4218 1404 4290 in
1430 4239 1512 4291 ea
1542 4220 1857 4315 pecuniis
1886 4220 2084 4293 nobis
2106 4222 2379 4293 turbare
2408 4223 2667 4294 moliris
2694 4222 2754 4318 (l
2772 4223 2823 4317 )‚
2851 4225 3034 4297 illius
3059 4247 3353 4319 sequens
3378 4250 3617 4301 exem-

884 4531 954 4605 (t)
991 4533 1108 4589 Huc
1127 4535 1378 4592 convenit
1398 4535 1541 4609 quod
1570 4553 1719 4594 more
1747 4553 1846 4595 suo
1875 4537 2114 4597 breviter
2135 4545 2282 4597 notat
2316 4541 2606 4599 Riccardus
2645 4541 2714 4600 de
2735 4543 2930 4602 Sancto
2959 4543 3263 4603 Germano:
3294 4567 3321 4602 «
3342 4551 3454 4609 Hoc
3478 4568 3620 4615 anno

816 4630 954 4684 ⁴236
980 4630 1168 4687 Petrus
1191 4632 1491 4722 Frajapane
1527 4635 1583 4692 in
1611 4636 1748 4694 urbe
1788 4638 1952 4694 Roma
1989 4654 2087 4711 pro
2113 4644 2268 4712 parte
2292 4640 2630 4714 imperatoris
2645 4657 2895 4713 guerram
2926 4650 3107 4701 movet
3138 4651 3323 4703 contra
3347 4664 3542 4725 papam
3565 4660 3621 4711 et

813 4731 1131 4797 senatorem,
1159 4734 1215 4783 et
1238 4730 1428 4788 seditio
1459 4731 1599 4790 facta
1629 4740 1714 4791 est
1733 4735 1902 4791 multa
1927 4735 1980 4791 in
2005 4736 2221 4809 populo.
2245 4755 2272 4788 n

971 4824 1080 4886 IV.
1127 4838 1239 4886 Pu·
1264 4846 1308 4888 2.
3010 4909 3019 4917 ,
3191 4849 3302 4903 116
