4842 5802
832 2439 957 2491 Apud

742 2489 1015 2546 suaemberg
1031 2522 1043 2545 ,

757 2545 814 2588 2³
833 2549 1009 2600 augusti

1140 591 1261 653 676
2176 594 2518 655 HEcht
2569 597 2904 660 SEPTIMI
3579 604 3736 686 [Anu.
3774 607 3943 668 1234

1143 724 1452 817 liturum,
1478 748 1762 821 presens
1782 728 2221 823 privilegium
2257 731 2594 802 conscribi
2626 743 2695 804 et
2728 733 2954 827 sigillo
2986 746 3215 810 nostro
3236 739 3568 831 jussimus
3604 740 3942 834 insigniri.

1241 850 1470 921 Testae
1503 849 1602 920 hii
1641 860 1801 921 sunt
1843 878 1859 920 ε
1905 850 2195 922 Sifridus
2234 853 2679 942 Moguntinus
2705 857 3297 955 archiepiscopus,
3338 862 3762 935 Ekkebertus
3804 866 3950 936 Ba-

1140 972 1659 1067 beubergensis,
1679 974 2115 1045 Hermannus
2124 975 2633 1070 Herbipolensis
2655 980 2982 1075 episcopi,
3005 1003 3234 1055 comes
3256 985 3495 1078 Egeno
3513 986 3603 1058 de
3628 987 3942 1080 Vriburc,

1140 1096 1499 1169 Heinricus
1545 1098 1633 1171 de
1690 1097 1894 1182 Niffe,
1964 1097 2035 1168 C.
2096 1099 2514 1190 burgravius
2565 1100 2655 1173 de
2703 1104 3167 1199 Nuremberg,
3223 1108 3379 1179 Otto
3429 1109 3519 1182 de
3553 1109 3941 1202 Eberstein‚

1140 1219 1498 1293 Cunradus
1535 1222 1860 1315 pincerna
1880 1220 1969 1294 de
1999 1221 2506 1311 Wintersteten,
2548 1226 2911 1299 Heinricus
2938 1231 3354 1303 camerarius
3382 1231 3470 1305 de
3491 1233 3940 1328 Ravinspurc,

1138 1342 1498 1415 Cunradus
1527 1343 1615 1416 de
1639 1344 2049 1435 Smidevelt,
2088 1346 2528 1419 Eberhardus
2559 1348 2650 1421 de
2682 1350 2943 1440 Monte,
2977 1362 3047 1424 et
3076 1353 3194 1425 alii
3230 1356 3696 1449 quamplures,

1233 1467 1478 1538 Actum
1518 1491 1700 1541 anno
1734 1469 2080 1541 dominice
2129 1470 2617 1544 incarnationis
2652 1474 3013 1548 millesimo
3054 1476 3526 1553 ducentesimo
3561 1482 3895 1553 xxxmr’
3920 1536 3939 1570 ,

1133 1591 1256 1662 ΧΠ
1293 1591 1625 1665 kalendas
1651 1595 2055 1688 septembris
2072 1651 2089 1681 ,
2122 1594 2499 1669 indictione
2523 1599 2835 1692 septima.

1233 1717 1482 1786 Datum
1501 1716 1691 1810 apud
1723 1718 2144 1805 Nurenberc,
2188 1742 2393 1811 anno,
2439 1743 2698 1814 mense,
2736 1721 3108 1796 indictione
3134 1728 3531 1821 prenotatis,
3574 1750 3757 1802 anno
3779 1752 3944 1802 vero

1133 1837 1327 1930 regni
1364 1839 1578 1910 nostri
1614 1851 1860 1932 quarto
1891 1840 2182 1913 decimo.

1234 2424 1629 2508 Heinricus
1656 2486 1678 2530 ,
1757 2425 2275 2509 Romanorum
2347 2453 2482 2509 rex
2506 2488 2529 2533 ,
2588 2440 2881 2536 petente
2933 2430 3477 2541 Bambergensi
3540 2432 3888 2541 episcopo
3911 2494 3935 2536 ,

1126 2559 1388 2640 statuit
1433 2585 1528 2641 ne
1574 2559 1770 2641 cives
1825 2560 2421 2669 Bambergenses
2467 2560 2567 2642 ad
2620 2561 2868 2644 aliena
2914 2561 3202 2671 judicia
3259 2565 3355 2645 de
3409 2572 3701 2647 caetero
3753 2589 3940 2646 evo-

1125 2700 1415 2773 centur.

1288 2917 1482 2994 (Edit.
1516 2934 1615 2993 ap.
1646 2918 1910 2976 Manum.
1941 2918 2136 2991 Boio„
2176 2926 2322 2979 tom.
2353 2919 2584 2993 XXXI,
2615 2937 2751 2997 pars
2776 2922 2850 2997 1⁸,
2879 2938 2938 2997 p.
2970 2930 3116 2997 559,
3163 2927 3223 2981 et
3267 2923 3330 2980 in
3369 2922 3760 2996 Hmcnsucsn,
3794 2921 3933 2981 Cod.

1354 3020 1585 3100 probat.
1617 3041 1749 3101 sup.
1779 3020 2017 3094 Parth„
2033 3033 2098 3082 n⁰
2118 3034 2216 3085 28.
2234 3025 2721 3086 —Memoratum
2740 3042 2974 3104 quoque
3000 3027 3076 3086 ab
3097 3026 3459 3087 Hoffmanno
3485 3043 3581 3103 ap.
3613 3027 3932 3101 Lnnnwm,

1366 3127 1645 3205 Scriptor.
1673 3144 1791 3187 rer.
1824 3125 2119 3207 Bamberq.
2135 3172 2156 3203 ,
2187 3146 2250 3206 p.
2286 3129 2453 3207 156.)

1220 3328 1619 3418 HeinricuS,
1674 3329 1797 3399 Dei
1847 3328 2062 3421 gratia
2108 3329 2566 3401 Romanorum
2604 3350 2729 3402 rex
2769 3339 2837 3401 et
2868 3351 3135 3423 semper
3167 3339 3536 3423 augustus,
3594 3331 3935 3403 universis

1125 3453 1394 3547 imperii
1446 3452 1769 3524 fidelibus
1822 3452 2108 3544 gratiam
2146 3474 2344 3523 suam
2394 3461 2463 3524 et
2507 3474 2708 3524 omne
2742 3452 3025 3524 bonum.
3067 3451 3177 3524 Ad
3216 3451 3606 3523 instantiam
3644 3462 3712 3524 et
3751 3454 3933 3548 peti-

1126 3575 1382 3648 tionem
1421 3575 1650 3647 dilecti
1685 3575 2013 3670 principis
2045 3577 2256 3648 nostri
2295 3576 2882 3669 Babenbergensis
2926 3576 3266 3670 episcopi,
3316 3596 3523 3669 quem
3575 3598 3701 3649 sua
3735 3577 3934 3650 nobis

1124 3701 1423 3774 fidelitas
1457 3712 1526 3773 et
1574 3701 1854 3774 devotio
1899 3700 2198 3774 reddunt
2235 3724 2372 3775 non
2419 3703 2755 3775 immerito
2800 3703 3211 3793 gratiosum,
3266 3703 3628 3775 statuimus
3679 3714 3749 3774 et
3800 3704 3932 3775 sub

1125 3828 1404 3901 obtentu
1442 3828 1657 3917 gratie
1694 3838 1921 3901 nostre
1958 3829 2048 3901 ab
2083 3830 2405 3901 omnibus
2448 3830 2864 3924 precipimus
2914 3829 3393 3901 inviolabiliter
3447 3828 3797 3900 observari
3842 3850 3932 3900 ne

1125 3952 1314 4024 cives
1333 3951 1938 4045 Babenbergenses
1953 3951 2044 4025 ad
2059 3954 2281 4025 aliena
2297 3954 2561 4046 judicia
2582 3953 2672 4025 de
2696 3965 2920 4025 cetero
2943 3953 3307 4046 quisquam
3334 3952 3589 4023 audeat
3611 3972 3922 4040 evocare;

1123 4076 1245 4150 sed
1275 4076 1335 4148 si
1373 4076 1532 4169 quis
1566 4097 1685 4148 eos
1721 4078 2087 4150 convenire
2116 4078 2442 4169 voluerit,
2482 4078 2705 4150 forum
2739 4087 3064 4171 sequatur
3094 4097 3332 4147 eorum
3357 4073 3736 4146 secundum
3764 4094 3927 4143 con-

1124 4198 1562 4271 suetudinem
1600 4209 1670 4271 et
1705 4209 1955 4272 statuta
2007 4201 2302 4273 civitatis
2348 4200 2694 4292 ejusdem,
2729 4201 3063 4293 justitiam
3094 4219 3322 4270 coram
3362 4197 3666 4291 ipsorum
3692 4193 3931 4286 judice

1121 4331 1550 4418 recepturus,
1593 4322 1666 4395 Si
1702 4325 1860 4416 quis
1892 4333 2121 4396 autem
2160 4332 2394 4396 contra
2424 4345 2705 4418 presens
2744 4332 3072 4395 statutum
3116 4321 3352 4395 venire
3397 4319 3924 4414 presumpserit,

1120 4448 1291 4520 sciat
1323 4468 1398 4517 se
1430 4445 1971 4538 indignationem
2000 4457 2300 4519 nostram
2332 4447 2629 4540 graviter
2660 4447 3050 4519 incurrisse.

1220 4574 1464 4643 Datum
1518 4572 1707 4666 apud
1746 4572 2199 4663 Nuirenberc,
2251 4593 2433 4644 anno
2477 4572 2749 4644 Domini
2805 4574 2889 4643 M.
2936 4570 3061 4641 CC.
3094 4569 3438 4659 XXXIlll,
3502 4567 3566 4638 X
3601 4565 3930 4641 kalendas

1123 4696 1563 4790 septembris,
1607 4695 1979 4770 indictione
2007 4698 2147 4768 Vll.
