<?xml version="1.0" encoding="UTF-8"?>
<!DOCTYPE html PUBLIC "-//W3C//DTD XHTML 1.0 Transitional//EN"
    "http://www.w3.org/TR/xhtml1/DTD/xhtml1-transitional.dtd">
<html xmlns="http://www.w3.org/1999/xhtml" xml:lang="en" lang="en">
 <head>
  <title>
</title>
<meta http-equiv="Content-Type" content="text/html;charset=utf-8" />
  <meta name='ocr-system' content='tesseract 3.04.00' />
  <meta name='ocr-capabilities' content='ocr_page ocr_carea ocr_par ocr_line ocrx_word'/>
</head>
<body>
  <div class='ocr_page' id='page_1' title='image "./historiadiploma01degoog_0141.png"; bbox 0 0 4842 5802; ppageno 0'>
   <div class='ocr_carea' id='block_1_1' title="bbox 835 590 3661 687">
    <p class='ocr_par' dir='ltr' id='par_1_1' title="bbox 835 590 3661 687">
     <span class='ocr_line' id='line_1_1' title="bbox 835 590 3661 687; baseline -0.004 -24"><span class='ocrx_word' id='word_1_1' title='bbox 835 606 1032 665; x_wconf 66' lang='lat' dir='ltr'>Iunior.</span> <span class='ocrx_word' id='word_1_2' title='bbox 1067 604 1151 687; x_wconf 84' lang='lat'>7.]</span> <span class='ocrx_word' id='word_1_3' title='bbox 1750 598 2140 660; x_wconf 82' lang='lat' dir='ltr'>HISTORIA</span> <span class='ocrx_word' id='word_1_4' title='bbox 2191 594 2775 658; x_wconf 76' lang='lat' dir='ltr'>DlpLoMA&#39;rch.</span> <span class='ocrx_word' id='word_1_5' title='bbox 3545 590 3661 652; x_wconf 85' lang='lat'>661</span> 
     </span>
    </p>
   </div>
   <div class='ocr_carea' id='block_1_2' title="bbox 831 724 3663 1568">
    <p class='ocr_par' dir='ltr' id='par_1_2' title="bbox 831 724 3663 1321">
     <span class='ocr_line' id='line_1_2' title="bbox 838 724 3662 833; baseline -0.006 -21"><span class='ocrx_word' id='word_1_6' title='bbox 838 758 1233 833; x_wconf 75' lang='lat' dir='ltr'><strong>possemne,</strong></span> <span class='ocrx_word' id='word_1_7' title='bbox 1287 742 1574 828; x_wconf 80' lang='lat' dir='ltr'>cogente</span> <span class='ocrx_word' id='word_1_8' title='bbox 1608 735 1769 825; x_wconf 88' lang='lat' dir='ltr'>jure</span> <span class='ocrx_word' id='word_1_9' title='bbox 1805 744 1873 805; x_wconf 91' lang='lat' dir='ltr'>et</span> <span class='ocrx_word' id='word_1_10' title='bbox 1906 733 2338 827; x_wconf 90' lang='lat' dir='ltr'>querimonia</span> <span class='ocrx_word' id='word_1_11' title='bbox 2373 729 2809 820; x_wconf 89' lang='lat' dir='ltr'>eorumdem,</span> <span class='ocrx_word' id='word_1_12' title='bbox 2863 727 3027 821; x_wconf 87' lang='lat' dir='ltr'>quia</span> <span class='ocrx_word' id='word_1_13' title='bbox 3063 747 3304 798; x_wconf 91' lang='lat' dir='ltr'>sumus</span> <span class='ocrx_word' id='word_1_14' title='bbox 3338 724 3662 816; x_wconf 85' lang='lat' dir='ltr'>omnibus</span> 
     </span>
     <span class='ocr_line' id='line_1_3' title="bbox 831 847 3655 952; baseline -0.005 -20"><span class='ocrx_word' id='word_1_15' title='bbox 831 860 1094 952; x_wconf 88' lang='lat' dir='ltr'>justitie</span> <span class='ocrx_word' id='word_1_16' title='bbox 1145 857 1525 944; x_wconf 82' lang='lat' dir='ltr'>debitores,</span> <span class='ocrx_word' id='word_1_17' title='bbox 1588 856 1660 926; x_wconf 91' lang='lat' dir='ltr'>in</span> <span class='ocrx_word' id='word_1_18' title='bbox 1702 856 1972 948; x_wconf 91' lang='lat' dir='ltr'>judicio</span> <span class='ocrx_word' id='word_1_19' title='bbox 2012 856 2069 927; x_wconf 93' lang='lat' dir='ltr'>si</span> <span class='ocrx_word' id='word_1_20' title='bbox 2125 855 2404 928; x_wconf 90' lang='lat' dir='ltr'>tandem</span> <span class='ocrx_word' id='word_1_21' title='bbox 2455 853 2549 926; x_wconf 90' lang='lat' dir='ltr'>ad</span> <span class='ocrx_word' id='word_1_22' title='bbox 2597 852 2728 925; x_wconf 88' lang='lat' dir='ltr'>hoc</span> <span class='ocrx_word' id='word_1_23' title='bbox 2785 858 3190 946; x_wconf 86' lang='lat' dir='ltr'>perventum</span> <span class='ocrx_word' id='word_1_24' title='bbox 3259 848 3494 937; x_wconf 82' lang='lat' dir='ltr'>fuerit,</span> <span class='ocrx_word' id='word_1_25' title='bbox 3553 847 3655 919; x_wconf 92' lang='lat' dir='ltr'>eis</span> 
     </span>
     <span class='ocr_line' id='line_1_4' title="bbox 838 971 3662 1076; baseline -0.005 -21"><span class='ocrx_word' id='word_1_26' title='bbox 838 990 1174 1076; x_wconf 90' lang='lat' dir='ltr'>quantum</span> <span class='ocrx_word' id='word_1_27' title='bbox 1208 981 1401 1053; x_wconf 87' lang='lat' dir='ltr'>salva</span> <span class='ocrx_word' id='word_1_28' title='bbox 1431 978 1791 1053; x_wconf 78' lang='lat' dir='ltr'>honestate</span> <span class='ocrx_word' id='word_1_29' title='bbox 1825 988 2052 1050; x_wconf 88' lang='lat' dir='ltr'>nostra</span> <span class='ocrx_word' id='word_1_30' title='bbox 2098 999 2490 1073; x_wconf 82' lang='lat' dir='ltr'>possumne,</span> <span class='ocrx_word' id='word_1_31' title='bbox 2522 976 2704 1048; x_wconf 87' lang='lat' dir='ltr'>bona</span> <span class='ocrx_word' id='word_1_32' title='bbox 2742 972 2880 1045; x_wconf 84' lang='lat' dir='ltr'>fide</span> <span class='ocrx_word' id='word_1_33' title='bbox 2909 971 3315 1045; x_wconf 81' lang='lat' dir='ltr'>favorabiles</span> <span class='ocrx_word' id='word_1_34' title='bbox 3341 991 3492 1043; x_wconf 87' lang='lat' dir='ltr'>esse</span> <span class='ocrx_word' id='word_1_35' title='bbox 3517 991 3662 1043; x_wconf 90' lang='lat' dir='ltr'>vo-</span> 
     </span>
     <span class='ocr_line' id='line_1_5' title="bbox 839 1094 3663 1196; baseline -0.003 -20"><span class='ocrx_word' id='word_1_36' title='bbox 839 1106 1070 1176; x_wconf 91' lang='lat' dir='ltr'>lumus</span> <span class='ocrx_word' id='word_1_37' title='bbox 1102 1113 1170 1175; x_wconf 89' lang='lat' dir='ltr'>et</span> <span class='ocrx_word' id='word_1_38' title='bbox 1198 1102 1521 1196; x_wconf 87' lang='lat' dir='ltr'>benigni,</span> <span class='ocrx_word' id='word_1_39' title='bbox 1561 1109 1640 1172; x_wconf 88' lang='lat' dir='ltr'>ut</span> <span class='ocrx_word' id='word_1_40' title='bbox 1669 1101 2034 1196; x_wconf 88' lang='lat' dir='ltr'>episcopus</span> <span class='ocrx_word' id='word_1_41' title='bbox 2051 1110 2118 1173; x_wconf 91' lang='lat' dir='ltr'>et</span> <span class='ocrx_word' id='word_1_42' title='bbox 2143 1101 2434 1174; x_wconf 91' lang='lat' dir='ltr'>ecclesia</span> <span class='ocrx_word' id='word_1_43' title='bbox 2460 1107 2830 1172; x_wconf 87' lang='lat' dir='ltr'>memorata</span> <span class='ocrx_word' id='word_1_44' title='bbox 2851 1096 3132 1191; x_wconf 90' lang='lat' dir='ltr'>plenum</span> <span class='ocrx_word' id='word_1_45' title='bbox 3157 1094 3477 1167; x_wconf 84' lang='lat' dir='ltr'>affectum</span> <span class='ocrx_word' id='word_1_46' title='bbox 3502 1115 3663 1167; x_wconf 90' lang='lat' dir='ltr'>nos·</span> 
     </span>
     <span class='ocr_line' id='line_1_6' title="bbox 843 1225 2160 1321; baseline -0.002 -22"><span class='ocrx_word' id='word_1_47' title='bbox 843 1236 1022 1299; x_wconf 88' lang='lat' dir='ltr'>trum</span> <span class='ocrx_word' id='word_1_48' title='bbox 1054 1226 1357 1321; x_wconf 85' lang='lat' dir='ltr'>experiri</span> <span class='ocrx_word' id='word_1_49' title='bbox 1394 1226 1673 1298; x_wconf 87' lang='lat' dir='ltr'>valeant</span> <span class='ocrx_word' id='word_1_50' title='bbox 1698 1246 1859 1297; x_wconf 89' lang='lat' dir='ltr'>cum</span> <span class='ocrx_word' id='word_1_51' title='bbox 1891 1225 2160 1298; x_wconf 85' lang='lat' dir='ltr'>effectu.</span> 
     </span>
    </p>

    <p class='ocr_par' dir='ltr' id='par_1_3' title="bbox 845 1342 3659 1568">
     <span class='ocr_line' id='line_1_7' title="bbox 937 1342 3659 1444; baseline -0.002 -24"><span class='ocrx_word' id='word_1_52' title='bbox 937 1348 1189 1420; x_wconf 91' lang='lat' dir='ltr'>Actum</span> <span class='ocrx_word' id='word_1_53' title='bbox 1228 1348 1420 1444; x_wconf 89' lang='lat' dir='ltr'>apud</span> <span class='ocrx_word' id='word_1_54' title='bbox 1459 1348 1924 1441; x_wconf 87' lang='lat' dir='ltr'>Nuremberg,</span> <span class='ocrx_word' id='word_1_55' title='bbox 1976 1369 2160 1421; x_wconf 90' lang='lat' dir='ltr'>anno</span> <span class='ocrx_word' id='word_1_56' title='bbox 2184 1347 2399 1440; x_wconf 88' lang='lat' dir='ltr'>gratie</span> <span class='ocrx_word' id='word_1_57' title='bbox 2434 1346 2794 1419; x_wconf 88' lang='lat' dir='ltr'>millesimo</span> <span class='ocrx_word' id='word_1_58' title='bbox 2820 1343 3289 1418; x_wconf 90' lang='lat' dir='ltr'>ducentesimo</span> <span class='ocrx_word' id='word_1_59' title='bbox 3315 1342 3659 1415; x_wconf 90' lang='lat' dir='ltr'>tricesimo</span> 
     </span>
     <span class='ocr_line' id='line_1_8' title="bbox 845 1470 2753 1568; baseline -0.003 -22"><span class='ocrx_word' id='word_1_60' title='bbox 845 1484 1124 1568; x_wconf 89' lang='lat' dir='ltr'>quarto,</span> <span class='ocrx_word' id='word_1_61' title='bbox 1167 1482 1412 1566; x_wconf 89' lang='lat' dir='ltr'>quarto</span> <span class='ocrx_word' id='word_1_62' title='bbox 1443 1471 1774 1545; x_wconf 80' lang='lat' dir='ltr'>kalendas</span> <span class='ocrx_word' id='word_1_63' title='bbox 1796 1473 1989 1565; x_wconf 85' lang='lat' dir='ltr'>julii,</span> <span class='ocrx_word' id='word_1_64' title='bbox 2032 1470 2405 1545; x_wconf 75' lang='lat' dir='ltr'><strong>indictione</strong></span> <span class='ocrx_word' id='word_1_65' title='bbox 2439 1471 2753 1565; x_wconf 88' lang='lat' dir='ltr'>septima.</span> 
     </span>
    </p>
   </div>
   <div class='ocr_carea' id='block_1_3' title="bbox 1304 1789 3179 1809">
    <p class='ocr_par' dir='ltr' id='par_1_4' title="bbox 1304 1789 3179 1809">
     <span class='ocr_line' id='line_1_9' title="bbox 1304 1789 3179 1809; baseline -0.005 -1"><span class='ocrx_word' id='word_1_66' title='bbox 1304 1800 1553 1809; x_wconf 45' lang='grc' dir='ltr'>μ--ψὺὼ</span> <span class='ocrx_word' id='word_1_67' title='bbox 1568 1797 1919 1806; x_wconf 59' lang='lat' dir='ltr'>m-......—-—---</span> <span class='ocrx_word' id='word_1_68' title='bbox 1932 1793 3070 1803; x_wconf 51' lang='lat' dir='ltr'>*mm-m--.n</span> <span class='ocrx_word' id='word_1_69' title='bbox 3101 1789 3179 1800; x_wconf 58' lang='grc'>.-</span> 
     </span>
    </p>
   </div>
   <div class='ocr_carea' id='block_1_4' title="bbox 846 2077 3662 2696">
    <p class='ocr_par' dir='ltr' id='par_1_5' title="bbox 846 2077 3662 2696">
     <span class='ocr_line' id='line_1_10' title="bbox 951 2077 3662 2190; baseline -0.001 -25"><span class='ocrx_word' id='word_1_70' title='bbox 951 2082 1321 2166; x_wconf 91' lang='lat' dir='ltr'>Henricus</span> <span class='ocrx_word' id='word_1_71' title='bbox 1340 2144 1364 2190; x_wconf 82' lang='lat'><strong>‚</strong></span> <span class='ocrx_word' id='word_1_72' title='bbox 1404 2081 1926 2164; x_wconf 87' lang='lat' dir='ltr'>Romanorum</span> <span class='ocrx_word' id='word_1_73' title='bbox 1966 2106 2104 2162; x_wconf 85' lang='lat' dir='ltr'>rex</span> <span class='ocrx_word' id='word_1_74' title='bbox 2127 2139 2150 2186; x_wconf 85' lang='lat'><strong>,</strong></span> <span class='ocrx_word' id='word_1_75' title='bbox 2210 2079 2526 2163; x_wconf 85' lang='lat' dir='ltr'>sculteto</span> <span class='ocrx_word' id='word_1_76' title='bbox 2579 2080 2675 2161; x_wconf 91' lang='lat' dir='ltr'>de</span> <span class='ocrx_word' id='word_1_77' title='bbox 2727 2077 3154 2162; x_wconf 89' lang='lat' dir='ltr'>Northusen</span> <span class='ocrx_word' id='word_1_78' title='bbox 3209 2082 3526 2162; x_wconf 91' lang='lat' dir='ltr'>mandat</span> <span class='ocrx_word' id='word_1_79' title='bbox 3575 2091 3662 2163; x_wconf 91' lang='lat' dir='ltr'>ut</span> 
     </span>
     <span class='ocr_line' id='line_1_11' title="bbox 847 2210 3662 2324; baseline -0.001 -27"><span class='ocrx_word' id='word_1_80' title='bbox 847 2241 1042 2324; x_wconf 88' lang='lat' dir='ltr'>quos</span> <span class='ocrx_word' id='word_1_81' title='bbox 1114 2213 1472 2321; x_wconf 89' lang='lat' dir='ltr'>repererit</span> <span class='ocrx_word' id='word_1_82' title='bbox 1525 2213 1816 2321; x_wconf 89' lang='lat' dir='ltr'>aliquid</span> <span class='ocrx_word' id='word_1_83' title='bbox 1866 2213 1963 2293; x_wconf 92' lang='lat' dir='ltr'>de</span> <span class='ocrx_word' id='word_1_84' title='bbox 2035 2210 2258 2293; x_wconf 90' lang='lat' dir='ltr'>bonis</span> <span class='ocrx_word' id='word_1_85' title='bbox 2319 2210 2809 2293; x_wconf 87' lang='lat' dir='ltr'>ecclesiarum</span> <span class='ocrx_word' id='word_1_86' title='bbox 2882 2210 3200 2292; x_wconf 84' lang='lat' dir='ltr'>Sanctae</span> <span class='ocrx_word' id='word_1_87' title='bbox 3238 2210 3518 2293; x_wconf 73' lang='lat' dir='ltr'>&#39;Crucis</span> <span class='ocrx_word' id='word_1_88' title='bbox 3588 2221 3662 2294; x_wconf 91' lang='lat' dir='ltr'>et</span> 
     </span>
     <span class='ocr_line' id='line_1_12' title="bbox 847 2341 3662 2454; baseline -0.001 -24"><span class='ocrx_word' id='word_1_89' title='bbox 847 2347 1109 2430; x_wconf 89' lang='lat' dir='ltr'>beatae</span> <span class='ocrx_word' id='word_1_90' title='bbox 1140 2345 1475 2454; x_wconf 84' lang='lat' dir='ltr'><strong>Virginis</strong></span> <span class='ocrx_word' id='word_1_91' title='bbox 1510 2355 1722 2428; x_wconf 84' lang='lat' dir='ltr'>extra</span> <span class='ocrx_word' id='word_1_92' title='bbox 1760 2368 2020 2426; x_wconf 90' lang='lat' dir='ltr'>muros</span> <span class='ocrx_word' id='word_1_93' title='bbox 2046 2343 2365 2449; x_wconf 83' lang='lat' dir='ltr'>civitatis</span> <span class='ocrx_word' id='word_1_94' title='bbox 2400 2341 2679 2451; x_wconf 89' lang='lat' dir='ltr'>injuste</span> <span class='ocrx_word' id='word_1_95' title='bbox 2704 2343 3149 2446; x_wconf 83' lang='lat' dir='ltr'>detinenteS‚</span> <span class='ocrx_word' id='word_1_96' title='bbox 3182 2368 3273 2425; x_wconf 86' lang='lat' dir='ltr'>ea</span> <span class='ocrx_word' id='word_1_97' title='bbox 3307 2344 3662 2427; x_wconf 86' lang='lat' dir='ltr'>universa</span> 
     </span>
     <span class='ocr_line' id='line_1_13' title="bbox 846 2476 3655 2590; baseline -0.001 -27"><span class='ocrx_word' id='word_1_98' title='bbox 846 2491 1067 2590; x_wconf 86' lang='lat' dir='ltr'>cogat</span> <span class='ocrx_word' id='word_1_99' title='bbox 1126 2480 1517 2560; x_wconf 85' lang='lat' dir='ltr'>restituere</span> <span class='ocrx_word' id='word_1_100' title='bbox 1541 2540 1565 2586; x_wconf 82' lang='lat'><strong><em>‚</em></strong></span> <span class='ocrx_word' id='word_1_101' title='bbox 1641 2478 2085 2585; x_wconf 81' lang='lat' dir='ltr'><strong>civibusque</strong></span> <span class='ocrx_word' id='word_1_102' title='bbox 2146 2487 2233 2559; x_wconf 90' lang='lat' dir='ltr'>ut</span> <span class='ocrx_word' id='word_1_103' title='bbox 2295 2477 2613 2560; x_wconf 86' lang='lat' dir='ltr'>sculteto</span> <span class='ocrx_word' id='word_1_104' title='bbox 2668 2476 3148 2559; x_wconf 88' lang='lat' dir='ltr'>manifestent</span> <span class='ocrx_word' id='word_1_105' title='bbox 3203 2481 3267 2558; x_wconf 91' lang='lat' dir='ltr'>si</span> <span class='ocrx_word' id='word_1_106' title='bbox 3330 2502 3524 2586; x_wconf 88' lang='lat' dir='ltr'>quos</span> <span class='ocrx_word' id='word_1_107' title='bbox 3574 2479 3655 2559; x_wconf 91' lang='lat' dir='ltr'>in</span> 
     </span>
     <span class='ocr_line' id='line_1_14' title="bbox 849 2609 2471 2696; baseline -0.004 0"><span class='ocrx_word' id='word_1_108' title='bbox 849 2612 1144 2696; x_wconf 92' lang='lat' dir='ltr'>occulto</span> <span class='ocrx_word' id='word_1_109' title='bbox 1181 2612 1383 2694; x_wconf 90' lang='lat' dir='ltr'>bona</span> <span class='ocrx_word' id='word_1_110' title='bbox 1418 2612 1684 2694; x_wconf 91' lang='lat' dir='ltr'>eadem</span> <span class='ocrx_word' id='word_1_111' title='bbox 1720 2611 2055 2693; x_wconf 90' lang='lat' dir='ltr'>detinere</span> <span class='ocrx_word' id='word_1_112' title='bbox 2092 2609 2471 2693; x_wconf 81' lang='lat' dir='ltr'>sciverint.</span> 
     </span>
    </p>
   </div>
   <div class='ocr_carea' id='block_1_5' title="bbox 1010 2815 3658 3108">
    <p class='ocr_par' dir='ltr' id='par_1_6' title="bbox 1010 2815 3658 3108">
     <span class='ocr_line' id='line_1_15' title="bbox 1010 2815 3646 2901; baseline 0 -19"><span class='ocrx_word' id='word_1_113' title='bbox 1010 2821 1240 2901; x_wconf 84' lang='lat' dir='ltr'>(Edidit</span> <span class='ocrx_word' id='word_1_114' title='bbox 1280 2822 1721 2894; x_wconf 70' lang='lat' dir='ltr'>Fons-runnu,</span> <span class='ocrx_word' id='word_1_115' title='bbox 1772 2817 2089 2881; x_wconf 69' lang='lat' dir='ltr'>Gesclticltte</span> <span class='ocrx_word' id='word_1_116' title='bbox 2130 2835 2240 2879; x_wconf 82' lang='lat' dir='ltr'>von</span> <span class='ocrx_word' id='word_1_117' title='bbox 2282 2815 2639 2892; x_wconf 61' lang='lat' dir='ltr'>Now-almus„</span> <span class='ocrx_word' id='word_1_118' title='bbox 2686 2828 2747 2879; x_wconf 80' lang='lat'>2·</span> <span class='ocrx_word' id='word_1_119' title='bbox 2789 2836 2955 2896; x_wconf 85' lang='lat' dir='ltr'>pars,</span> <span class='ocrx_word' id='word_1_120' title='bbox 3000 2836 3062 2897; x_wconf 85' lang='lat' dir='ltr'>p.</span> <span class='ocrx_word' id='word_1_121' title='bbox 3112 2828 3170 2894; x_wconf 82' lang='lat'>7,</span> <span class='ocrx_word' id='word_1_122' title='bbox 3211 2837 3289 2880; x_wconf 85' lang='lat' dir='ltr'>ex</span> <span class='ocrx_word' id='word_1_123' title='bbox 3329 2821 3646 2883; x_wconf 84' lang='lat' dir='ltr'>chartular.</span> 
     </span>
     <span class='ocr_line' id='line_1_16' title="bbox 1086 2921 3658 3006; baseline 0 -17"><span class='ocrx_word' id='word_1_124' title='bbox 1086 2929 1329 2989; x_wconf 79' lang='lat' dir='ltr'>claustri</span> <span class='ocrx_word' id='word_1_125' title='bbox 1362 2927 1569 2988; x_wconf 79' lang='lat' dir='ltr'>beatae</span> <span class='ocrx_word' id='word_1_126' title='bbox 1590 2927 1820 3006; x_wconf 11' lang='lat' dir='ltr'>*Mariae</span> <span class='ocrx_word' id='word_1_127' title='bbox 1854 2928 1997 2989; x_wconf 84' lang='lat' dir='ltr'>dicti</span> <span class='ocrx_word' id='word_1_128' title='bbox 2035 2921 2316 2989; x_wconf 77' lang='lat' dir='ltr'>Neuwcrk</span> <span class='ocrx_word' id='word_1_129' title='bbox 2328 2971 2350 3003; x_wconf 87' lang='lat'><em>,</em></span> <span class='ocrx_word' id='word_1_130' title='bbox 2379 2928 2443 2986; x_wconf 91' lang='lat' dir='ltr'>in</span> <span class='ocrx_word' id='word_1_131' title='bbox 2469 2943 2588 2988; x_wconf 88' lang='lat' dir='ltr'>sec.</span> <span class='ocrx_word' id='word_1_132' title='bbox 2618 2926 2731 2987; x_wconf 84' lang='lat' dir='ltr'>XV</span> <span class='ocrx_word' id='word_1_133' title='bbox 2763 2932 3028 3004; x_wconf 86' lang='lat' dir='ltr'>exarato,</span> <span class='ocrx_word' id='word_1_134' title='bbox 3066 2934 3127 2987; x_wconf 90' lang='lat' dir='ltr'>et</span> <span class='ocrx_word' id='word_1_135' title='bbox 3168 2944 3245 2988; x_wconf 85' lang='lat' dir='ltr'>ex</span> <span class='ocrx_word' id='word_1_136' title='bbox 3284 2930 3452 3005; x_wconf 79' lang='lat' dir='ltr'>eopia</span> <span class='ocrx_word' id='word_1_137' title='bbox 3490 2929 3658 2989; x_wconf 78' lang='lat' dir='ltr'>vidi-</span> 
     </span>
     <span class='ocr_line' id='line_1_17' title="bbox 1086 3036 1295 3108; baseline 0 -14"><span class='ocrx_word' id='word_1_138' title='bbox 1086 3036 1295 3108; x_wconf 82' lang='lat' dir='ltr'>mata.)</span> 
     </span>
    </p>
   </div>
   <div class='ocr_carea' id='block_1_6' title="bbox 850 3211 3670 4295">
    <p class='ocr_par' dir='ltr' id='par_1_7' title="bbox 850 3211 3670 4295">
     <span class='ocr_line' id='line_1_18' title="bbox 945 3211 3667 3305; baseline 0.001 -23"><span class='ocrx_word' id='word_1_139' title='bbox 945 3213 1029 3282; x_wconf 91' lang='lat' dir='ltr'>H.</span> <span class='ocrx_word' id='word_1_140' title='bbox 1057 3265 1077 3299; x_wconf 94' lang='lat'>‚</span> <span class='ocrx_word' id='word_1_141' title='bbox 1133 3211 1255 3284; x_wconf 91' lang='lat' dir='ltr'>Dei</span> <span class='ocrx_word' id='word_1_142' title='bbox 1321 3211 1539 3304; x_wconf 86' lang='lat' dir='ltr'>gratia</span> <span class='ocrx_word' id='word_1_143' title='bbox 1600 3211 2062 3282; x_wconf 91' lang='lat' dir='ltr'>Romanorum</span> <span class='ocrx_word' id='word_1_144' title='bbox 2110 3232 2237 3282; x_wconf 83' lang='lat' dir='ltr'>rex</span> <span class='ocrx_word' id='word_1_145' title='bbox 2297 3218 2368 3282; x_wconf 92' lang='lat' dir='ltr'>et</span> <span class='ocrx_word' id='word_1_146' title='bbox 2410 3231 2679 3305; x_wconf 88' lang='lat' dir='ltr'>semper</span> <span class='ocrx_word' id='word_1_147' title='bbox 2728 3220 3106 3304; x_wconf 88' lang='lat' dir='ltr'>augustus,</span> <span class='ocrx_word' id='word_1_148' title='bbox 3154 3211 3476 3284; x_wconf 87' lang='lat' dir='ltr'>fidelibus</span> <span class='ocrx_word' id='word_1_149' title='bbox 3521 3214 3667 3285; x_wconf 91' lang='lat' dir='ltr'>suis</span> 
     </span>
     <span class='ocr_line' id='line_1_19' title="bbox 850 3333 3666 3429; baseline 0 -23"><span class='ocrx_word' id='word_1_150' title='bbox 850 3334 1139 3406; x_wconf 83' lang='lat' dir='ltr'>sculteto</span> <span class='ocrx_word' id='word_1_151' title='bbox 1175 3335 1296 3428; x_wconf 89' lang='lat' dir='ltr'>qui</span> <span class='ocrx_word' id='word_1_152' title='bbox 1329 3355 1452 3429; x_wconf 88' lang='lat' dir='ltr'>pro</span> <span class='ocrx_word' id='word_1_153' title='bbox 1479 3341 1786 3427; x_wconf 91' lang='lat' dir='ltr'>tempore</span> <span class='ocrx_word' id='word_1_154' title='bbox 1812 3333 2016 3405; x_wconf 80' lang='lat' dir='ltr'>fuerit</span> <span class='ocrx_word' id='word_1_155' title='bbox 2040 3341 2109 3404; x_wconf 90' lang='lat' dir='ltr'>et</span> <span class='ocrx_word' id='word_1_156' title='bbox 2135 3333 2474 3406; x_wconf 87' lang='lat' dir='ltr'>universis</span> <span class='ocrx_word' id='word_1_157' title='bbox 2515 3334 2783 3406; x_wconf 87' lang='lat' dir='ltr'>civibus</span> <span class='ocrx_word' id='word_1_158' title='bbox 2824 3335 2914 3407; x_wconf 90' lang='lat' dir='ltr'>de</span> <span class='ocrx_word' id='word_1_159' title='bbox 2946 3335 3330 3407; x_wconf 87' lang='lat' dir='ltr'>Northusen</span> <span class='ocrx_word' id='word_1_160' title='bbox 3368 3336 3666 3428; x_wconf 81' lang='lat' dir='ltr'>graciam</span> 
     </span>
     <span class='ocr_line' id='line_1_20' title="bbox 852 3456 3667 3552; baseline 0 -24"><span class='ocrx_word' id='word_1_161' title='bbox 852 3479 1048 3529; x_wconf 90' lang='lat' dir='ltr'>suam</span> <span class='ocrx_word' id='word_1_162' title='bbox 1077 3469 1145 3528; x_wconf 88' lang='lat' dir='ltr'>et</span> <span class='ocrx_word' id='word_1_163' title='bbox 1183 3479 1385 3530; x_wconf 90' lang='lat' dir='ltr'>omne</span> <span class='ocrx_word' id='word_1_164' title='bbox 1421 3457 1706 3528; x_wconf 90' lang='lat' dir='ltr'>bonum.</span> <span class='ocrx_word' id='word_1_165' title='bbox 1762 3456 1932 3528; x_wconf 90' lang='lat' dir='ltr'>Cum</span> <span class='ocrx_word' id='word_1_166' title='bbox 1981 3457 2162 3529; x_wconf 92' lang='lat' dir='ltr'>bona</span> <span class='ocrx_word' id='word_1_167' title='bbox 2209 3457 2650 3530; x_wconf 65' lang='lat' dir='ltr'>ecclesiarum</span> <span class='ocrx_word' id='word_1_168' title='bbox 2694 3460 2938 3529; x_wconf 90' lang='lat' dir='ltr'>Sancte</span> <span class='ocrx_word' id='word_1_169' title='bbox 2976 3457 3209 3528; x_wconf 87' lang='lat' dir='ltr'>Crucis</span> <span class='ocrx_word' id='word_1_170' title='bbox 3237 3457 3342 3552; x_wconf 75' lang='lat' dir='ltr'>(t)</span> <span class='ocrx_word' id='word_1_171' title='bbox 3374 3467 3441 3529; x_wconf 90' lang='lat' dir='ltr'>et</span> <span class='ocrx_word' id='word_1_172' title='bbox 3468 3458 3667 3529; x_wconf 91' lang='lat' dir='ltr'>beate</span> 
     </span>
     <span class='ocr_line' id='line_1_21' title="bbox 852 3567 3662 3676; baseline 0 -24"><span class='ocrx_word' id='word_1_173' title='bbox 852 3580 1160 3673; x_wconf 82' lang='lat' dir='ltr'>Virginis</span> <span class='ocrx_word' id='word_1_174' title='bbox 1183 3591 1376 3654; x_wconf 84' lang='lat' dir='ltr'>extra</span> <span class='ocrx_word' id='word_1_175' title='bbox 1406 3602 1641 3653; x_wconf 89' lang='lat' dir='ltr'>muros</span> <span class='ocrx_word' id='word_1_176' title='bbox 1663 3581 1958 3653; x_wconf 89' lang='lat' dir='ltr'>civitatis</span> <span class='ocrx_word' id='word_1_177' title='bbox 1989 3602 2125 3674; x_wconf 92' lang='lat' dir='ltr'>que</span> <span class='ocrx_word' id='word_1_178' title='bbox 2149 3567 2424 3653; x_wconf 79' lang='lat' dir='ltr'>Novum</span> <span class='ocrx_word' id='word_1_179' title='bbox 2454 3582 2644 3676; x_wconf 88' lang='lat' dir='ltr'>Opus</span> <span class='ocrx_word' id='word_1_180' title='bbox 2667 3581 2946 3669; x_wconf 88' lang='lat' dir='ltr'>dicitur,</span> <span class='ocrx_word' id='word_1_181' title='bbox 2979 3583 3114 3651; x_wconf 88' lang='lat' dir='ltr'>sint</span> <span class='ocrx_word' id='word_1_182' title='bbox 3141 3580 3463 3653; x_wconf 86' lang='lat' dir='ltr'>distracta</span> <span class='ocrx_word' id='word_1_183' title='bbox 3484 3592 3552 3653; x_wconf 90' lang='lat' dir='ltr'>et</span> <span class='ocrx_word' id='word_1_184' title='bbox 3571 3602 3662 3653; x_wconf 86' lang='lat' dir='ltr'>ex</span> 
     </span>
     <span class='ocr_line' id='line_1_22' title="bbox 855 3703 3667 3801; baseline 0 -25"><span class='ocrx_word' id='word_1_185' title='bbox 855 3703 1305 3776; x_wconf 88' lang='lat' dir='ltr'>diuturnitate</span> <span class='ocrx_word' id='word_1_186' title='bbox 1333 3705 1655 3801; x_wconf 88' lang='lat' dir='ltr'>temporis</span> <span class='ocrx_word' id='word_1_187' title='bbox 1687 3704 2125 3777; x_wconf 88' lang='lat' dir='ltr'>detineantur</span> <span class='ocrx_word' id='word_1_188' title='bbox 2153 3715 2385 3777; x_wconf 89' lang='lat' dir='ltr'>contra</span> <span class='ocrx_word' id='word_1_189' title='bbox 2406 3704 2756 3796; x_wconf 87' lang='lat' dir='ltr'>justiciam</span> <span class='ocrx_word' id='word_1_190' title='bbox 2786 3726 2826 3775; x_wconf 92' lang='lat' dir='ltr'>a</span> <span class='ocrx_word' id='word_1_191' title='bbox 2859 3705 3310 3797; x_wconf 90' lang='lat' dir='ltr'>quibusdam,</span> <span class='ocrx_word' id='word_1_192' title='bbox 3356 3726 3491 3776; x_wconf 90' lang='lat' dir='ltr'>uon</span> <span class='ocrx_word' id='word_1_193' title='bbox 3514 3706 3667 3776; x_wconf 88' lang='lat' dir='ltr'>sine</span> 
     </span>
     <span class='ocr_line' id='line_1_23' title="bbox 853 3827 3670 3924; baseline 0 -25"><span class='ocrx_word' id='word_1_194' title='bbox 853 3828 1049 3920; x_wconf 88' lang='lat' dir='ltr'>gravi</span> <span class='ocrx_word' id='word_1_195' title='bbox 1094 3849 1220 3900; x_wconf 91' lang='lat' dir='ltr'>sue</span> <span class='ocrx_word' id='word_1_196' title='bbox 1254 3830 1492 3901; x_wconf 90' lang='lat' dir='ltr'>salutis</span> <span class='ocrx_word' id='word_1_197' title='bbox 1534 3827 1898 3924; x_wconf 88' lang='lat' dir='ltr'>dispendio</span> <span class='ocrx_word' id='word_1_198' title='bbox 1952 3850 2033 3900; x_wconf 90' lang='lat' dir='ltr'>ac</span> <span class='ocrx_word' id='word_1_199' title='bbox 2085 3829 2288 3900; x_wconf 90' lang='lat' dir='ltr'>etiam</span> <span class='ocrx_word' id='word_1_200' title='bbox 2342 3829 2646 3924; x_wconf 88' lang='lat' dir='ltr'>periculo</span> <span class='ocrx_word' id='word_1_201' title='bbox 2678 3828 3060 3899; x_wconf 90' lang='lat' dir='ltr'>animarum</span> <span class='ocrx_word' id='word_1_202' title='bbox 3096 3850 3415 3918; x_wconf 90' lang='lat' dir='ltr'>suarum,</span> <span class='ocrx_word' id='word_1_203' title='bbox 3459 3852 3670 3902; x_wconf 91' lang='lat' dir='ltr'>man-</span> 
     </span>
     <span class='ocr_line' id='line_1_24' title="bbox 856 3951 3669 4049; baseline 0.001 -26"><span class='ocrx_word' id='word_1_204' title='bbox 856 3951 1102 4025; x_wconf 90' lang='lat' dir='ltr'>damus</span> <span class='ocrx_word' id='word_1_205' title='bbox 1140 3952 1300 4042; x_wconf 90' lang='lat' dir='ltr'>tibi,</span> <span class='ocrx_word' id='word_1_206' title='bbox 1350 3954 1667 4043; x_wconf 91' lang='lat' dir='ltr'>scultete,</span> <span class='ocrx_word' id='word_1_207' title='bbox 1716 3953 1848 4024; x_wconf 90' lang='lat' dir='ltr'>sub</span> <span class='ocrx_word' id='word_1_208' title='bbox 1878 3953 2161 4026; x_wconf 89' lang='lat' dir='ltr'>obtentu</span> <span class='ocrx_word' id='word_1_209' title='bbox 2196 3954 2413 4047; x_wconf 89' lang='lat' dir='ltr'>gratie</span> <span class='ocrx_word' id='word_1_210' title='bbox 2453 3963 2677 4025; x_wconf 90' lang='lat' dir='ltr'>nostre</span> <span class='ocrx_word' id='word_1_211' title='bbox 2709 3951 2994 4024; x_wconf 88' lang='lat' dir='ltr'>firmiter</span> <span class='ocrx_word' id='word_1_212' title='bbox 3024 3954 3459 4047; x_wconf 86' lang='lat' dir='ltr'>injungentes</span> <span class='ocrx_word' id='word_1_213' title='bbox 3494 3978 3669 4049; x_wconf 89' lang='lat' dir='ltr'>qua-</span> 
     </span>
     <span class='ocr_line' id='line_1_25' title="bbox 859 4075 3665 4178; baseline 0 -31"><span class='ocrx_word' id='word_1_214' title='bbox 859 4083 1057 4149; x_wconf 91' lang='lat' dir='ltr'>tenus</span> <span class='ocrx_word' id='word_1_215' title='bbox 1086 4098 1326 4150; x_wconf 91' lang='lat' dir='ltr'>omnes</span> <span class='ocrx_word' id='word_1_216' title='bbox 1357 4098 1478 4149; x_wconf 91' lang='lat' dir='ltr'>eos</span> <span class='ocrx_word' id='word_1_217' title='bbox 1504 4099 1680 4170; x_wconf 92' lang='lat' dir='ltr'>quos</span> <span class='ocrx_word' id='word_1_218' title='bbox 1703 4078 2040 4173; x_wconf 88' lang='lat' dir='ltr'>repereris</span> <span class='ocrx_word' id='word_1_219' title='bbox 2070 4076 2334 4171; x_wconf 89' lang='lat' dir='ltr'>aliquid</span> <span class='ocrx_word' id='word_1_220' title='bbox 2372 4077 2461 4150; x_wconf 91' lang='lat' dir='ltr'>de</span> <span class='ocrx_word' id='word_1_221' title='bbox 2488 4078 2692 4150; x_wconf 90' lang='lat' dir='ltr'>bonis</span> <span class='ocrx_word' id='word_1_222' title='bbox 2725 4075 3164 4150; x_wconf 87' lang='lat' dir='ltr'>ecclesiarum</span> <span class='ocrx_word' id='word_1_223' title='bbox 3210 4080 3512 4175; x_wconf 87' lang='lat' dir='ltr'>ipsarum</span> <span class='ocrx_word' id='word_1_224' title='bbox 3561 4079 3665 4178; x_wconf 35' lang='grc' dir='ltr'>ἰητ-</span> 
     </span>
     <span class='ocr_line' id='line_1_26' title="bbox 853 4200 3665 4295; baseline 0.001 -23"><span class='ocrx_word' id='word_1_225' title='bbox 853 4201 1037 4292; x_wconf 85' lang='lat' dir='ltr'>juste</span> <span class='ocrx_word' id='word_1_226' title='bbox 1071 4200 1305 4295; x_wconf 90' lang='lat' dir='ltr'>aliquo</span> <span class='ocrx_word' id='word_1_227' title='bbox 1330 4200 1539 4274; x_wconf 90' lang='lat' dir='ltr'>modo</span> <span class='ocrx_word' id='word_1_228' title='bbox 1581 4201 1927 4293; x_wconf 89' lang='lat' dir='ltr'>detinere,</span> <span class='ocrx_word' id='word_1_229' title='bbox 1976 4222 2183 4294; x_wconf 90' lang='lat' dir='ltr'>cogas</span> <span class='ocrx_word' id='word_1_230' title='bbox 2217 4202 2619 4273; x_wconf 89' lang='lat' dir='ltr'>auctoritate</span> <span class='ocrx_word' id='word_1_231' title='bbox 2651 4210 2881 4274; x_wconf 90' lang='lat' dir='ltr'>nostra</span> <span class='ocrx_word' id='word_1_232' title='bbox 2913 4203 3268 4276; x_wconf 87' lang='lat' dir='ltr'>restituere</span> <span class='ocrx_word' id='word_1_233' title='bbox 3303 4203 3665 4294; x_wconf 87' lang='lat' dir='ltr'>universa,</span> 
     </span>
    </p>
   </div>
   <div class='ocr_carea' id='block_1_7' title="bbox 2518 4401 2916 4408">
    <p class='ocr_par' dir='ltr' id='par_1_8' title="bbox 2518 4401 2916 4408">
     <span class='ocr_line' id='line_1_27' title="bbox 2518 4401 2916 4408; baseline 0.003 -1"><span class='ocrx_word' id='word_1_234' title='bbox 2518 4401 2672 4408; x_wconf 50' lang='grc' dir='ltr'>Μ..-</span> <span class='ocrx_word' id='word_1_235' title='bbox 2683 4401 2838 4408; x_wconf 57' lang='lat'><strong>-·---</strong></span> <span class='ocrx_word' id='word_1_236' title='bbox 2850 4402 2916 4408; x_wconf 60' lang='lat' dir='ltr'>m-</span> 
     </span>
    </p>
   </div>
   <div class='ocr_carea' id='block_1_8' title="bbox 2925 4400 3394 4408">
    <p class='ocr_par' dir='ltr' id='par_1_9' title="bbox 2925 4400 3394 4408">
     <span class='ocr_line' id='line_1_28' title="bbox 2925 4400 3394 4408; baseline 0 1394"><span class='ocrx_word' id='word_1_237' title='bbox 2925 4400 3394 4408; x_wconf 95' lang='lat' dir='ltr'> </span> 
     </span>
    </p>
   </div>
   <div class='ocr_carea' id='block_1_9' title="bbox 3423 4401 3610 4409">
    <p class='ocr_par' dir='ltr' id='par_1_10' title="bbox 3423 4401 3610 4409">
     <span class='ocr_line' id='line_1_29' title="bbox 3423 4401 3610 4409; baseline 0 1393"><span class='ocrx_word' id='word_1_238' title='bbox 3423 4401 3610 4409; x_wconf 95' lang='lat' dir='ltr'> </span> 
     </span>
    </p>
   </div>
   <div class='ocr_carea' id='block_1_10' title="bbox 863 4502 3675 4773">
    <p class='ocr_par' dir='ltr' id='par_1_11' title="bbox 863 4502 3675 4773">
     <span class='ocr_line' id='line_1_30' title="bbox 931 4502 3675 4582; baseline 0.004 -23"><span class='ocrx_word' id='word_1_239' title='bbox 931 4502 1002 4574; x_wconf 74' lang='grc' dir='ltr'>(Ι)</span> <span class='ocrx_word' id='word_1_240' title='bbox 1044 4523 1071 4557; x_wconf 78' lang='grc' dir='ltr'><strong>α</strong></span> <span class='ocrx_word' id='word_1_241' title='bbox 1097 4504 1210 4562; x_wconf 84' lang='lat' dir='ltr'>Hoc</span> <span class='ocrx_word' id='word_1_242' title='bbox 1230 4520 1393 4576; x_wconf 88' lang='lat' dir='ltr'>anno,</span> <span class='ocrx_word' id='word_1_243' title='bbox 1414 4508 1462 4564; x_wconf 88' lang='lat'>11</span> <span class='ocrx_word' id='word_1_244' title='bbox 1489 4521 1660 4564; x_wconf 88' lang='lat' dir='ltr'>nonas</span> <span class='ocrx_word' id='word_1_245' title='bbox 1679 4506 1839 4579; x_wconf 86' lang='lat' dir='ltr'>junii,</span> <span class='ocrx_word' id='word_1_246' title='bbox 1864 4507 2011 4579; x_wconf 84' lang='lat' dir='ltr'>regia</span> <span class='ocrx_word' id='word_1_247' title='bbox 2034 4506 2163 4565; x_wconf 80' lang='lat' dir='ltr'>villa</span> <span class='ocrx_word' id='word_1_248' title='bbox 2182 4507 2488 4565; x_wconf 88' lang='lat' dir='ltr'>Northusen</span> <span class='ocrx_word' id='word_1_249' title='bbox 2513 4508 2568 4564; x_wconf 92' lang='lat' dir='ltr'>in</span> <span class='ocrx_word' id='word_1_250' title='bbox 2590 4515 2742 4582; x_wconf 88' lang='lat' dir='ltr'>parte</span> <span class='ocrx_word' id='word_1_251' title='bbox 2763 4509 2951 4581; x_wconf 88' lang='lat' dir='ltr'>majori</span> <span class='ocrx_word' id='word_1_252' title='bbox 2984 4525 3108 4566; x_wconf 89' lang='lat' dir='ltr'>cum</span> <span class='ocrx_word' id='word_1_253' title='bbox 3133 4510 3564 4569; x_wconf 82' lang='lat' dir='ltr'>conventualibus</span> <span class='ocrx_word' id='word_1_254' title='bbox 3586 4527 3675 4569; x_wconf 91' lang='lat' dir='ltr'>ec-</span> 
     </span>
     <span class='ocr_line' id='line_1_31' title="bbox 863 4593 3670 4684; baseline 0.005 -32"><span class='ocrx_word' id='word_1_255' title='bbox 863 4593 1039 4655; x_wconf 86' lang='lat' dir='ltr'>clesiis</span> <span class='ocrx_word' id='word_1_256' title='bbox 1072 4599 1300 4657; x_wconf 87' lang='lat' dir='ltr'>Sanctae</span> <span class='ocrx_word' id='word_1_257' title='bbox 1330 4602 1515 4659; x_wconf 84' lang='lat' dir='ltr'>Crucis</span> <span class='ocrx_word' id='word_1_258' title='bbox 1547 4608 1603 4659; x_wconf 90' lang='lat' dir='ltr'>et</span> <span class='ocrx_word' id='word_1_259' title='bbox 1640 4602 1904 4660; x_wconf 71' lang='lat' dir='ltr'>minorum</span> <span class='ocrx_word' id='word_1_260' title='bbox 1939 4602 2166 4661; x_wconf 82' lang='lat' dir='ltr'>fratrum</span> <span class='ocrx_word' id='word_1_261' title='bbox 2197 4603 2442 4662; x_wconf 87' lang='lat' dir='ltr'>incendio</span> <span class='ocrx_word' id='word_1_262' title='bbox 2470 4610 2787 4679; x_wconf 86' lang='lat' dir='ltr'>consumpta</span> <span class='ocrx_word' id='word_1_263' title='bbox 2820 4612 2921 4664; x_wconf 87' lang='lat' dir='ltr'>est.</span> <span class='ocrx_word' id='word_1_264' title='bbox 2956 4625 2982 4658; x_wconf 68' lang='lat' dir='ltr'><strong>u</strong></span> <span class='ocrx_word' id='word_1_265' title='bbox 3006 4605 3258 4665; x_wconf 74' lang='lat' dir='ltr'>chronic.</span> <span class='ocrx_word' id='word_1_266' title='bbox 3280 4607 3551 4682; x_wconf 76' lang='lat' dir='ltr'>Erphord.</span> <span class='ocrx_word' id='word_1_267' title='bbox 3580 4626 3670 4684; x_wconf 87' lang='lat' dir='ltr'>ap.</span> 
     </span>
     <span class='ocr_line' id='line_1_32' title="bbox 866 4693 1804 4773; baseline 0.009 -24"><span class='ocrx_word' id='word_1_268' title='bbox 866 4693 1153 4769; x_wconf 73' lang='lat' dir='ltr'>Bonum,</span> <span class='ocrx_word' id='word_1_269' title='bbox 1182 4698 1396 4768; x_wconf 77' lang='lat' dir='ltr'>Fontes,</span> <span class='ocrx_word' id='word_1_270' title='bbox 1424 4705 1465 4756; x_wconf 90' lang='lat' dir='ltr'>t.</span> <span class='ocrx_word' id='word_1_271' title='bbox 1491 4699 1559 4771; x_wconf 89' lang='lat'>11,</span> <span class='ocrx_word' id='word_1_272' title='bbox 1591 4715 1647 4773; x_wconf 88' lang='lat' dir='ltr'>p.</span> <span class='ocrx_word' id='word_1_273' title='bbox 1681 4702 1804 4757; x_wconf 63' lang='lat'><strong>39⁴.</strong></span> 
     </span>
    </p>
   </div>
   <div class='ocr_carea' id='block_1_11' title="bbox 3757 2084 4023 2247">
    <p class='ocr_par' dir='ltr' id='par_1_12' title="bbox 3757 2084 4023 2247">
     <span class='ocr_line' id='line_1_33' title="bbox 3757 2084 4023 2192; baseline -0.011 -10"><span class='ocrx_word' id='word_1_274' title='bbox 3757 2084 3999 2192; x_wconf 50' lang='lat' dir='ltr'>ssttilssgrg</span> <span class='ocrx_word' id='word_1_275' title='bbox 4008 2168 4023 2192; x_wconf 87' lang='lat'><strong>,</strong></span> 
     </span>
     <span class='ocr_line' id='line_1_34' title="bbox 3782 2193 3992 2247; baseline 0.005 -12"><span class='ocrx_word' id='word_1_276' title='bbox 3782 2195 3838 2235; x_wconf 84' lang='grc'>80</span> <span class='ocrx_word' id='word_1_277' title='bbox 3861 2193 3992 2247; x_wconf 75' lang='lat' dir='ltr'>junii.</span> 
     </span>
    </p>
   </div>
  </div>
 </body>
</html>
