4842 5802
794 3891 1064 3946 [Bepardiac
1079 3923 1092 3945 ,

800 3946 1079 4000 septembrm

1160 694 1281 756 686
2198 693 2541 756 numum
2592 691 2926 754 summ
3610 695 3769 779 [Anu.
3808 700 3981 765 1234.

1166 830 1355 926 cipes
1378 838 1671 922 nostros,
1705 829 1792 903 ad
1825 829 2042 926 pedes
2075 829 2452 926 imperialis
2472 826 2839 901 eminentie
2865 826 3180 900 misimus
3211 827 3481 922 iterato,
3525 832 3992 928 supplicantes

1168 952 1613 1027 devotissime
1643 955 1819 1048 patri
1857 963 2089 1027 nostro
2132 963 2213 1028 ut
2246 953 2632 1027 emulorum
2676 962 3061 1025 nostrorum
3106 952 3436 1026 relatibus
3488 954 3815 1030 credulus
3851 979 3989 1031 non

1165 1078 1471 1149 existens
1507 1076 1783 1149 filialem
1813 1077 2247 1150 devotionem
2276 1100 2318 1150 a
2343 1086 2621 1172 paterne
2647 1073 3033 1148 dilectionis
3057 1076 3275 1167 gratia
3296 1096 3436 1150 non
3462 1076 3815 1151 excludat.
3849 1081 3992 1153 Hec

1168 1203 1361 1274 salva
1398 1202 1617 1295 gratia
1653 1201 2068 1274 serenissimi
2098 1201 2312 1297 pat-ris
2346 1200 2564 1273 nostri
2599 1199 2807 1272 scribi
2840 1199 3131 1273 fecimus
3150 1220 3290 1273 non
3327 1201 3401 1272 in
3426 1202 3712 1276 modum
3743 1205 3990 1299 queri-

1166 1326 1395 1398 monie
1419 1334 1489 1396 et
1522 1326 1831 1419 querele,
1874 1324 2001 1398 sed
2035 1325 2391 1399 recitando
2417 1345 2505 1397 ea
2530 1324 2774 1397 leviter
2796 1332 2866 1396 et
2903 1321 2994 1395 de
3030 1323 3274 1418 plano;
3328 1333 3648 1419 rogantes
3682 1327 3987 1400 attentis·

1168 1448 1340 1521 sime
1376 1457 1444 1521 et
1479 1457 1838 1520 monentes
1870 1446 2307 1541 prudentiam
2342 1458 2533 1520 tuam
2566 1446 2657 1520 de
2677 1468 2818 1540 qua
2852 1445 3313 1520 indubitatam
3351 1447 3674 1521 fiduciam
3702 1449 3990 1523 obtine-

1167 1594 1360 1663 mus,
1403 1570 1595 1665 quod
1625 1583 1699 1643 tu
1732 1581 1799 1644 et
1823 1572 1940 1644 alii
1972 1571 2315 1666 principes
2334 1625 2354 1659 ‚
2396 1592 2557 1643 cum
2588 1570 2951 1665 imperium
2972 1571 3277 1644 maxime
3302 1572 3628 1646 consistat
3653 1574 3727 1645 in
3755 1574 3982 1661 vobis,

1170 1695 1351 1769 detis
1382 1696 1748 1768 consilium
1775 1705 2195 1792 oportunum
2232 1697 2528 1791 qualiter
2563 1696 2927 1794 imperium
2963 1703 3035 1768 et
3076 1696 3336 1770 subditi
3366 1697 3655 1793 imperio
3683 1699 3757 1771 in
3799 1708 3988 1771 tran-

1168 1820 1508 1914 quillitate
1533 1829 1602 1893 et
1627 1842 1797 1914 pace
1821 1830 2301 1916 permaneant,
2340 1830 2408 1893 et
2432 1818 2624 1914 quod
2653 1819 3129 1893 serenissimus
3155 1829 3348 1915 pater
3370 1830 3602 1894 noster
3632 1830 3704 1894 et
3730 1843 3857 1895 vos
3887 1823 3990 1895 sic

1171 1966 1297 2018 nos
1327 1943 1421 2017 ad
1457 1944 1758 2017 invicem
1787 1945 2100 2018 habeatis
2122 1944 2313 2039 qnod
2341 1965 2482 2017 non
2506 1945 2729 2017 solum
2753 1943 2885 2038 ipsi
2916 1952 2985 2017 et
3008 1945 3245 2037 vobis,
3283 1944 3407 2018 sed
3437 1946 3642 2019 etiam
3663 1946 3990 2019 omnibus

1170 2068 1466 2142 subditis
1507 2068 1794 2163 imperio
1844 2068 2046 2142 cedat
2082 2068 2175 2141 ad
2212 2068 2652 2141 commodum
2699 2075 2772 2140 et
2802 2067 3166 2158 honorem,
3228 2077 3297 2139 et
3329 2068 3725 2163 supplicetis
3759 2067 3987 2140 eidem

1169 2213 1311 2263 una
1337 2192 1699 2277 nobiscum
1723 2192 2076 2264 humiliter
2098 2201 2166 2264 et
2203 2192 2456 2265 devote
2479 2192 2671 2287 quod
2699 2191 3026 2264 bonorem
3050 2200 3384 2278 nostrum,
3418 2213 3625 2286 quem
3652 2189 3743 2265 de
3768 2192 3991 2285 gratia

1169 2316 1295 2388 Dei
1322 2316 1812 2411 omnipotentis
1833 2325 1903 2388 et
1937 2338 2066 2388 sua
2095 2316 2349 2389 habere
2370 2315 2820 2405 dinoscimur,
2846 2315 2916 2387 in
2934 2317 3128 2388 nullo
3152 2315 3493 2389 diminuat
3504 2318 3618 2388 vel
3645 2316 3983 2388 immutet.

1166 2441 1374 2513 Novit
1406 2462 1574 2513 vero
1611 2441 1727 2514 ille
1758 2441 1880 2534 qui
1918 2441 2088 2512 nihil
2121 2439 2396 2533 ignorat
2434 2448 2505 2512 et
2547 2439 2671 2534 qui
2707 2448 3044 2513 scrutator
3087 2439 3402 2513 cordium
3453 2448 3557 2512 est
3608 2450 3677 2512 et
3712 2461 3983 2529 rernm,

1172 2575 1512 2637 noverunt
1540 2575 1608 2636 et
1637 2565 2043 2638 Alamannie
2088 2565 2435 2660 principes
2477 2564 2822 2655 universi,
2878 2564 3268 2658 specialiter
3316 2563 3413 2634 illi
3468 2562 3590 2658 qui
3641 2562 3715 2633 in
3756 2573 3989 2636 nostro

1171 2691 1381 2762 latere
1402 2699 1566 2762 sunt
1596 2688 1985 2781 frequenter
2002 2740 2021 2776 ,
2063 2688 2252 2781 quod
2279 2696 2636 2783 postquam
2670 2709 2714 2760 a
2742 2696 2973 2760 tenera
2998 2697 3180 2762 etate
3205 2687 3617 2760 recessimus
3653 2683 3777 2786 [et]
3814 2688 3992 2761 inter

1172 2814 1431 2886 bonum
1469 2821 1538 2883 et
1566 2812 1863 2905 malum,
1901 2833 2160 2907 equum
2204 2822 2272 2884 et
2310 2812 2663 2907 iniquum,
2714 2812 2979 2904 justum
3018 2821 3087 2883 et
3116 2812 3488 2905 injustum,
3529 2810 3894 2884 honestum
3923 2822 3993 2884 et

1170 2938 1402 3010 minus
1432 2937 1795 3010 honestum
1835 2937 2229 3011 discernere
2270 2946 2705 3033 poteramus,
2742 2957 3100 3031 nunquam
3129 2935 3397 3030 aliquid
3422 2956 3664 3010 eorum
3700 2935 3990 3008 fecimus

1176 3082 1270 3133 ex
1298 3070 1483 3134 certa
1512 3061 1795 3134 scientia
1823 3063 1933 3134 vel
1960 3083 2054 3133 ex
2086 3061 2318 3134 animo
2346 3082 2485 3154 que
2513 3060 2843 3133 deberent
2869 3069 3151 3155 paterno
3181 3060 3456 3134 affectui
3486 3058 3846 3155 displicere
3869 3067 3993 3131 aut

1171 3184 1376 3258 etiam
1413 3207 1553 3279 que
1588 3185 1937 3259 offendere
1964 3193 2245 3281 possent
2278 3183 2790 3280 imperatoriam
2820 3185 3269 3277 maiestatem.

1267 3312 1519 3382 Datum
1547 3311 1736 3407 apud
1773 3311 2215 3404 Ezzelingen,
2259 3311 2348 3381 1v
2383 3329 2602 3381 nonas
2627 3307 3059 3404 septembris.

1279 3849 1437 3931 Rex
1508 3845 1903 3927 Heinricus
1966 3843 2390 3927 Bobardiae
2471 3851 2926 3926 conventum
2995 3843 3505 3952 quorumdam
3562 3843 3991 3954 principum

1173 3981 1482 4087 habuit,
1522 3978 1656 4060 ubi
1695 4004 1739 4058 a
1786 3977 2247 4087 quibusdam
2294 3975 2604 4058 nefariis
2660 3974 3065 4059 consilium
3119 3976 3402 4085 accepit
3453 3985 3540 4056 ut
3600 4002 3681 4059 se
3733 4002 3990 4086 oppo-

1174 4124 1384 4198 neret
1419 4110 1853 4220 imperatori
1890 4108 2087 4218 patri
2128 4133 2292 4191 suo.
2340 4108 2566 4207 Quod
2603 4118 2677 4189 et
2713 4107 2911 4190 fecit.
2954 4107 3149 4190 Nam
3187 4117 3497 4190 extunc
3539 4109 3784 4216 coepit
3819 4108 3992 4192 sol-

1174 4250 1463 4331 licitare
1509 4268 2034 4355 quoscumque
2078 4240 2326 4350 potuit
2368 4240 2638 4348 miniS,
2677 4267 2897 4350 prece
2939 4251 3016 4323 et
3057 4241 3332 4350 pretio,
3393 4251 3480 4322 ut
3531 4239 3675 4323 sibi
3742 4241 3992 4324 assis-

1176 4390 1419 4463 terent
1455 4388 1722 4460 contra
1774 4385 2110 4484 patrem,
2167 4384 2244 4455 et
2293 4399 2450 4456 non
2497 4398 2780 4482 paucos
2833 4373 3144 4456 invenit.
3189 4373 3507 4456 Gonsrn.
3554 4372 3817 4455 Coton.
3862 4400 3987 4483 ap.

1172 4515 1553 4619 nomm,
1593 4518 1888 4603 Fontes,
1936 4518 1994 4588 t.
2038 4506 2135 4611 ll,
2175 4532 2254 4614 p.
2299 4510 2486 4589 566.
2518 4552 2628 4566 —
2658 4506 2817 4590 Hoc
2852 4507 3080 4588 etiam
3120 4532 3323 4588 anno
3358 4503 3640 4615 (1254)
3679 4516 3846 4589 orta
3882 4517 3998 4591 est

1176 4645 1553 4729 discordia
1589 4643 1784 4724 inter
1819 4641 2352 4749 imperatorem
2387 4647 2464 4721 et
2495 4637 2742 4721 filium
2780 4664 3006 4721 suum
3041 4638 3478 4721 Heinricum
3515 4665 3776 4750 regem
3796 4701 3820 4746 ,
3860 4639 3996 4749 qui

1178 4777 1512 4861 consiliis
1570 4773 1905 4885 paternis
1979 4772 2455 4882 acquiescere
2524 4770 2794 4854 nolens
2817 4833 2842 4880 ,
2892 4771 3292 4854 manifeste
3354 4797 3436 4855 se
3487 4771 3557 4854 ei
3618 4796 4001 4881 opponere
