4842 5802
1065 599 1193 663 820
2067 602 2508 667 ramatum
2557 598 2909 662 saeuum
3518 603 3680 681 [An.
3718 605 3892 670 1236.

1071 755 1227 805 rum
1263 733 1529 831 aliquid
1589 738 1971 832 questionis
2025 738 2382 829 habuerit,
2450 737 2628 808 infra
2666 735 3013 808 civitatem
3066 755 3298 807 coram
3342 736 3564 833 ipsius
3599 740 3897 814 civitatis

1064 856 1424 950 judicibus
1455 883 1614 934 eum
1650 862 1934 958 impetat
1962 862 2197 956 ibique
2215 862 2278 934 ei
2311 858 2725 956 respondeat
2751 867 2818 931 et
2846 858 3241 933 satisfaciat.
3264 861 3620 934 presertim
3648 863 3895 937 eadem

1070 983 1481 1056 auctoritate
1514 985 1849 1080 imperiali
1879 985 2320 1059 concedimus
2352 994 2421 1057 et
2457 982 2902 1077 indulgemus
2933 981 3124 1076 quod
3159 992 3568 1057 mercatores
3588 986 3894 1081 ipsorum

1072 1126 1198 1202 per
1227 1128 1563 1200 aquarum
1603 1107 1938 1182 decursus
1965 1131 2124 1182 cum
2140 1109 2285 1181 suis
2315 1106 2777 1181 mercimoniis
2804 1114 3080 1197 euntes,
3116 1127 3559 1201 quocumque
3586 1110 3893 1183 locorum

1072 1229 1353 1323 navigia
1390 1231 1830 1325 perveniant,
1888 1232 1947 1303 si
1982 1252 2124 1326 quo
2173 1253 2337 1303 casu
2371 1229 2809 1323 contingente
2845 1236 3044 1322 rupta
3079 1228 3332 1300 fuerint
3366 1229 3478 1302 vel
3511 1228 3601 1302 ad
3641 1238 3890 1303 terram

1067 1353 1547 1447 pervenerint,
1589 1375 1676 1426 ne
1708 1355 2089 1450 periculum
2122 1353 2466 1448 naufragii
2496 1376 2652 1426 cum
2683 1374 2914 1425 rerum
2957 1372 3239 1423 suarum
3284 1350 3700 1428 dimersione
3736 1376 3892 1450 per-

1071 1474 1294 1567 pessi,
1336 1475 1620 1571 aliquod
1679 1477 1750 1547 in
1811 1478 2014 1551 bonis
2064 1479 2209 1551 suis
2275 1478 2535 1552 idcirco
2589 1475 3033 1571 dispendium
3106 1475 3484 1548 sustineant
3554 1478 3668 1549 vel
3725 1478 3891 1569 jac-

1071 1606 1333 1691 turam,
1387 1599 1514 1672 sed
1557 1610 1695 1672 tam
1748 1602 2021 1695 navigia
2069 1625 2279 1696 quam
2332 1601 2808 1696 navigantium
2872 1599 3055 1672 bona
3117 1598 3254 1671 illis
3314 1609 3748 1672 reserventur
3796 1600 3888 1674 ad

1070 1742 1247 1815 quos
1282 1725 1688 1818 spectabant
1745 1735 2114 1819 antequam
2172 1726 2528 1819 navigium
2579 1723 2980 1815 hujusmodi
3021 1723 3402 1817 periculum
3455 1724 3881 1818 incurrisset;

1071 1845 1343 1919 sublata
1370 1848 1647 1942 penitus
1678 1850 1868 1922 omni
1902 1848 2406 1922 consuetudine
2440 1850 2771 1921 locorum.
2806 1847 3140 1920 Volumus
3170 1847 3403 1941 itaque
3444 1844 3683 1920 fideles
3723 1870 3887 1921 nos-

1071 1980 1214 2041 tros
1248 1969 1437 2043 cives
1490 1970 2025 2067 Argentinenses
2048 1973 2415 2047 consistere
2471 1974 2543 2044 in
2575 1971 2764 2046 omni
2790 1972 2951 2063 jure
2997 1980 3067 2042 et
3098 1969 3353 2043 honore
3386 1982 3593 2065 atque
3626 1972 3887 2044 consti-

1068 2091 1357 2185 tutione,
1381 2093 1560 2166 sicut
1585 2117 1628 2168 a
1655 2094 1839 2169 divis
1860 2097 2416 2192 progenitoribus
2445 2096 2693 2169 nostris
2718 2116 2879 2187 avo,
2905 2103 3096 2189 patre
3121 2102 3329 2187 atque
3357 2103 3604 2189 patruo
3625 2105 3880 2185 nostro,

1067 2216 1318 2291 inclitis
1365 2220 1825 2294 Romanorum
1862 2223 2392 2318 imperatoribus
2421 2231 2492 2294 et
2528 2220 2843 2315 regibus,
2885 2242 3123 2292 eorum
3157 2221 3434 2293 suerunt
3468 2222 3886 2317 temporibus

1061 2343 1442 2417 sublimati.
1499 2347 1885 2420 Statuentes
1926 2358 1996 2420 et
2026 2348 2365 2443 imperiali
2420 2346 2645 2419 edicto
2673 2345 3000 2420 districte
3054 2345 3502 2441 precipientes
3559 2348 3885 2441 quatinus

1065 2466 1238 2537 nulli
1282 2491 1588 2562 unquam
1627 2469 1985 2542 homiuum
2031 2472 2308 2544 sublimi
2361 2472 2475 2544 vel
2530 2470 2814 2560 humili,
2872 2469 3332 2543 ecclesiastico
3374 2470 3483 2542 vel
3543 2472 3878 2562 seculari,

1060 2588 1245 2663 hanc
1278 2602 1505 2666 nostre
1542 2593 1932 2668 donationis
1981 2616 2109 2668 seu
2141 2593 2679 2668 confirmationis
2724 2592 3048 2688 paginam
3092 2593 3356 2664 licitum
3394 2593 3485 2664 sit
3515 2593 3885 2688 infringere

1064 2715 1180 2786 vel
1212 2715 1275 2787 ei
1305 2738 1481 2789 ausu
1517 2719 1872 2792 temerario
1896 2719 2256 2791 contraire.
2290 2717 2494 2805 Quod
2516 2717 2639 2811 qui
2676 2716 3174 2812 presumpserit
3198 2716 3478 2809 triginta·
3497 2715 3705 2790 libras
3731 2716 3882 2789 auri

1060 2849 1463 2935 componat,
1502 2861 1797 2934 quarum
1830 2840 2162 2914 medietas
2199 2862 2467 2915 camere
2494 2849 2756 2929 nostre,
2797 2839 3062 2933 reliqua
3101 2860 3266 2913 vero
3304 2838 3526 2935 passis
3558 2840 3880 2932 injuriam

1061 2962 1519 3057 persolvatur.
1563 2965 1648 3037 Ut
1708 2975 1939 3037 autem
1975 2987 2255 3060 presens
2306 2964 2657 3037 concessio
2711 2971 2783 3035 et
2844 2960 3269 3034 confirmatio
3317 2961 3528 3033 robur
3575 2962 3881 3033 obtineat

1058 3094 1392 3179 perpetuo
1429 3087 1835 3175 valiturum,
1878 3097 2258 3181 presentem
2299 3088 2622 3183 paginam
2660 3085 2995 3158 conscribi
3033 3097 3102 3157 et
3135 3085 3361 3179 sigillo
3403 3094 3632 3158 nostre
3669 3084 3881 3157 celsi-

1059 3206 1323 3279 tudinis
1347 3209 1631 3280 fecimus
1662 3210 1992 3282 roborari.

1155 3331 1385 3404 Testes
1419 3331 1629 3425 hujus
1663 3333 1761 3406 rei
1793 3343 1953 3405 sunt
1992 3359 2010 3404 ε
2051 3334 2465 3406 venerabilis
2495 3331 2788 3406 Sifridus
2816 3331 3368 3426 archiepiscopus
3400 3331 3873 3425 MaguntinuS,

1050 3454 1464 3529 Bertholdus
1527 3457 2049 3551 Argentinensis
2096 3459 2500 3555 episcopuS,
2559 3461 2758 3553 Hugo
2813 3456 3273 3531 Morbacensis
3328 3455 3579 3548 abbaS,
3648 3455 3878 3529 dilecti

1054 3579 1401 3674 principes
1433 3582 1685 3673 nostri;
1721 3584 2153 3655 Hermannus
2188 3582 2496 3655 marchio
2524 3582 2614 3655 de
2644 3581 2905 3671 Baden,
2960 3579 3317 3653 Conradus
3350 3580 3764 3673 burgravius
3791 3579 3879 3653 de

1050 3703 1508 3798 Nuremberc,
1566 3706 1951 3779 Fridericus
2011 3706 2102 3781 de
2159 3708 2385 3799 Zolre,
2453 3708 2814 3780 Heinricus
2866 3706 2956 3780 de
3029 3704 3321 3797 Werde,
3397 3702 3718 3775 Albertus
3788 3703 3879 3776 de

1051 3828 1481 3920 Habesburc,
1523 3832 1910 3904 Luitharius
1943 3831 2033 3904 de
2070 3832 2627 3924 Hohenstaeden,
2667 3833 2990 3919 comites;
3030 3827 3473 3902 Burchardus
3507 3827 3596 3900 de
3630 3828 3877 3899 Gerol-

1050 3950 1319 4039 teseke,
1375 3953 1808 4027 Burchardus
1856 3965 1928 4029 et
1971 3956 2206 4029 Simon
2250 3955 2371 4027 filii
2415 3956 2763 4048 ejusdem,
2817 3953 3235 4028 Ludevvicus
3269 3951 3358 4024 de
3388 3950 3868 4040 Liehtenberc,

1052 4071 1415 4146 Anselmus
1449 4073 1539 4146 de
1567 4076 2024 4172 Rapoltstein,
2078 4077 2425 4151 Gerardus
2462 4078 2554 4152 de
2588 4078 3081 4166 Wassenberc,
3133 4071 3496 4147 Conradus
3542 4070 3631 4144 de
3674 4070 3874 4141 Win-

1053 4206 1289 4270 terstet
1320 4197 1680 4293 pincerna,
1720 4209 1794 4272 et
1825 4201 1940 4273 alii
1977 4201 2454 4296 quamplures,

1157 4321 1447 4415 Signum
1481 4321 1744 4395 domini
1779 4325 1992 4396 nostri
2025 4324 2350 4398 Friderici
2393 4323 2718 4414 secundi,
2760 4323 2883 4396 Dei
2914 4321 3133 4413 gratia
3161 4313 3593 4390 invictissimi
3627 4314 3870 4386 Roma·

1048 4462 1300 4514 norum
1336 4442 1764 4536 imperatoris
1792 4465 2066 4539 semper
2095 4445 2408 4538 augusti,
2450 4445 2826 4517 Jerusalem
2859 4451 2929 4513 et
2962 4438 3196 4513 Sicilie
3232 4435 3439 4530 regis.

1146 4563 1318 4635 Acta
1350 4573 1512 4635 sunt
1537 4563 1665 4637 hec
1701 4588 1885 4640 anno
1915 4567 2259 4641 dominice
2290 4565 2774 4639 incarnationis
2799 4561 3283 4649 MCCXXXVI,
3333 4577 3566 4631 meuse
3600 4553 3865 4644 martii,

1050 4706 1235 4758 none
1268 4684 1703 4783 indictionis,
1746 4690 2124 4787 imperante
2157 4691 2438 4765 domino
2472 4700 2701 4765 nostro
2729 4687 3071 4762 Friderico
3104 4685 3228 4759 Dei
3276 4681 3493 4779 gratia
3524 4682 3869 4754 Romano-
