4842 5802
939 1089 1069 1145 Apud

815 1142 1179 1250 samma..

1234 614 1357 679 m
2233 608 2662 671 ramulum
2712 612 3060 674 saeuum
3682 618 3844 697 [An.
3882 621 4038 684 1236

2670 868 2754 876 ...ο
2764 868 3108 878 --α-»οΜ
3118 870 3135 879 0
3144 870 3310 879 ——.---
3322 872 3503 880 ...ο-...-
3520 872 3584 881 .-

1337 1073 1645 1157 Interim
1718 1072 2129 1181 imperator
2200 1073 2631 1181 Augustam
2708 1074 3018 1157 veniens
3109 1099 3429 1160 manum
3499 1078 3908 1163 militarem
3970 1081 4052 1164 in

1230 1208 1519 1317 campis
1565 1205 1717 1289 Lici
1774 1203 2195 1315 (Lechfeld)
2234 1203 2563 1313 colligit,
2604 1216 2680 1288 et
2714 1205 2891 1289 inde
2927 1208 3309 1316 profectus
3354 1211 3433 1291 in
3481 1211 3741 1321 vigilia
3796 1214 4052 1296 Sancti

1228 1340 1484 1425 Jacobi
1528 1338 1739 1421 mille
1783 1337 2061 1420 milites
2114 1339 2193 1417 in
2249 1337 2546 1420 Italiam
2602 1365 2861 1435 secum
2925 1342 3161 1425 ducit.
3224 1343 3544 1429 Gonnrn.
3609 1345 3873 1430 Coton.
3917 1374 4043 1456 ap.

1227 1474 1618 1579 Boanum,
1657 1480 1957 1567 Fontes,
2008 1484 2063 1554 t.
2105 1472 2214 1579 11,
2255 1498 2334 1580 p.
2379 1474 2567 1555 569.
2599 1521 2708 1535 -
2744 1474 2946 1578 [Dux
2999 1475 3379 1582 Austriae]
3414 1479 3659 1563 edicta
3691 1480 4049 1563 Friderici

1229 1606 1737 1715 imperatoris,
1778 1604 2209 1687 inimicitias
2247 1605 2678 1713 principum
2733 1610 3214 1717 contempsit,
3252 1610 3494 1693 donec
3538 1612 3638 1695 ab
3675 1612 3840 1721 ipso
3877 1612 4051 1695 Fri-

1227 1741 1482 1823 derico
1518 1766 1653 1849 per
1708 1739 2114 1822 sententias
2158 1738 2588 1847 principum
2633 1741 2713 1822 in
2751 1742 2961 1824 curia
2998 1743 3389 1852 Augustae
3423 1744 3802 1827 celebrata
3849 1771 4045 1854 pro—

1228 1873 1585 1956 scribitur
1618 1883 1694 1955 et
1727 1872 2291 1980 principatuum
2340 1897 2657 1955 suorum
2703 1874 2992 1958 honore
3026 1876 3393 1984 privatur.
3435 1876 3678 1959 Hanu.
3722 1878 4044 1983 Amin„

1225 2033 1353 2115 ap.
1411 2005 1804 2110 Boanum,
1861 2003 2055 2086 Ibid.
2112 2031 2191 2112 p.
2241 2006 2435 2087 504.
2475 2051 2585 2068 —
2620 2006 3098 2115 [Mperator]
3143 2008 3524 2091 commisit
3566 2009 3729 2118 regi
3781 2008 4043 2092 Bohe-

1221 2139 1557 2223 miorum
1610 2148 1684 2220 et
1744 2137 1921 2220 duci
1974 2137 2362 2222 Bawariae
2427 2147 2501 2219 et
2554 2137 3018 2247 quibusdam
3073 2140 3442 2248 episcopis
3497 2153 3778 2223 terram
3831 2142 4047 2224 ducis

1223 2273 1574 2355 Austriae
1626 2272 2216 2380 expugnandam
2273 2282 2580 2378 propter
2634 2270 3092 2379 multiplices
3154 2299 3508 2355 excessus
3570 2284 3644 2355 et
3706 2273 4046 2356 facinora

1218 2406 1500 2516 quibus
1553 2405 1757 2487 idem
1811 2404 1969 2485 dux
2021 2402 2230 2484 fama
2281 2402 2591 2509 publica
2644 2402 3045 2486 laborabat
3083 2403 3236 2514 (1).
3284 2406 3435 2503 Qui
3472 2405 3862 2487 Austriam
3915 2407 4046 2485 in-

1219 2541 1459 2653 gressi
1494 2601 1518 2646 ,
1594 2537 1971 2648 adjunctis
2054 2535 2198 2618 sibi
2279 2536 2669 2619 nobilibus
2732 2548 2978 2621 terrae
3059 2565 3254 2648 quos
3335 2538 3498 2646 ipse
3581 2539 3739 2621 dux
3823 2547 4044 2621 antea

1213 2671 1494 2782 injuste
1530 2679 2005 2780 oppresserat
2038 2677 2112 2750 et
2155 2669 2252 2751 de
2289 2677 2493 2750 terra
2531 2694 2672 2750 sua
2703 2668 3058 2777 ejecerat,
3099 2678 3339 2753 totam
3379 2670 3767 2752 Austriam
3805 2670 4045 2753 deva-

1217 2814 1603 2889 staverunt
1654 2813 1729 2886 et
1763 2800 2198 2913 imperatori
2257 2799 2908 2912 subjugaverunt,
2948 2812 3245 2912 praeter
3279 2828 3523 2912 pauca
3566 2813 3815 2885 castra
3861 2830 4044 2885 mu-

1213 2938 1591 3021 nitissima
1627 2938 1707 3019 in
1763 2936 2045 3047 quibus
2098 2936 2259 3044 ipse
2297 2937 2456 3017 dux
2491 2935 2866 3045 profugus
2923 2962 3003 3019 se
3052 2936 3354 3044 recepit.
3404 2938 3724 3020 Gomara.
3773 2937 4032 3020 Coros.

1218 3098 1344 3181 ap.
1393 3072 1778 3177 Boanum,
1821 3070 2048 3172 Ibid„
2091 3096 2170 3177 p.
2216 3069 2405 3152 569.
2447 3115 2555 3129 —
2590 3068 2763 3150 Dux
2800 3094 3067 3178 graves
3112 3069 3340 3151 etiam
3377 3080 3640 3152 contra
3691 3070 4035 3177 impera-

1214 3214 1458 3288 torem
1509 3205 1605 3287 de
1659 3202 1940 3285 sororis
1997 3228 2178 3283 suae
2223 3200 2584 3283 dotalitiis
2607 3262 2630 3307 ,
2671 3200 3136 3311 Margaretae
3189 3202 3471 3284 scilicet
3506 3200 3662 3311 (2),
3703 3228 4037 3311 casuque

1221 3338 1341 3420 sui
1395 3335 1649 3419 mariti
1704 3335 1992 3417 crudeli
2043 3333 2314 3416 habuit
2365 3334 2829 3440 simultates3
2871 3359 3069 3443 quae
3117 3360 3320 3416 anno
3372 3334 3677 3418 Domini
3712 3334 4037 3419 MCCXL

1220 3472 1321 3553 ad
1363 3472 1670 3579 plenam
1714 3468 2198 3553 concordiam
2243 3468 2735 3560 devenerunt.
2779 3466 3083 3550 lomna.
3128 3466 3422 3549 V1cron.
3472 3494 3600 3576 ap.
3643 3466 4031 3574 Boanum,

1219 3613 1507 3706 Fontes,
1551 3613 1609 3684 t.
1653 3603 1716 3708 1,
1756 3627 1835 3709 p.
1880 3603 2065 3682 281.

3652 3774 4019 3784 Μο--σιο--ο

2991 3777 3035 3784 -0
3052 3777 3237 3784 ..ο-ο.--
3246 3778 3266 3783 ,-
3278 3776 3467 3784 -..φ’-..--

1225 3891 1253 3925 »
1277 3869 1600 3944 approbata3
1626 3867 1826 3940 quibus
1850 3882 1948 3939 per
1975 3865 2077 3922 hoc
2102 3863 2435 3937 privilegium
2464 3862 2714 3920 nolumus
2734 3863 2791 3918 in
2813 3861 2993 3936 aliquo
3014 3859 3276 3933 derogari.
3300 3860 3359 3918 Si
3386 3860 3508 3933 quis
3533 3876 3662 3919 vero
3684 3861 3786 3922 hec
3810 3866 4036 3933 attemp-

1224 3987 1254 4022 ι
1278 3975 1391 4025 tare
1414 3963 1831 4040 presumpserit,
1859 3964 1994 4022 iram
2019 3960 2399 4034 omnipotentis
2427 3959 2521 4017 Dei
2548 3964 2604 4017 et
2626 3959 2907 4018 beatorum
2945 3957 3303 4031 apostolorum
3329 3957 3472 4014 Petri
3494 3962 3553 4014 et
3576 3956 3723 4014 Pauli
3747 3973 3808 4015 se
3834 3957 4040 4015 noverit

1223 4088 1253 4122 ι
1273 4078 1722 4236 ιὸῑυτὲῗιεῒρῖα
1749 4175 1807 4231 p.
1835 4160 1940 4216 852
1968 4163 2021 4212 et
2041 4172 2216 4228 seqq.,
2236 4153 2535 4227 imperiales
2555 4159 2742 4211 contra
2760 4153 2953 4210 ducem
2976 4151 3223 4209 Austriae
3242 4149 3449 4208 litteras
3466 4157 3523 4208 et
3547 4150 3681 4207 infra
3706 4148 4035 4223 privilegium

1223 4259 1430 4319 civibus
1452 4254 1841 4316 Viennensibus
1865 4254 2070 4323 datum,
2097 4250 2251 4325 aprili
2277 4252 2436 4308 ⁴237.
2463 4248 2672 4318 Quibus
2699 4254 2877 4305 tamen
2898 4247 3280 4306 conferendum
3309 4252 3397 4304 est
3421 4246 3551 4320 quid
3577 4245 3756 4303 dicant
3780 4245 4032 4304 chronic.

1210 4355 1431 4418 ..saliam
1462 4360 1519 4411 et
1542 4353 1794 4410 Chi-onio.
1826 4347 2378 4420 claustro—neobury„
2407 4361 2497 4419 ap.
2524 4347 2658 4417 Ρη,
2685 4345 3006 4419 Scriptores.

1211 4499 1220 4504 .
1299 4459 1372 4529 (Ξ)
1406 4458 1526 4512 Jam
1559 4453 1627 4510 de
1651 4452 1767 4508 istis
1795 4449 2043 4508 dotalitiis
2079 4449 2198 4506 lites
2231 4454 2289 4504 et
2322 4445 2574 4518 querelae
2600 4444 2806 4502 fuerant
2840 4449 3085 4515 exortae,
3114 4444 3241 4502 dum
3279 4442 3454 4502 adhuc
3488 4440 3749 4498 Henricus
3773 4439 4035 4513 septimus

1209 4553 1484 4628 regimine
1521 4550 1802 4625 potiretur.
1826 4548 1929 4617 Qui
1961 4547 2177 4620 quidem
2202 4544 2305 4604 sub
2338 4542 2540 4601 ultimis
2565 4543 2648 4600 sui
2672 4542 2821 4615 regni
2849 4542 3002 4598 annis
3033 4540 3282 4599 abbatem
3304 4540 3484 4600 Sancti
3506 4538 3646 4599 Galli
3674 4543 3735 4595 ut
3764 4551 3879 4594 rem
3910 4551 4033 4594 cum

1227 4655 1365 4710 duce
1389 4653 1752 4724 componeret,
1780 4645 1982 4719 pluries
2008 4643 2270 4702 Viennam
2295 4640 2665 4715 praemiserat.
2694 4640 2776 4699 Cf.
2803 4640 2974 4700 Coma.
3005 4655 3079 4698 nt
3100 4639 3373 4709 me,
3397 4654 3491 4712 ap.
3525 4638 3732 4708 Ριιτι,
3764 4636 4030 4702 Monam„

1227 4756 1268 4808 t.
1297 4750 1365 4821 11,
1388 4767 1445 4822 p.
1474 4750 1578 4804 ⁴80
1601 4751 1660 4804 et
1684 4747 1808 4813 ⁴8⁴,
1833 4749 1888 4800 et
1913 4756 2077 4815 supra
2092 4758 2149 4814 p.
2170 4742 2294 4797 853.
