4842 5802
1113 565 1267 627 1000
2021 572 2276 635 INDEX
2323 575 3021 640 DOCUMENTORUM.

1132 771 1357 846 1234

1956 912 2019 972 in
2045 911 2372 975 Jerusalem
2399 915 2476 976 ab
2513 918 2677 977 omni
2711 917 2961 994 pedagio
2994 923 3056 979 et
3092 917 3369 980 theloneo
3411 920 3478 984 in
3517 919 3737 980 finibus
3773 921 3943 998 regni

1955 1010 2047 1069 sui
2076 1009 2290 1072 liberos
2315 1015 2641 1076 constituit.
3820 1024 3935 1076 677

1126 1103 1200 1154 30
1237 1109 1376 1171 8118·
1539 1108 1716 1185 Apud
1876 1136 1955 1151 -
1995 1107 2304 1169 Fratribus
2330 1110 2542 1171 domus
2569 1111 2821 1172 Sanctae
2842 1111 3066 1172 Mariae
3089 1111 3588 1173 'theutonicorum
3615 1112 3777 1189 apud
3800 1115 3938 1176 Nu-

1436 1205 1819 1285 Nuremberg.
1954 1203 2244 1282 remberg,
2267 1213 2503 1282 propter
2519 1207 2799 1285 obwquia
2818 1207 2929 1268 sibi
2951 1214 3012 1268 et
3032 1210 3278 1284 imperio
3292 1209 3577 1289 exhibita,
3597 1210 3937 1270 molendina

1955 1300 2247 1375 quaedam
2275 1300 2357 1361 ibi
2384 1302 2677 1379 descripta
2708 1309 2771 1363 et
2790 1320 2828 1365 a
2856 1305 3124 1365 Conrado
3150 1303 3466 1381 burgi-avio
3491 1306 3566 1366 de
3588 1305 3935 1384 Nurenberg

1955 1396 2019 1453 in
2045 1411 2258 1456 manus
2283 1414 2424 1458 suas
2449 1398 2740 1478 delegata,
2767 1398 2973 1459 donat.
3630 1409 3772 1473 677,
3814 1411 3930 1462 678

1129 1494 1202 1546 30
1238 1499 1376 1561 aug·
1540 1494 1721 1573 Apud
1875 1522 1956 1532 —
1995 1489 2193 1553 Ulrico
2217 1497 2551 1570 praeposito
2587 1502 2647 1555 et
2680 1495 2959 1556 fratribus
2989 1496 3239 1558 Sanctae
3264 1496 3465 1560 Crucis
3497 1497 3657 1573 apud
3679 1498 3932 1574 Augus-

1443 1592 1497 1652 N
1500 1593 1818 1674 urimberg.
1957 1594 2078 1648 tam
2107 1598 2350 1651 renovat
2375 1592 2598 1653 litteras
2623 1597 2686 1652 et
2709 1596 3113 1654 concessiones
3136 1593 3392 1671 Philippi
3418 1596 3596 1671 regis,
3619 1610 3774 1670 quae
3806 1594 3933 1655 ibl-

1955 1684 2088 1744 dem
2116 1688 2478 1748 inseruntur.
3814 1698 3930 1752 679

1132 1784 1166 1834 2
1203 1781 1352 1852 sept·
1541 1785 1721 1862 Apud
1876 1814 1957 1826 —
1995 1781 2266 1842 Conrado
2300 1788 2576 1861 episcopo
2616 1785 3083 1846 Hildesbemensi
3120 1786 3327 1847 scribit
3366 1786 3664 1864 quomodo
3708 1803 3935 1863 semper

1464 1880 1796 1959 Esslingen.
1954 1879 2246 1939 mandatis
2266 1883 2449 1957 patris
2465 1883 2557 1941 sui
2573 1881 2859 1941 obedierit
2872 1888 2932 1941 et
2948 1898 3056 1960 pro
3072 1883 3259 1959 ipsius
3275 1899 3346 1943 ac
3364 1885 3592 1960 imperii
3607 1883 3827 1943 bonore
3843 1884 3931 1945 ia-

1955 1975 2283 2046 boraveritz
2314 1993 2478 2038 nunc
2499 1985 2699 2038 autem
2725 1994 2910 2054 quum
2937 1981 3064 2055 ipse
3089 1984 3252 2056 pater
3276 1995 3415 2058 erga
3441 1995 3505 2039 se
3528 1979 3736 2040 durius
3760 1985 3928 2057 agat,

1956 2073 2122 2132 ilium
2146 2080 2313 2152 rogat
2331 2081 2401 2134 ut
2427 2091 2547 2135 una
2575 2091 2710 2135 cum
2733 2077 2976 2135 caeteris
3000 2077 3226 2153 imperii
3261 2075 3624 2152 principibus
3644 2075 3933 2153 supplicet

1952 2170 2141 2230 eidem
2179 2189 2252 2229 ne
2277 2171 2559 2231 honorem
2586 2188 2761 2232 suum
2789 2173 3081 2233 diminuat
3106 2173 3203 2232 vel
3226 2175 3519 2233 immutet.
3641 2181 3779 2245 681,
3811 2180 3926 2233 682

1130 2271 1187 2321 ιι
1225 2267 1375 2338 sept.
1541 2267 1717 2343 Apud
1871 2302 1952 2314 —
1992 2271 2235 2330 Civibus
2282 2270 2747 2331 Errordiensibus
2793 2273 3012 2348 gratiae
3054 2287 3196 2332 suae
3240 2271 3569 2332 reformatis
3608 2277 3670 2331 et
3705 2288 3743 2333 a
3781 2288 3930 2349 pro-

1441 2361 1813 2438 Bopardiam.
1953 2370 2284 2444 scriptionis
2309 2372 2601 2429 sententia
2624 2368 2908 2429 absolutis
2924 2373 3090 2446 jura,
3106 2368 3402 2429 libertates
3423 2374 3484 2428 et
3506 2367 3758 2429 honores
3782 2370 3930 2444 qui-

1952 2465 2065 2526 bus
2093 2466 2377 2526 hactenus
2399 2473 2541 2526 sunt
2567 2469 2791 2542 gavisi,
2819 2468 3063 2525 innovat
3081 2471 3143 2525 et
3165 2464 3495 2526 confirmat.
3810 2473 3925 2525 687

1129 2565 1190 2614 ¹¹
1226 2560 1373 2631 sept·
1534 2555 1711 2633 ΑΡῑκῙ
1870 2596 1951 2606 -
1989 2563 2230 2625 Civibus
2257 2564 2334 2623 de
2360 2562 2721 2639 Oppenheim
2749 2557 3047 2622 libertates
3077 2568 3137 2622 et
3163 2561 3410 2621 honores
3434 2576 3584 2637 quos
3618 2560 3795 2620 babet
3830 2564 3929 2621 ci-

1440 2652 1813 2731 Bopardiam.
1951 2663 2105 2721 vitas
2129 2660 2521 2721 Frankenfort
2545 2659 2757 2731 donat,
2789 2660 3115 2736 specialiter
3141 2659 3215 2719 de
3239 2658 3571 2718 conditione
3596 2673 3797 2716 eorum
3824 2658 3927 2734 qui

1950 2758 2046 2818 hic
2073 2763 2134 2817 et
2159 2758 2281 2817 illic
2319 2765 2514 2817 sturas
2538 2757 2681 2817 dare
2705 2756 2797 2816 vei
2824 2759 3004 2817 sturis
3023 2759 3316 2816 immunes
3341 2771 3468 2815 esse
3492 2753 3723 2815 debent.
3811 2762 3927 2815 689

1121 2855 1195 2906 20
1223 2853 1367 2924 sept.
1421 2846 1540 2925 Ap.
1565 2846 1816 2926 Spiram.
1868 2886 1950 2900 —
1990 2855 2264 2916 scultetis
2288 2860 2349 2915 et
2384 2853 2722 2915 hominibus
2750 2854 2989 2930 Leodii,
3037 2855 3322 2932 Traiecti,
3368 2853 3571 2915 Sancti
3599 2852 3927 2926 Trudonis,

1948 2953 2165 3031 Hoyii,
2215 2954 2586 3030 Tungrorum
2636 2958 2699 3011 et
2740 2951 3004 3012 Dinantii
3044 2951 3287 3011 mandat
3326 2956 3396 3010 ut
3436 2965 3576 3010 cum
3619 2952 3928 3027 episcopus

1948 3049 2285 3109 Leodiensis
2320 3050 2669 3108 sententiam
2708 3050 3038 3124 principum
3079 3048 3256 3108 latam
3292 3046 3368 3105 de
3409 3048 3781 3106 immunitate
3818 3062 3930 3106 ec-

1948 3146 2160 3205 clesiae
2193 3145 2393 3205 Sancti
2421 3145 2670 3205 servatii
2706 3147 2768 3203 in
2796 3145 3067 3222 Trajeeto
3103 3143 3421 3219 adimplere
3454 3158 3573 3203 non
3604 3144 3924 3217 curaverit,

1949 3242 2060 3317 ipsi
2091 3241 2153 3299 in
2179 3239 2274 3300 bis
2301 3257 2455 3318 quae
2481 3241 2638 3300 idem
2677 3242 2981 3317 episcopus
3013 3247 3174 3302 tenet
3204 3240 3280 3301 ab
3318 3242 3586 3319 imperio,
3611 3239 3838 3299 nullam
3872 3241 3927 3299 ei

1949 3337 2173 3397 faciant
2199 3337 2613 3398 obedientiam.
3635 3345 3777 3408 689,
3809 3344 3924 3397 690

1155 3444 1187 3495 8
1216 3439 1329 3495 oct.
1530 3429 1708 3506 Apud
1867 3464 1949 3478 —
1989 3433 2275 3510 Episcopo
2301 3441 2360 3494 et
2387 3435 2663 3494 ecelesiae
2688 3433 2999 3495 Basiliensi
3020 3434 3292 3495 universa
3307 3436 3444 3511 jura
3467 3449 3572 3509 per
3596 3433 3922 3511 privilegia,

1438 3527 1805 3606 Hagenowe.
1948 3531 2403 3591 consuetudines
2433 3533 2559 3591 sive
2595 3534 3044 3591 constitutiones
3080 3532 3365 3609 legitimas
3402 3529 3760 3601 introducta,
3788 3530 3927 3605 qui-

1947 3627 2060 3687 bus
2086 3627 2374 3687 hactenus
2402 3630 2591 3704 gavisi
2616 3633 2775 3699 sunt,
2806 3627 3137 3688 confirmat.
3808 3631 3917 3685 69ι

1148 3735 1183 3786 6
1212 3731 1323 3786 oct.
1530 3723 1712 3800 Apud
1866 3756 1948 3771 —
1986 3725 2081 3785 Ad
2109 3725 2546 3799 requisitionem
2567 3722 2892 3782 abbatissae
2911 3722 3314 3794 Thuriceusis,
3332 3720 3686 3781 sententiam
3708 3733 3745 3778 a
3758 3720 3924 3794 prin-

1441 3820 1799 3899 Hagenowe.
1945 3820 2175 3898 cipibus
2208 3818 2588 3897 approbatam
2617 3820 2981 3895 promulgat,
3012 3818 3235 3879 seilicet
3259 3817 3419 3894 quod
3444 3818 3494 3876 si
3522 3817 3656 3892 quis
3681 3814 3926 3875 feudum

1946 3934 2125 3978 suum
2149 3934 2188 3977 a
2213 3918 2454 3977 domino
2479 3916 2637 3976 feudi
2664 3918 2727 3975 in
2754 3931 2976 3976 annum
3002 3922 3064 3975 et
3084 3916 3242 3976 diem
3269 3917 3563 3991 requirere
3578 3912 3922 3990 neglexerit,

1947 4031 2022 4075 ex
2052 4021 2197 4075 tunc
2222 4014 2467 4075 feudum
2488 4013 2564 4073 ad
2590 4013 2897 4072 dominum
2921 4018 3271 4073 revertatur.
3805 4015 3920 4069 692

1123 4125 1180 4176 1ο
1207 4131 1347 4175 nov.
1528 4109 1708 4186 Apud
1867 4143 1947 4155 —
1985 4110 2274 4171 Landolfo
2315 4109 2735 4170 wormatiensi
2778 4108 2962 4168 electo
3004 4110 3255 4186 gratiam
3298 4105 3567 4168 concedit
3608 4110 3679 4165 ut
3720 4119 3927 4164 omnes

1450 4206 1780 4285 mungen.
1946 4209 2051 4284 qui
2078 4209 2141 4267 in
2180 4207 2417 4266 civitate
2454 4208 2581 4283 ejus
2617 4204 3015 4281 Laudenburg
3041 4205 3322 4281 elegerint
3346 4202 3630 4274 residere,
3668 4200 3746 4261 ab
3780 4215 3924 4260 om-

1946 4306 2114 4364 nium
2136 4303 2441 4363 hominum
2463 4301 2760 4378 obsequiis
2781 4303 2902 4360 sint
2926 4302 3208 4377 exempti.
3637 4305 3776 4371 692,
3805 4304 3921 4357 698

1124 4416 1181 4467 1⁰
1204 4421 1346 4465 nov.
1531 4401 1708 4478 Apud
1869 4431 1946 4445 —
1986 4400 2060 4460 ln
2106 4398 2370 4458 favorem
2406 4396 2675 4459 Landolss
2710 4399 3164 4460 wormatiensis
3202 4396 3369 4456 electi
3415 4396 3732 4454 sententias
3754 4460 3763 4470 ‚
3774 4408 3924 4468 pro-

1452 4499 1783 4578 Esslingen.
1944 4497 2174 4573 mulgat
2192 4513 2209 4554 ε
2230 4495 2501 4555 videlicet
2527 4495 2602 4554 de
2627 4494 2927 4554 diruendis
2947 4493 3231 4555 aedificiis
3253 4498 3314 4553 et
3334 4491 3411 4552 de
3424 4490 3617 4551 feudis
3641 4504 3923 4549 revocan-

1944 4594 2037 4654 dis
2068 4608 2223 4667 quae
2248 4608 2285 4652 a
2312 4589 2854 4669 praedecessoribus
2888 4590 3154 4667 ejusdem
3187 4589 3357 4649 electi
3388 4586 3630 4648 fuerunt
3662 4583 3925 4645 indebite

1943 4704 2242 4752 concessa.
3804 4688 3920 4741 694
