4842 5802
896 631 1088 692 lxntoe.
1123 626 1212 711 8.]
1804 631 2196 696 HISTORIA
2246 629 2832 694 ntPLoMATmA.
3600 633 3717 693 74¹1

894 762 1327 858 Ubicumque
1358 764 1782 860 proscriptus
1808 766 2238 841 interdicitur
2271 766 2386 838 vel
2420 761 2806 854 invaditur,
2848 786 2892 838 a
2925 765 3200 839 nemine
3246 765 3659 840 defendatur
3679 821 3699 859 ‚

894 897 961 959 et
983 885 1041 957 si
1058 885 1217 981 quis
1234 898 1396 958 eum
1417 886 1715 960 scienter
1742 888 2130 964 defenderit
2147 896 2212 962 et
2246 887 2483 962 dehoc
2498 887 2801 980 legitime
2820 889 3177 963 convictus
3199 889 3432 978 fuerit,
3463 888 3707 963 eadem

895 1006 1096 1100 culpa
1132 1013 1444 1078 teneatur
1478 1015 1548 1079 et
1583 1014 1913 1102 tanquam
1948 1008 2370 1104 proscriptus
2391 1006 2767 1098 judicetur.

989 1127 1191 1201 Nulla
1227 1128 1472 1202 civitas
1500 1132 1614 1203 vel
1646 1131 1935 1226 opidum
1961 1131 2416 1228 proscriptum
2467 1139 2695 1203 teneat
2741 1131 3055 1205 scienter.
3088 1133 3331 1206 Nullus
3365 1154 3526 1206 eum
3569 1132 3710 1206 de-

898 1250 1134 1323 fendat
1167 1252 1224 1323 si
1256 1253 1322 1324 ei
1351 1254 1608 1325 malum
1641 1255 1924 1350 aliquod
1955 1256 2320 1345 inferatur3
2362 1253 2573 1326 nichil
2609 1255 2673 1326 ei
2704 1253 2909 1328 detur
2943 1256 3196 1349 gratis,
3250 1277 3453 1328 nemo
3475 1277 3712 1329 secum

898 1376 968 1446 in
997 1376 1343 1470 emptione
1381 1379 1495 1449 vel
1531 1377 1933 1452 venditione
1963 1379 2353 1475 participet,
2395 1377 2521 1451 sed
2557 1378 2629 1449 in
2656 1378 2977 1451 omnibus
3002 1379 3319 1451 evitetur.
3362 1380 3432 1450 Si
3470 1378 3712 1452 civitas

898 1521 1057 1573 eum
1085 1501 1543 1573 communiter
1560 1501 1853 1575 scienter
1882 1503 2211 1590 tenuerit,
2244 1503 2305 1574 si
2343 1510 2447 1574 est
2471 1511 2765 1589 murata,
2805 1524 3080 1575 murum
3103 1504 3259 1595 ejus
3274 1501 3501 1593 judex
3534 1512 3713 1575 terre

900 1624 1248 1712 destruat;
1301 1623 1552 1719 hospes
1599 1626 1750 1718 eJus
1796 1633 1873 1698 ut
1920 1626 2343 1721 proscriptus
2394 1625 2746 1721 puniatur.
2807 1627 2880 1698 Si
2926 1627 3171 1699 civitas
3221 1648 3419 1699 muro
3482 1634 3709 1709 caret,

889 1748 1116 1841 judex
1146 1770 1302 1821 eam
1322 1747 1701 1821 succendat
1728 1769 1858 1821 nec
1881 1749 2003 1821 ulli
2038 1751 2240 1822 liceat
2271 1770 2425 1823 eam
2453 1748 2852 1823 defendere.
2890 1750 2963 1820 Si
2998 1750 3240 1822 civitas
3268 1772 3343 1822 se
3361 1770 3713 1845 opposue-

900 1872 1024 1964 rit,
1072 1881 1209 1944 tam
1243 1872 1484 1944 civitas
1510 1893 1720 1966 quam
1757 1870 2072 1945 homines
2104 1872 2227 1966 qui
2257 1892 2332 1945 se
2360 1883 2712 1967 opponent
2738 1871 2990 1945 cadant
3023 1873 3114 1944 ab
3146 1872 3332 1944 omni
3358 1873 3517 1963 jure
3552 1893 3705 1945 suo.

899 1997 968 2069 Si
993 1996 1219 2091 judex
1245 1996 1320 2068 in
1352 1998 1554 2087 cujus
1571 1995 1885 2068 districtu
1911 2005 2045 2084 est,
2086 1995 2219 2068 hoc
2253 1998 2475 2068 facere
2504 2004 2828 2090 nequeat,
2864 1995 3360 2088 significabitur
3384 1996 3606 2084 nobis,
3644 2005 3713 2068 et

900 2142 1025 2195 nos
1061 2120 1236 2195 illud
1269 2118 1529 2215 exequi
1567 2120 1917 2209 faciemus..

1000 2242 1117 2315 tt.
1174 2245 1273 2347 De
1301 2244 1704 2338 emptoribus-
1726 2246 1829 2315 rei
1846 2243 2125 2338 predata
2159 2245 2266 2317 vel
2291 2246 2563 2337 furtive.
2611 2242 3039 2315 lnterciditur
3088 2242 3379 2315 nocendi
3430 2244 3714 2316 materia

901 2370 959 2441 si
1002 2369 1286 2442 fautoris
1329 2368 1601 2442 occasio
1648 2369 2118 2442 subtrahatur.
2172 2368 2371 2443 Unde
2418 2369 2625 2442 etiam
2669 2366 3056 2439 secundum
3090 2368 3248 2458 jura
3295 2367 3529 2440 civilia
3565 2367 3714 2463 pari

902 2514 1079 2587 pena
1130 2492 1616 2588 prosequimur
1663 2501 1732 2564 et
1766 2494 1953 2565 fures
1997 2501 2066 2566 et
2115 2513 2239 2565 eos
2289 2492 2411 2586 qui
2449 2513 2574 2587 per
2621 2490 3205 2585 participationem
3257 2489 3551 2584 depositi
3604 2490 3717 2564 vel

900 2614 1107 2710 empti
1176 2617 1404 2688 sinum
1458 2615 1848 2688 furantibus
1902 2616 2348 2710 prebuerunt.
2418 2615 2796 2687 Statuimus
2865 2615 3098 2706 itaque
3165 2622 3244 2686 ut
3296 2613 3717 2706 quicumque

901 2738 1195 2811 scienter
1230 2740 1470 2812 emerit
1493 2762 1638 2812 rem
1668 2739 2026 2836 predatam
2053 2743 2164 2813 vel
2198 2741 2520 2814 furtivam
2545 2741 2658 2812 vel
2690 2740 2940 2832 hospes
2978 2737 3216 2827 suerit,
3259 2736 3332 2809 id
3359 2746 3463 2808 est
3494 2736 3718 2807 scien·

901 2873 1001 2937 ter
1035 2872 1341 2958 receptor
1378 2884 1512 2937 uon
1550 2865 2083 2961 proscriptorum
2119 2864 2508 2960 predonum
2545 2871 2667 2936 aut
2690 2863 2959 2953 furum,
3013 2861 3074 2934 si
3107 2860 3199 2936 de
3251 2860 3384 2932 hoc
3417 2860 3720 2953 legitime

897 2988 1106 3060 semel
1136 2989 1490 3060 convictus
1513 2989 1745 3079 fuerit,
1774 2988 2062 3063 domino
2086 2990 2286 3081 cujus
2307 3011 2419 3061 res
2444 2995 2591 3062 erat
2615 2990 2835 3060 solvat
2858 2988 2929 3057 in
2959 2987 3283 3081 duplum.
3316 2985 3387 3056 Si
3411 2982 3719 3056 secundo

897 3112 1254 3184 convictus
1283 3113 1490 3185 fuerit
1525 3111 1659 3185 hoc
1697 3114 1975 3202 fecisse,
2025 3114 2085 3187 si
2115 3135 2226 3187 res
2253 3113 2539 3209 predata
2574 3112 2779 3184 fuerit
2814 3120 3145 3204 tanquam
3176 3108 3433 3204 predo,
3480 3108 3540 3180 si
3571 3108 3715 3180 fur-

898 3236 1038 3307 tiva
1071 3244 1395 3329 tanquam
1435 3236 1548 3306 fur
1583 3235 1933 3330 puniatur.

998 3360 1115 3429 ⁴5.
1175 3359 1269 3427 De
1291 3358 1669 3449 jus-ticiano
1699 3359 1898 3429 curie.
1932 3357 2238 3430 Trahunt
2272 3358 2363 3432 ad
2407 3378 2485 3430 se
2524 3355 3051 3430 sollicitudinem
3100 3355 3371 3449 imperii
3407 3357 3714 3449 regimen

902 3488 971 3551 et
997 3479 1427 3551 diversarum
1479 3481 1751 3573 negotia
1796 3489 2132 3553 terrarum
2168 3490 2237 3554 et
2281 3482 2678 3575 regionum3
2719 3501 2858 3574 que
2883 3501 3043 3551 cum
3080 3499 3350 3573 semper
3385 3479 3714 3572 expediat

903 3623 1022 3694 per
1044 3610 1345 3673 nostram
1374 3603 1800 3694 diligentiam
1839 3602 2200 3698 expediri,
2258 3604 2760 3697 querelantium
2801 3624 3046 3675 causas
3078 3600 3335 3694 quibus
3368 3622 3711 3695 persona-

899 3725 1051 3797 liter
1071 3724 1417 3820 presidere
1452 3748 1589 3798 nou
1615 3747 2008 3822 possumus,
2051 3748 2172 3821 per
2204 3727 2430 3798 virum
2462 3728 2748 3823 probate
2775 3726 2972 3816 fidei,
3012 3721 3355 3820 opinionis
3373 3724 3656 3798 honeste
3683 3779 3703 3817 ,

897 3851 1320 3944 prepositum
1343 3849 1664 3942 judiciis,
1706 3851 1856 3923 loco
1885 3847 2098 3922 nostri
2117 3849 2442 3922 volumus
2470 3851 2858 3941 terminari,
2898 3850 2970 3921 in
3002 3870 3142 3943 quo
3168 3857 3392 3944 preter
3421 3848 3551 3922 hec
3572 3870 3709 3942 que

897 3984 1122 4046 nostre
1156 3994 1443 4046 censure
1474 3970 1859 4069 specialiter
1893 3973 2405 4048 reservavimus
2423 4027 2443 4062 ,
2482 3973 2877 4046 inviolabile
2911 3972 3251 4064 judicium
3286 3969 3703 4045 attendatur.

893 4100 1271 4172 Statuimus
1306 4099 1519 4194 igitur
1562 4107 1642 4171 ut
1694 4098 1887 4171 curia
1923 4109 2154 4171 nostra
2190 4097 2638 4192 justitiarium
2676 4097 2924 4170 habeat
2952 4097 3181 4170 virum
3217 4095 3431 4168 libere
3456 4092 3737 4168 condi--

894 4223 1134 4315 tionis,
1172 4224 1293 4317 qui
1325 4224 1395 4294 in
1433 4222 1676 4296 eodem
1711 4223 2032 4318 persistat
2058 4223 2282 4295 officio
2299 4221 2390 4296 ad
2407 4223 2638 4294 minus
2660 4242 2786 4316 per
2816 4242 3100 4306 annum,
3132 4219 3397 4291 sibene
3431 4226 3500 4291 et
3519 4219 3708 4309 juste

895 4369 969 4422 se
997 4347 1307 4440 gesserit.
1359 4348 1486 4419 Hic
1515 4347 1804 4442 singulis
1850 4346 2096 4419 diebus
2125 4345 2392 4437 judicio
2419 4343 2798 4441 presideat,
2849 4343 3163 4437 exceptis
3191 4341 3439 4415 diebus
3479 4340 3703 4414 domi-

895 4470 1065 4541 nicis
1098 4479 1167 4541 et
1191 4470 1346 4542 aliis
1382 4470 1571 4542 festis
1597 4469 2004 4562 majoribuS,
2036 4471 2156 4561 Jus
2185 4468 2487 4541 reddens
2512 4468 2834 4540 omnibus
2858 4464 3404 4559 querelantibuS,
3446 4473 3701 4559 preter·

896 4614 1103 4683 quam
1137 4593 1225 4665 de
1266 4593 1685 4687 principibus
1725 4603 1793 4664 et
1839 4593 1993 4665 aliis
2046 4593 2350 4687 personis
2396 4590 2825 4662 sublimibus·
2862 4590 2932 4659 in
2980 4588 3202 4660 causis
3243 4609 3382 4681 que
3413 4597 3705 4680 tangunt

900 4735 1245 4808 personas,
1281 4717 1424 4807 jus,
1468 4715 1823 4807 honorem,
1866 4714 2092 4805 feoda,
2131 4714 2612 4809 proprietatem
2644 4714 2755 4784 vel
2794 4711 3238 4784 hereditatem
3270 4712 3697 4800 eorumdem,
