4842 5802
1289 676 1382 721 Q
2243 598 2570 666 ιιιεΝιιιοι
2615 588 2943 654 sarum
3632 585 3789 668 [Anu.
3828 586 3997 646 1234,

1291 824 1322 871 ,ἥ
1393 800 1662 861 &mecm
1729 772 2052 845 mutuatu
2115 734 2520 847 spondenti,
2568 728 3018 833 protestatur
3072 718 3276 825 quod
3337 717 3877 824 promissiones
3930 730 4004 799 et

1295 922 1716 997 .,..,:;:=:nta.
1768 890 1860 975 ad
1923 881 2266 961 homnem
2339 855 2744 967 majestatis
2804 851 3056 960 regiae
3109 859 3184 930 et
3245 848 3665 957 specialiter
3725 850 4004 933 intuitu

1299 1082 1492 1133 „w
1527 1066 1612 1119 ,w
1679 1046 1850 1107 suae
1917 1010 2150 1099 lin-ta,
2244 1013 2629 1097 nunquam
2702 984 2905 1066 ultra
2988 983 3400 1063 instantem
3480 981 4002 1063 necessitatem

1259 1248 1268 1259 „
1303 1216 1340 1263 χ
1367 1218 1388 1251 1
1415 1178 1602 1247 *dx-:³⁸42

1441 1386 1560 1433 Ἢ,
1615 1384 1700 1445 ³*
1737 1362 1982 1421 ,mm-n.
2009 1342 2189 1411 Bosa,
2219 1340 2361 1395 tom.
2391 1330 2585 1404 xxx,
2610 1345 2750 1407 pars
2789 1336 2867 1403 1⁸,
2897 1345 2959 1404 p.
2988 1336 3134 1401 sis,
3162 1337 3231 1389 n⁰
3262 1336 3412 1399 ⁷24,
3438 1344 3515 1387 ex
3553 1328 3825 1405 originali
3851 1327 4009 1388 undo

1403 1436 1420 1459 i
1473 1504 1566 1545 „5-
1583 1482 1714 1533 mm
1742 1459 1903 1521 inlito
1927 1454 2141 1513 tamum
2166 1437 2456 1516 appendet
2481 1453 2559 1496 ex
2583 1434 2701 1497 illis
2728 1434 2927 1497 sericis
2952 1433 3118 1494 rubri
3143 1439 3204 1494 et
3229 1433 3487 1494 subssavi
3509 1434 3737 1495 coloris.
3763 1464 3842 1479 —
3867 1432 4008 1494 Ms-

1469 1582 1744 1647 fflxqmm
1770 1570 1994 1641 quoque
2020 1566 2057 1612 a
2083 1546 2267 1610 Frlslo
2291 1558 2390 1619 ap.
2417 1542 2745 1616 Lunnwic,
2781 1537 3107 1603 Geeclucler.
3136 1557 3247 1600 von
3283 1537 3530 1613 wirzb„
3560 1557 3621 1617 p.
3657 1543 3823 1612 558.)

1335 1778 1670 1845 &mmmm
1693 1800 1712 1833 ,
1765 1740 1879 1817 noi
1935 1730 2148 1827 gratia
2203 1729 2659 1800 Romanorum
2722 1750 2850 1801 rex
2879 1736 2949 1799 et
2980 1748 3254 1822 semper
3308 1734 3687 1820 augustus,
3746 1726 4012 1798 dilectis

1259 1902 1386 1969 ,ὰς
1423 1896 1542 1957 :sm
1573 1872 1712 1947 ninia
1747 1856 2025 1937 domino
2069 1851 2461 1922 Hermanno
2503 1850 2888 1924 venerabili
2942 1851 3302 1946 episcopo,
3360 1848 3591 1921 Ottoni
3629 1849 4004 1942 preposite,

1257 2008 1524 2099 rataldo
1567 1994 1820 2068 «tentio
1873 1975 2133 2066 totique
2178 1974 2481 2066 capitulo
2528 1974 2802 2067 majoris
2838 1974 3126 2047 ecclesie
3173 1972 3687 2066 Herbipolensis
3723 1972 4009 2064 gratiam

1237 2158 1414 2209 tenu
1449 2134 1510 2195 vt
1546 2128 1741 2187 «turine
1775 2104 2055 2173 bonum.
2094 2094 2545 2188 Confitemur,
2594 2097 3059 2193 promittimus
3089 2105 3156 2168 et
3197 2094 3499 2191 presenti
3543 2092 3799 2189 pagina
3837 2114 4011 2189 pro-

1231 2262 1534 2339 testamur
1562 2225 1744 2326 quod
1780 2218 2263 2315 promissiones
2292 2229 2356 2290 et
2382 2221 2773 2310 juramenta
2803 2242 2942 2314 qne
2976 2219 3069 2292 ad
3096 2219 3429 2291 honorem
3458 2227 3528 2290 et
3559 2216 4013 2289 reverentiam

1229 2394 1402 2467 ΜΝ,
1429 2344 1787 2445 mnjostntis
1817 2352 1885 2414 et
1913 2341 2303 2434 specialiter
2327 2343 2580 2415 intuitu
2610 2365 2900 2439 persone
2928 2342 3498 2430 nostrebarones‚
3541 2339 4015 2413 ministeriales

1225 2514 1284 2575 „a
1319 2504 1495 2563 ,qvos
1529 2465 2044 2560 llcrbipolenses
2075 2477 2453 2557 spontanea
2506 2469 2860 2539 voluntate
2911 2474 2982 2539 et
3013 2466 3388 2538 liberaliter
3420 2464 3829 2552 emiserunt,
3886 2482 4015 2533 nec

1219 2618 1440 2697 ,mmo
1479 2595 1580 2667 vol
1618 2586 2089 2662 fraudulenter
2116 2588 2188 2658 in
2216 2591 2547 2662 lesionem
2578 2592 2693 2664 vel
2730 2611 3102 2682 gravamen
3147 2590 3457 2685 ipsorum
3496 2589 3868 2682 petivimus
3901 2585 4017 2657 vel

1218 2724 1596 2821 lim-opimus
1640 2733 1767 2784 nec
1801 2711 2009 2782 etiam
2042 2712 2377 2806 captiose,
2430 2736 2558 2786 nec
2594 2715 3018 2788 intendimus
3055 2714 3168 2785 vel
3219 2714 3545 2784 volumus
3586 2710 3833 2782 honori
3901 2715 4022 2781 aut

1209 2837 1656 2956 jurisdictioni
1689 2836 1976 2908 ecclesie
2002 2844 2228 2910 vestre
2256 2838 2367 2911 vel
2396 2859 2635 2912 eorum
2664 2861 2789 2935 per
2819 2837 3126 2933 predicta
3163 2837 3235 2908 in
3266 2836 3499 2929 aliquo
3532 2833 3872 2926 derogari,
3893 2853 4022 2904 nec

1214 2968 1561 3050 «mansione
1588 2961 1959 3052 juramenti
1997 2961 2109 3032 vel
2143 2963 2616 3056 promissionis
2646 2967 2819 3036 facte
2851 2963 3189 3051 collectis,
3226 2958 3771 3045 extorsionibus,
3807 2976 4021 3046 anga-

1215 3099 1329 3172 riis
1360 3098 1480 3161 aut
1506 3080 1928 3179 perangariis
1959 3094 2081 3157 aut
2110 3087 2591 3158 exactionibus
2618 3096 2737 3159 aut
2770 3087 2924 3159 aliis
2955 3083 3378 3180 quibuslibet
3401 3077 4024 3152 machinationibus

1217 3235 1337 3288 vos
1371 3217 1492 3282 aut
1518 3209 1703 3302 ipsos
1734 3207 2181 3299 gravabimus
2213 3209 2325 3280 vel
2364 3210 2625 3280 turbari
2662 3207 2987 3283 volumus
3026 3209 3140 3280 vel
3174 3204 3553 3293 molestari,
3589 3223 3719 3274 nec
3754 3201 3826 3272 in
3860 3223 4025 3295 per-

1213 3334 1398 3408 sonis
1425 3333 1535 3404 vel
1572 3332 1642 3400 in
1669 3330 1878 3403 rebus
1913 3333 2022 3403 vel
2039 3332 2314 3423 juribus
2342 3334 2592 3405 vestris
2625 3353 2751 3405 vos
2781 3334 2893 3405 vel
2928 3332 3115 3428 ipsos
3143 3333 3218 3402 in
3256 3330 3488 3423 aliquo
3529 3325 3878 3420 impediri.
3914 3325 4028 3395 In-

1215 3475 1420 3549 super
1455 3454 1526 3523 in
1572 3454 1894 3526 omnibus
1937 3455 2010 3525 in
2047 3456 2301 3549 quibus
2331 3457 2534 3529 nobis
2563 3459 2952 3548 juramenta
2985 3465 3056 3528 et
3085 3454 3577 3551 promissiones
3612 3453 3786 3523 facte
3827 3460 4022 3537 sunt,

1219 3576 1681 3672 promittimus
1717 3599 1844 3648 vos
1889 3589 1957 3649 et
1988 3579 2169 3672 ipsos
2204 3581 2489 3671 juvare,
2528 3580 2900 3654 defendere
2930 3588 2999 3651 et
3040 3579 3358 3652 assistere
3396 3573 3723 3662 fideliter,
3775 3573 3952 3643 sicut
3988 3594 4031 3642 a

1221 3699 1421 3771 vobis
1448 3711 1517 3772 et
1548 3701 1639 3773 ab
1678 3701 1846 3796 ipsis
1883 3702 2189 3796 predicta
2214 3704 2538 3777 volumus
2572 3704 2961 3794 observari,
3010 3725 3139 3776 nec
3165 3701 3457 3775 ulterius
3484 3697 3889 3791 juramentis
3916 3697 4028 3767 vel

1225 3823 1790 3918 promissionibus
1814 3847 1934 3898 eos
1963 3828 2407 3919 gravabimus
2447 3850 2577 3901 nec
2606 3851 2688 3900 ea
2713 3828 2999 3901 ulterius
3029 3836 3383 3923 petemus3
3425 3825 3520 3896 ita
3556 3821 3746 3916 quod
3784 3841 3868 3892 ea
3914 3839 4033 3911 per

1227 3946 1785 4039 consequentiam
1829 3970 1955 4043 pro
1987 3951 2488 4023 consuetudine
2523 3952 2662 4024 ullo
2696 3951 2905 4024 modo
2952 3952 3350 4044 exigamuS,
3406 3945 3530 4018 sed
3565 3966 3646 4017 ea
3692 3944 3871 4013 ultra
3913 3942 4034 4010 in-

1229 4077 1524 4142 stantem
1560 4071 2031 4145 necessitatem
2067 4072 2353 4147 extendi
2397 4074 2721 4146 volumus
2767 4076 2908 4147 ullo
2949 4074 3182 4147 modo.
3232 4069 3638 4164 Recepimus
3669 4064 3874 4137 etiam
3910 4082 4037 4132 vos

1228 4212 1387 4262 cum
1421 4192 1747 4264 universo
1793 4193 1974 4266 clero
2003 4203 2271 4284 vestm,
2311 4195 2644 4286 barones,
2707 4196 3182 4268 ministeriales
3218 4202 3288 4265 et
3336 4193 3522 4262 cives
3563 4196 3827 4258 vestros
3873 4184 4039 4253 uni-

1231 4335 1467 4386 versos
1500 4323 1568 4386 et
1613 4315 1923 4407 singulos
1953 4317 2086 4388 sub
2124 4327 2424 4390 nostram
2474 4320 2959 4412 protectionem
3001 4328 3071 4392 et
3113 4315 3413 4411 graciam
3450 4310 3851 4407 specialem3
3912 4326 4035 4377 vo-

1234 4439 1449 4510 lentes
1469 4439 1628 4529 jura
1665 4438 1950 4511 ecclesie
1977 4450 2202 4513 vestre
2237 4451 2305 4513 et
2332 4441 2681 4515 libertates
2724 4444 2813 4515 ab
2867 4443 3152 4536 antiquo
3184 4457 3545 4512 concessas
3577 4443 3644 4506 et
3676 4428 4041 4527 privilegia

1235 4563 1326 4634 ab
1363 4563 1906 4636 antecessoribus
1934 4566 2183 4637 nostris
2205 4577 2275 4638 et
2304 4588 2346 4637 a
2377 4567 2576 4639 nobis
2598 4567 2877 4639 obtenta
2904 4576 2973 4641 et
3008 4568 3079 4638 in
3099 4573 3446 4662 posterum
3478 4554 3880 4642 obtinenda,
3919 4552 4041 4623 in-

1236 4685 1644 4759 violabiliter
1673 4687 2064 4760 observare.
2107 4687 2529 4781 Adjicientes
2559 4690 2749 4784 quod
2778 4693 2964 4764 cives
3005 4692 3077 4762 in
3104 4688 3513 4779 Wirceburg
3551 4692 3781 4756 nostra
3828 4677 4045 4773 gratia
