4842 5802
1189 537 1311 599 902
2180 529 2605 592 anmuct
2658 532 3004 595 sEanm
3627 535 3989 616 [An-1236.

1190 671 1749 767 predecessorum
1797 673 2178 738 vestrorum
2217 665 2429 760 gestis
2469 674 2538 737 et
2572 675 2884 740 veterum
2928 677 3186 743 remota
3229 671 3603 743 virtutibus
3635 670 3761 769 (a),
3803 676 3994 770 quod

1194 795 1497 867 Romano
1536 790 1825 886 imperio
1864 790 2071 861 unica
2105 788 2250 861 sola
2304 788 2549 861 civitas
2610 792 3058 885 contradicat,
3112 793 3368 887 quibus
3417 814 3554 866 non
3607 797 3876 871 suffecit
3922 809 3995 871 ut

1192 917 1323 1012 ipsi
1367 915 1575 987 vicini
1610 913 2165 1001 succumberent,
2209 911 2333 985 sed
2363 923 2645 986 cunctas
2678 914 3015 987 domuere
3044 918 3472 1012 provincias,
3513 928 3806 993 remotas
3833 942 3993 1017 pos-

1192 1039 1504 1112 siderunt
1528 1036 1891 1132 Hispanias
1916 1045 1986 1108 et
2014 1037 2372 1108 formosam
2405 1034 2499 1132 (b)
2539 1035 3014 1129 Carthaginem
3051 1038 3475 1112 deleverunt.
3509 1039 3996 1118 Admirationis

1187 1184 1466 1258 quoque
1498 1163 1677 1254 juste
1715 1159 2061 1233 materiam
2105 1159 2462 1247 omnibus,
2511 1159 2634 1232 sed
2679 1159 2880 1231 nobis
2908 1161 3234 1257 precipue
3282 1171 3507 1235 tamen
3558 1163 3755 1236 affert
3802 1166 3994 1260 quod

1198 1308 1353 1358 cum
1387 1285 1589 1357 vobis
1614 1282 1707 1356 ad
1737 1282 2026 1377 grandia
2053 1305 2191 1354 non
2222 1281 2399 1355 desit
2426 1281 2791 1375 industria,
2829 1284 3050 1357 subsit
3075 1283 3421 1369 habilitas,
3451 1308 3578 1359 cur
3599 1288 3997 1385 vobisipsis

1200 1407 1543 1503 surripitis
1583 1407 1889 1479 animum
1925 1407 2032 1477 vel
2073 1406 2162 1477 ab
2196 1406 2347 1477 aliis
2390 1405 2728 1478 subtiliter
2769 1406 3021 1502 surripi
3061 1409 3433 1481 sustinetis.
3473 1410 3998 1504 Respondebitis

1197 1532 1476 1605 forsitan
1517 1530 1708 1624 quod
1753 1531 1882 1603 ista
1919 1530 2262 1624 magnalia
2290 1550 2487 1622 reges
2517 1537 2587 1601 et
2624 1551 2890 1603 cesares
2918 1532 3282 1605 faciebant.
3324 1533 3501 1605 Ecce
3539 1534 3730 1629 quod
3764 1556 3995 1630 regem

1197 1652 1465 1728 habetis
1501 1664 1570 1726 et
1609 1675 1908 1726 cesarem
1944 1653 2068 1747 qui
2104 1673 2231 1748 pro
2274 1653 2694 1726 exaltatione
2738 1654 3027 1726 Romani
3073 1655 3336 1751 imperii
3382 1678 3740 1751 personam
3781 1679 3999 1753 expo-

1203 1778 1379 1868 suit,
1421 1776 1775 1849 thoeauros
1801 1776 2098 1871 aperuit,
2139 1775 2490 1848 laboribus
2520 1797 2658 1849 non
2699 1778 3026 1873 pepercit.
3063 1779 3319 1872 Regem
3349 1779 3618 1852 habetis
3658 1781 3780 1875 qui
3816 1802 3997 1853 som-

1203 1880 1378 1973 num⁸
1449 1910 1754 1974 vestrum
1844 1899 2187 1972 continuis
2264 1899 2917 1994 interpellationibus
2998 1902 3364 1993 excitavit3
3440 1902 3531 1975 ad
3603 1904 4000 1999 interpella-

1197 2028 1416 2099 tiones
1450 2035 1716 2098 nostras
1745 2033 2244 2112 verumtamen,
2287 2023 2605 2114 nimium,
2653 2023 2845 2120 quod
2898 2025 3094 2097 inviti
3137 2026 3517 2117 referimuS,
3566 2026 3996 2118 obdormitis,

1194 2171 1475 2222 causam
1523 2158 1824 2223 vestram
1869 2147 2247 2242 dampnose
2308 2146 2691 2241 negligitis,
2738 2148 3011 2241 negotia
3063 2157 3296 2221 vestra
3359 2148 3528 2221 dum
3582 2150 3752 2245 ipsis
3798 2171 3999 2244 opor·

1195 2277 1450 2349 tunitas
1491 2273 1830 2369 suppetit,
1872 2292 2008 2344 non
2053 2270 2332 2343 curatis.
2387 2272 2623 2366 Nuper
2666 2271 2851 2343 enim
2897 2270 3068 2343 dum
3118 2272 3188 2342 in
3239 2273 3447 2366 pratis
3490 2272 3801 2366 Auguste
3838 2273 4000 2344 vic-

1194 2400 1367 2472 torie
1414 2407 1642 2471 nostre
1697 2396 1957 2470 vexilla
2003 2392 2329 2489 signifera
2388 2416 2797 2489 poneremus
2822 2448 2844 2483 ‚
2905 2396 3415 2490 quamprimum
3470 2396 3728 2470 ibidem
3783 2408 4002 2469 castra

1198 2531 1435 2596 nostra
1486 2520 1891 2610 defiximus,
1934 2540 2058 2614 pro
2108 2518 2588 2591 reformatione
2639 2527 2857 2591 status
2910 2519 3178 2614 imperii
3222 2520 3573 2613 Liguriam
3620 2520 3852 2592 denuo
3884 2542 4003 2593 re-

1192 2646 1444 2736 visuri,
1485 2645 1762 2717 nuntios
1808 2650 2069 2715 vestros
2119 2642 2449 2713 instanter
2482 2641 2848 2734 exegimus
2880 2642 2943 2733 (1
2958 2640 3013 2737 ),
3061 2664 3238 2738 quos
3274 2664 3431 2713 cum
3470 2643 3772 2738 recipere
3806 2644 4006 2715 nobis

1198 2769 1273 2839 in
1319 2766 1613 2862 Alpibus
1660 2765 1906 2839 obvios
1954 2762 2417 2854 crederemus,
2461 2763 2866 2858 priusquam
2916 2786 3041 2858 pes
3079 2774 3306 2836 noster
3357 2764 3616 2836 Italiam
3665 2765 4005 2857 legatione

1199 2899 1426 2964 vestra
1465 2910 1601 2962 non
1637 2888 1790 2962 visa
1840 2886 2155 2977 calcaret,
2199 2886 2384 2982 ipsos
2421 2885 2732 2960 nondum
2779 2910 2821 2961 a
2855 2887 3058 2961 vobis
3103 2887 3352 2960 electos
3395 2887 3796 2961 audivimus
3830 2910 4007 2982 quos

1199 3015 1478 3088 venisse
1539 3010 1952 3106 jamdudum
2020 3019 2222 3083 antea
2284 3008 2569 3082 firmiter
2623 3010 3060 3105 putabamus.
3115 3010 3252 3084 Sed
3314 3033 3472 3084 cum
3499 3065 3518 3100 ,
3581 3023 3786 3107 prout
3840 3033 4006 3086 vera

1202 3139 1573 3210 multorum
1619 3132 2045 3230 experientia
2099 3132 2368 3222 docuit,
2421 3132 2625 3204 nimis
2675 3132 2746 3203 in
2803 3134 3071 3223 magnis
3118 3134 3208 3206 sit
3265 3134 3645 3228 periculosa
3699 3134 3999 3222 desidia,

1201 3260 1296 3334 ad
1342 3260 1898 3333 accelerationem
1936 3257 2235 3349 ipsorum
2275 3275 2453 3349 quos
2502 3254 2595 3327 ad
2631 3255 3005 3351 imperialis
3054 3256 3435 3329 consistorii
3483 3256 3697 3330 decus
3733 3266 3801 3329 et
3841 3279 4004 3330 con-

1202 3384 1337 3456 silii
1406 3383 1616 3456 nostri
1689 3382 1901 3455 robur
1967 3378 2336 3452 mittendos
2399 3387 2680 3451 senatus
2740 3381 2922 3473 jam,
2997 3390 3073 3452 ut
3125 3380 3560 3473 audivimus,
3617 3380 3881 3453 censuit
3939 3390 4007 3453 et

1201 3509 1495 3604 populus
1531 3505 1989 3594 confirmavit,
2025 3511 2251 3576 vestre
2280 3502 2759 3576 sollicitudinis
2810 3503 3116 3576 studium
3152 3504 3565 3595 excitamus,
3605 3505 4009 3599 eisdemque

1280 3695 1369 3777 (a)
1409 3698 1481 3758 In
1507 3699 1791 3774 impresso
1814 3698 2063 3754 remotae
2086 3692 2342 3754 virtutes.

1286 3802 1365 3882 (b)
1409 3803 1528 3876 Sic,
1555 3802 1803 3863 forsitan
1828 3807 2028 3861 tamen
2036 3797 2351 3879 famosam.

1277 4066 1350 4140 (t)
1387 4063 1599 4123 Scilicet
1628 4064 1770 4120 circa
1796 4062 1955 4119 finem
1977 4061 2114 4135 junii
2153 4060 2378 4130 mensis,
2401 4058 2599 4131 quibus
2632 4056 2822 4114 litteris
2849 4055 3038 4113 alludit
3065 4056 3353 4130 imperator
3383 4072 3550 4130 quum
3582 4055 3795 4112 aliunde
3825 4055 4002 4112 dicat:

1207 4183 1234 4219 α
1257 4163 1340 4220 Ad
1361 4178 1522 4236 quam
1547 4160 1615 4218 ab
1647 4159 1783 4217 Urbs
1807 4160 1941 4216 citra
1963 4158 2198 4215 omnium
2223 4156 2496 4212 civitatum
2522 4153 2672 4210 ltalie
2693 4154 2919 4211 nuncios
2942 4153 3247 4210 invitamus.
3270 4174 3298 4206 n
3326 4153 3461 4212 Vide
3482 4168 3669 4226 supra,
3696 4170 3752 4226 p.
3781 4154 3875 4208 85⁴
3890 4189 3904 4206 .
3931 4152 4009 4209 De

1203 4277 1313 4335 quo
1337 4261 1499 4318 etiam
1525 4259 1692 4317 fusius
1713 4256 2004 4315 Riccardus
2025 4256 2093 4313 de
2116 4255 2176 4312 S.
2200 4254 2468 4311 Germano
2493 4250 2581 4308 his
2606 4250 2788 4307 verbis
2816 4267 2830 4304 ε
2866 4269 2893 4303 ι
2923 4251 3108 4307 Mense
3129 4250 3263 4322 jnlio
3293 4249 3571 4324 imperiale
3597 4248 3906 4306 mandatum
3938 4247 4012 4304 ud

1215 4357 1407 4416 Urbem
1433 4363 1489 4414 et
1513 4354 1830 4428 generaliter
1854 4349 2214 4427 perTusciam
2240 4353 2295 4405 et
2322 4346 2694 4404 Lombardiam
2717 4353 2773 4402 et
2798 4361 2897 4420 per
2925 4352 3097 4403 totam
3120 4346 3410 4402 Marchiam
3436 4345 3680 4414 mittitur,
3708 4349 3905 4399 uttam
3941 4342 4011 4399 de

1201 4455 1346 4512 Urbe
1369 4468 1535 4527 quam
1571 4452 1640 4508 de
1662 4449 1884 4523 singulis
1914 4448 2149 4521 ipsarum
2179 4443 2568 4518 provinciarum
2596 4442 3067 4500 communitatibus
3098 4443 3152 4498 in
3184 4442 3558 4500 Lombardiam
3593 4427 3750 4513 legati
3786 4438 4006 4509 vadant,

1199 4556 1487 4623 postquam
1512 4548 1637 4605 illuc
1667 4547 2040 4620 imperatorem
2069 4541 2280 4600 venisse
2302 4540 2569 4598 sciverint.
2598 4559 2626 4593 x·
2652 4538 2759 4597 Ubi
2783 4546 2961 4596 tamen
2988 4540 3122 4597 istae
3161 4539 3363 4597 lateant
3397 4538 3603 4595 litterae
3639 4536 3876 4593 nondum
3910 4535 4010 4591 de-

1197 4646 1441 4717 tegimus.
