4842 5802
962 620 1155 676 lunicr.
1191 616 1277 693 7.]
1856 609 2246 673 HISTORIA
2295 607 2880 671 DlPLOMA'rch.
3656 603 3772 665 691

964 749 1395 823 universitati
1428 757 1654 821 vestre
1687 747 1822 820 sub
1848 747 2133 820 obtentu
2166 747 2383 839 gratie
2405 756 2635 817 nostre
2661 742 3069 817 mandamus
3107 739 3549 837 precipiendo
3577 739 3778 813 vobis

962 872 1246 945 firmiter
1268 884 1338 944 et
1369 872 1676 944 districte
1703 880 2047 964 quatenus
2076 872 2148 942 in
2184 871 2295 942 his
2318 891 2460 964 que
2494 892 2536 941 a
2562 868 2762 941 nobis
2786 877 2854 940 et
2876 866 3165 961 imperio
3195 874 3402 955 tenet,
3442 862 3769 954 thelonio,

964 1004 1277 1085 moneta,
1313 994 1581 1088 J‘udicio
1626 1004 1696 1067 et
1745 994 1899 1067 aliis
1936 995 2458 1089 temporalibus,
2491 994 2753 1065 nullam
2782 991 2846 1064 ei
2884 991 3147 1062 faciatis
3172 987 3632 1061 obedientiam
3662 985 3777 1059 vel

962 1119 1399 1211 aliquatenus
1426 1116 1830 1206 intendatis,
1865 1117 2283 1190 reservando
2318 1117 2519 1190 nobis
2545 1115 2809 1188 reditus
2838 1113 3236 1186 eorumdem
3263 1132 3628 1205 quousque
3664 1131 3777 1182 su·

964 1263 1086 1336 per
1137 1242 1247 1314 his
1297 1263 1339 1314 a
1400 1241 1599 1314 nobis
1631 1239 2035 1313 mandatum
2079 1240 2423 1335 recipiatis
2471 1240 2795 1334 speciale.
2826 1237 3180 1331 Alioquin,
3209 1236 3502 1307 sculteto
3545 1242 3776 1306 nostro

964 1364 1274 1458 Aquensi
1314 1363 1638 1455 dedimus
1684 1365 1756 1435 in
1803 1362 2145 1459 mandatis
2170 1374 2248 1453 ut
2274 1386 2397 1460 per
2431 1362 2892 1459 detentionem
2933 1382 3166 1449 rerum
3210 1367 3280 1431 et
3323 1378 3776 1453 personarum

965 1498 1349 1561 vestrarum
1387 1488 1904 1563 universitatem
1942 1498 2240 1561 vestram
2278 1487 2641 1583 compellat
2672 1486 2924 1580 exequi
2957 1483 3149 1577 quod
3186 1482 3622 1559 mandamus.
3697 1536 3702 1545 .

1059 1614 1309 1685 natum
1332 1592 1525 1708 ap'ud
1561 1612 1862 1707 smmum,
1893 1612 2016 1695 ΧΠ
2051 1611 2383 1687 kalendas
2412 1611 2745 1700 octobris,
2784 1609 3161 1681 indictione
3186 1608 3329 1679 v11.

2701 1901 3346 1915 own--

1074 2210 1475 2319 HenricuS‚
1512 2211 2035 2295 Romanorum
2071 2237 2233 2318 rex,
2274 2210 2626 2319 episcopo
2659 2221 2735 2293 et
2768 2211 3122 2294 ecclesiae
3155 2211 3551 2293 Basiliensi
3588 2210 3780 2292 uni-
3865 2231 4126 2338 „43:¹3”

968 2369 1186 2426 versa
1223 2343 1401 2453 jura
1444 2370 1581 2453 per
1622 2344 2015 2454 privilegia
2031 2406 2054 2451 ,
2112 2344 2697 2426 consuetudines
2752 2345 2907 2428 sive
2959 2344 3529 2426 constitutiones
3581 2344 3784 2453 legi-
3877 2340 3907 2381 ³
3924 2315 4148 2382 mm.)

971 2476 1196 2558 timas
1231 2478 1692 2583 introducta,
1731 2476 2014 2587 quibus
2046 2476 2414 2559 hactenus
2452 2476 2691 2586 gavisi
2729 2485 2937 2583 sunt,
2976 2475 3402 2559 confirmat.

1130 2691 1317 2767 (Edit.
1351 2708 1450 2768 ap.
1481 2692 2213 2763 wan-WacmnaonL,
2242 2690 2364 2750 Das
2389 2688 2673 2769 Biscltofi-
2698 2687 2828 2750 und
2848 2688 3461 2752 Diemtmannenrecltt
3481 2706 3593 2752 von
3616 2688 3793 2750 Basd

1209 2797 1276 2856 in
1301 2794 1597 2858 deutsche»-
1620 2794 2061 2877 Auszeichnunq
2086 2794 2182 2855 des
2215 2805 2284 2858 13
2308 2794 2739 2857 Jahn-hundam
2769 2795 2995 2876 (Basa,
3022 2796 3234 2873 1852),
3263 2814 3323 2873 p.
3359 2807 3458 2859 23.
3482 2828 3559 2842 —
3585 2799 3662 2858 Et
3686 2815 3780 2875 ap.

1209 2906 1586 2976 Taommr,
1622 2905 1883 2967 Menum.
1925 2900 1995 2963 de
2026 2899 2201 2963 I'anc.
2247 2901 2440 2964 όυέοΙιέ
2476 2901 2546 2964 de
2580 2901 2749 2978 Bate,
2793 2910 2839 2964 t.
2885 2906 2944 2979 Ι,
2983 2922 3043 2981 p.
3079 2914 3220 2978 539,
3265 2913 3330 2965 n⁶
3362 2914 3499 2976 363,
3543 2922 3621 2966 ex
3647 2906 3780 2967 eod.

1210 3011 1518 3088 diplomat.
1550 3012 1759 3071 eccles.
1790 3009 1996 3082 Basll„
2023 3009 2127 3070 fol.
2167 3008 2332 3089 101.)

1068 3198 1190 3287 H„
1229 3196 1351 3269 Dei
1389 3197 1608 3290 gratia
1654 3197 2117 3268 Romanorum
2162 3217 2290 3267 rex
2325 3204 2397 3267 et
2420 3219 2691 3292 semper
2738 3207 3109 3291 augustuS,
3155 3200 3492 3273 universis
3519 3184 3788 3297 imperii

978 3320 1295 3393 fidelibus
1330 3330 1713 3416 presentem
1750 3320 2010 3391 literam
2044 3320 2299 3392 visuris
2332 3320 2622 3413 gratiam
2660 3343 2854 3394 suam
2885 3330 2955 3393 et
2977 3342 3183 3395 omne
3208 3324 3494 3397 bonum.
3531 3327 3787 3399 Notum

976 3442 1120 3515 fieri
1156 3446 1477 3516 volumus
1491 3443 1836 3516 universis
1853 3418 2045 3537 quod
2067 3464 2192 3515 nos
2220 3442 2650 3516 attendentes
2688 3445 2928 3517 merita
2964 3446 3190 3519 dilecti
3216 3449 3541 3542 principis
3573 3450 3786 3522 nostri

978 3566 1388 3638 venerabilis
1422 3565 1815 3638 Basiliensis
1853 3565 2193 3660 episcopi,
2234 3565 2666 3638 attendentes
2697 3567 3177 3639 nichilominus
3208 3569 3535 3642 honorem
3579 3582 3649 3643 et
3668 3574 3787 3664 jus

974 3689 1258 3762 ecclesie
1294 3698 1362 3760 et
1395 3690 1690 3783 qualiter
1727 3690 1799 3759 in
1822 3688 1989 3761 flore
2023 3686 2187 3760 fidei
2223 3697 2292 3760 et
2315 3689 2704 3761 constancie
2733 3689 2935 3761 nobis
2959 3700 3027 3762 et
3055 3692 3609 3785 progenitoribus
3627 3718 3785 3768 nos-

977 3812 1098 3884 tris
1127 3833 1397 3908 semper
1431 3813 1699 3885 adhesit
1727 3834 1809 3885 ac
1837 3812 2090 3883 assistit
2116 3811 2406 3884 fideliter
2436 3821 2506 3884 et
2534 3811 2822 3902 devote,
2856 3817 3061 3906 juxta
3091 3814 3401 3887 debitum
3426 3818 3615 3908 regie
3639 3842 3786 3896 ma·

968 3937 1259 4027 jestatis‚
1284 3958 1374 4008 ne
1399 3937 1799 4010 videremur
1825 3936 1896 4007 in
1925 3935 2292 4008 dilectione
2315 3958 2457 4030 qua
2484 3936 2796 4008 fovemus
2823 3945 2892 4008 et
2918 3959 3188 4033 semper
3210 3940 3442 4013 fovere
3466 3942 3790 4015 volumus

977 4060 1201 4154 ipsum
1234 4061 1638 4155 episcopum
1662 4069 1733 4132 et
1764 4061 2127 4132 ecclesiam
2158 4059 2602 4133 Basiliensem
2642 4060 3019 4155 aliquando
3054 4063 3417 4155 vacillare,
3460 4067 3786 4140 universa

968 4187 1125 4275 jura
1159 4183 1468 4279 predicto
1494 4184 1818 4278 episcopo
1846 4195 1916 4255 et
1950 4185 2237 4256 ecclesie
2264 4193 2616 4279 prenotate
2650 4206 2769 4278 per
2800 4185 3197 4280 privilegia,
3242 4209 3366 4282 per
3415 4203 3782 4264 consuetu·

978 4307 1176 4379 dines
1202 4307 1351 4379 sive
1386 4305 1916 4379 constituciones
1931 4308 2070 4399 juri
2096 4328 2431 4388 consonas
2449 4299 2506 4380 ¹a
2532 4308 2809 4401 regibus
2830 4309 2978 4381 sive
3004 4309 3525 4404 imperatoribus
3560 4316 3675 4386 vel
3695 4314 3786 4387 ab

978 4430 1186 4501 altero
1215 4430 1327 4500 cui
1367 4429 1438 4502 id
1472 4430 1668 4501 licuit
1714 4429 2135 4521 introducta,
2197 4430 2375 4503 sicut
2412 4453 2494 4502 ea
2522 4434 2752 4503 omnia
2788 4453 3010 4525 usque
3055 4433 3149 4505 ad
3203 4444 3434 4507 nostra
3480 4446 3783 4532 tempora

977 4553 1207 4644 quiete
1246 4564 1313 4626 et
1362 4552 1647 4649 pacifice
1700 4555 2214 4650 perduxerunt,
2266 4556 2358 4626 ita
2396 4556 2623 4649 ipsum
2657 4555 3049 4650 episcopum
3093 4566 3161 4628 et
3196 4558 3552 4631 ecclesiam
3580 4564 3784 4635 Basi-

981 4676 1259 4749 liensem
1290 4678 1360 4748 in
1389 4679 1713 4751 omnibus
1747 4688 2233 4753 conservantes
2260 4680 2565 4772 gaudere
2600 4680 2921 4751 volumus
2953 4678 3183 4754 debita
3212 4681 3547 4758 libertate.
