<?xml version="1.0" encoding="UTF-8"?>
<!DOCTYPE html PUBLIC "-//W3C//DTD XHTML 1.0 Transitional//EN"
    "http://www.w3.org/TR/xhtml1/DTD/xhtml1-transitional.dtd">
<html xmlns="http://www.w3.org/1999/xhtml" xml:lang="en" lang="en">
 <head>
  <title>
</title>
<meta http-equiv="Content-Type" content="text/html;charset=utf-8" />
  <meta name='ocr-system' content='tesseract 3.04.00' />
  <meta name='ocr-capabilities' content='ocr_page ocr_carea ocr_par ocr_line ocrx_word'/>
</head>
<body>
  <div class='ocr_page' id='page_1' title='image "./historiadiploma01degoog_0368.png"; bbox 0 0 4842 5802; ppageno 0'>
   <div class='ocr_carea' id='block_1_1' title="bbox 1132 654 3978 741">
    <p class='ocr_par' dir='ltr' id='par_1_1' title="bbox 1132 654 3978 741">
     <span class='ocr_line' id='line_1_1' title="bbox 1132 654 3978 741; baseline -0.003 -20"><span class='ocrx_word' id='word_1_1' title='bbox 1132 656 1255 721; x_wconf 72' lang='lat'>848</span> <span class='ocrx_word' id='word_1_2' title='bbox 2133 661 2571 723; x_wconf 81' lang='lat' dir='ltr'>FRIDERICI</span> <span class='ocrx_word' id='word_1_3' title='bbox 2626 654 2975 723; x_wconf 73' lang='lat' dir='ltr'>ssscmml</span> <span class='ocrx_word' id='word_1_4' title='bbox 3570 663 3738 741; x_wconf 73' lang='lat' dir='ltr'>[Arm.</span> <span class='ocrx_word' id='word_1_5' title='bbox 3772 661 3978 725; x_wconf 55' lang='lat' dir='ltr'>123ss</span> 
     </span>
    </p>
   </div>
   <div class='ocr_carea' id='block_1_2' title="bbox 1130 792 3965 4364">
    <p class='ocr_par' dir='ltr' id='par_1_2' title="bbox 1130 792 3965 4364">
     <span class='ocr_line' id='line_1_2' title="bbox 1132 792 3954 893; baseline 0.001 -25"><span class='ocrx_word' id='word_1_6' title='bbox 1132 793 1492 868; x_wconf 85' lang='lat' dir='ltr'>evidenter</span> <span class='ocrx_word' id='word_1_7' title='bbox 1524 794 2000 888; x_wconf 86' lang='lat' dir='ltr'>agnoscimus,</span> <span class='ocrx_word' id='word_1_8' title='bbox 2043 804 2115 869; x_wconf 90' lang='lat' dir='ltr'>et</span> <span class='ocrx_word' id='word_1_9' title='bbox 2143 797 2437 871; x_wconf 91' lang='lat' dir='ltr'>aliorum</span> <span class='ocrx_word' id='word_1_10' title='bbox 2481 820 2610 872; x_wconf 91' lang='lat' dir='ltr'>nos</span> <span class='ocrx_word' id='word_1_11' title='bbox 2652 819 2805 871; x_wconf 66' lang='lat' dir='ltr'>effic</span> <span class='ocrx_word' id='word_1_12' title='bbox 2838 795 3298 893; x_wconf 81' lang='lat' dir='ltr'>prospicimus</span> <span class='ocrx_word' id='word_1_13' title='bbox 3331 792 3726 872; x_wconf 82' lang='lat' dir='ltr'>creditores.</span> <span class='ocrx_word' id='word_1_14' title='bbox 3775 799 3954 871; x_wconf 88' lang='lat' dir='ltr'>Hinc</span> 
     </span>
     <span class='ocr_line' id='line_1_3' title="bbox 1141 917 3955 1017; baseline 0.001 -27"><span class='ocrx_word' id='word_1_15' title='bbox 1141 918 1351 1013; x_wconf 88' lang='lat' dir='ltr'>igitur</span> <span class='ocrx_word' id='word_1_16' title='bbox 1372 918 1708 1013; x_wconf 91' lang='lat' dir='ltr'>pulsantis</span> <span class='ocrx_word' id='word_1_17' title='bbox 1729 917 1821 992; x_wconf 93' lang='lat' dir='ltr'>ad</span> <span class='ocrx_word' id='word_1_18' title='bbox 1848 920 2098 993; x_wconf 92' lang='lat' dir='ltr'>ostium</span> <span class='ocrx_word' id='word_1_19' title='bbox 2126 922 2482 995; x_wconf 75' lang='lat' dir='ltr'>creditoris</span> <span class='ocrx_word' id='word_1_20' title='bbox 2495 925 2683 1016; x_wconf 88' lang='lat' dir='ltr'>justa</span> <span class='ocrx_word' id='word_1_21' title='bbox 2706 943 2834 995; x_wconf 94' lang='lat' dir='ltr'>nos</span> <span class='ocrx_word' id='word_1_22' title='bbox 2853 931 3052 1014; x_wconf 89' lang='lat' dir='ltr'>urget</span> <span class='ocrx_word' id='word_1_23' title='bbox 3075 919 3396 994; x_wconf 91' lang='lat' dir='ltr'>instantia</span> <span class='ocrx_word' id='word_1_24' title='bbox 3420 942 3511 994; x_wconf 89' lang='lat' dir='ltr'>ne</span> <span class='ocrx_word' id='word_1_25' title='bbox 3536 923 3769 995; x_wconf 84' lang='lat' dir='ltr'>fenore</span> <span class='ocrx_word' id='word_1_26' title='bbox 3798 941 3955 1017; x_wconf 88' lang='lat' dir='ltr'>pre-</span> 
     </span>
     <span class='ocr_line' id='line_1_4' title="bbox 1136 1041 3955 1140; baseline 0.001 -26"><span class='ocrx_word' id='word_1_27' title='bbox 1136 1063 1508 1137; x_wconf 87' lang='lat' dir='ltr'>gravemur</span> <span class='ocrx_word' id='word_1_28' title='bbox 1544 1068 1563 1113; x_wconf 86' lang='lat'>:</span> <span class='ocrx_word' id='word_1_29' title='bbox 1604 1041 1768 1115; x_wconf 88' lang='lat' dir='ltr'>hinc</span> <span class='ocrx_word' id='word_1_30' title='bbox 1803 1044 1898 1118; x_wconf 91' lang='lat' dir='ltr'>ad</span> <span class='ocrx_word' id='word_1_31' title='bbox 1934 1046 2365 1120; x_wconf 79' lang='lat' dir='ltr'><strong>exactionem</strong></span> <span class='ocrx_word' id='word_1_32' title='bbox 2396 1046 2786 1120; x_wconf 90' lang='lat' dir='ltr'>debitorum</span> <span class='ocrx_word' id='word_1_33' title='bbox 2828 1054 3216 1117; x_wconf 89' lang='lat' dir='ltr'>nostrorum</span> <span class='ocrx_word' id='word_1_34' title='bbox 3253 1046 3636 1140; x_wconf 87' lang='lat' dir='ltr'>periculosa</span> <span class='ocrx_word' id='word_1_35' title='bbox 3673 1045 3955 1117; x_wconf 92' lang='lat' dir='ltr'>immis-</span> 
     </span>
     <span class='ocr_line' id='line_1_5' title="bbox 1139 1165 3956 1265; baseline 0 -25"><span class='ocrx_word' id='word_1_36' title='bbox 1139 1188 1303 1240; x_wconf 90' lang='lat' dir='ltr'>cens</span> <span class='ocrx_word' id='word_1_37' title='bbox 1333 1165 1427 1263; x_wconf 87' lang='lat' dir='ltr'>(a)</span> <span class='ocrx_word' id='word_1_38' title='bbox 1451 1188 1606 1239; x_wconf 93' lang='lat' dir='ltr'>sese</span> <span class='ocrx_word' id='word_1_39' title='bbox 1639 1168 1948 1261; x_wconf 80' lang='lat' dir='ltr'>negociis</span> <span class='ocrx_word' id='word_1_40' title='bbox 1982 1189 2173 1240; x_wconf 89' lang='lat' dir='ltr'>mora</span> <span class='ocrx_word' id='word_1_41' title='bbox 2210 1191 2338 1243; x_wconf 92' lang='lat' dir='ltr'>nos</span> <span class='ocrx_word' id='word_1_42' title='bbox 2368 1178 2698 1265; x_wconf 87' lang='lat' dir='ltr'>provocat</span> <span class='ocrx_word' id='word_1_43' title='bbox 2725 1190 2814 1241; x_wconf 88' lang='lat' dir='ltr'>ne</span> <span class='ocrx_word' id='word_1_44' title='bbox 2840 1170 2992 1264; x_wconf 92' lang='lat' dir='ltr'>ipse</span> <span class='ocrx_word' id='word_1_45' title='bbox 3024 1180 3308 1263; x_wconf 87' lang='lat' dir='ltr'>pereant</span> <span class='ocrx_word' id='word_1_46' title='bbox 3334 1169 3663 1241; x_wconf 89' lang='lat' dir='ltr'>actiones.</span> <span class='ocrx_word' id='word_1_47' title='bbox 3694 1166 3806 1241; x_wconf 90' lang='lat' dir='ltr'>Ab</span> <span class='ocrx_word' id='word_1_48' title='bbox 3836 1169 3956 1241; x_wconf 93' lang='lat' dir='ltr'>illo</span> 
     </span>
     <span class='ocr_line' id='line_1_6' title="bbox 1135 1291 3956 1387; baseline 0.001 -24"><span class='ocrx_word' id='word_1_49' title='bbox 1135 1312 1437 1385; x_wconf 87' lang='lat' dir='ltr'>namque</span> <span class='ocrx_word' id='word_1_50' title='bbox 1482 1291 1665 1363; x_wconf 93' lang='lat' dir='ltr'>bono</span> <span class='ocrx_word' id='word_1_51' title='bbox 1716 1292 2206 1386; x_wconf 80' lang='lat' dir='ltr'>patrefamilias</span> <span class='ocrx_word' id='word_1_52' title='bbox 2256 1294 2568 1387; x_wconf 90' lang='lat' dir='ltr'>protinus</span> <span class='ocrx_word' id='word_1_53' title='bbox 2619 1302 2688 1365; x_wconf 87' lang='lat' dir='ltr'>et</span> <span class='ocrx_word' id='word_1_54' title='bbox 2742 1294 3070 1366; x_wconf 89' lang='lat' dir='ltr'>instanter</span> <span class='ocrx_word' id='word_1_55' title='bbox 3122 1313 3167 1364; x_wconf 90' lang='lat' dir='ltr'>a</span> <span class='ocrx_word' id='word_1_56' title='bbox 3207 1292 3412 1365; x_wconf 90' lang='lat' dir='ltr'>nobis</span> <span class='ocrx_word' id='word_1_57' title='bbox 3468 1292 3773 1387; x_wconf 79' lang='lat' dir='ltr'>exigitur</span> <span class='ocrx_word' id='word_1_58' title='bbox 3815 1292 3956 1366; x_wconf 90' lang='lat' dir='ltr'>de-</span> 
     </span>
     <span class='ocr_line' id='line_1_7' title="bbox 1133 1415 3957 1512; baseline 0.001 -25"><span class='ocrx_word' id='word_1_59' title='bbox 1133 1415 1382 1503; x_wconf 88' lang='lat' dir='ltr'>bitum,</span> <span class='ocrx_word' id='word_1_60' title='bbox 1419 1416 1542 1510; x_wconf 92' lang='lat' dir='ltr'>qui</span> <span class='ocrx_word' id='word_1_61' title='bbox 1580 1436 1868 1510; x_wconf 89' lang='lat' dir='ltr'>peregre</span> <span class='ocrx_word' id='word_1_62' title='bbox 1903 1415 2368 1511; x_wconf 87' lang='lat' dir='ltr'>proficiscens,</span> <span class='ocrx_word' id='word_1_63' title='bbox 2423 1417 2754 1490; x_wconf 84' lang='lat' dir='ltr'>familiam</span> <span class='ocrx_word' id='word_1_64' title='bbox 2790 1440 2988 1491; x_wconf 90' lang='lat' dir='ltr'>suam</span> <span class='ocrx_word' id='word_1_65' title='bbox 3022 1417 3468 1490; x_wconf 82' lang='lat' dir='ltr'>sollicitudini</span> <span class='ocrx_word' id='word_1_66' title='bbox 3518 1427 3747 1491; x_wconf 88' lang='lat' dir='ltr'>nostre</span> <span class='ocrx_word' id='word_1_67' title='bbox 3784 1440 3957 1512; x_wconf 90' lang='lat' dir='ltr'>sup-</span> 
     </span>
     <span class='ocr_line' id='line_1_8' title="bbox 1137 1538 3955 1636; baseline 0.001 -25"><span class='ocrx_word' id='word_1_68' title='bbox 1137 1539 1395 1634; x_wconf 86' lang='lat' dir='ltr'>posuit,</span> <span class='ocrx_word' id='word_1_69' title='bbox 1432 1538 1544 1611; x_wconf 89' lang='lat' dir='ltr'>cui</span> <span class='ocrx_word' id='word_1_70' title='bbox 1578 1540 1834 1612; x_wconf 88' lang='lat' dir='ltr'>talenta</span> <span class='ocrx_word' id='word_1_71' title='bbox 1870 1561 2010 1633; x_wconf 90' lang='lat' dir='ltr'>que</span> <span class='ocrx_word' id='word_1_72' title='bbox 2043 1538 2330 1613; x_wconf 86' lang='lat' dir='ltr'>tradidit</span> <span class='ocrx_word' id='word_1_73' title='bbox 2372 1540 2665 1615; x_wconf 86' lang='lat' dir='ltr'>reddere</span> <span class='ocrx_word' id='word_1_74' title='bbox 2710 1542 3020 1636; x_wconf 84' lang='lat' dir='ltr'>cogimur</span> <span class='ocrx_word' id='word_1_75' title='bbox 3057 1541 3429 1635; x_wconf 88' lang='lat' dir='ltr'>duplicata.</span> <span class='ocrx_word' id='word_1_76' title='bbox 3470 1541 3606 1614; x_wconf 93' lang='lat' dir='ltr'>Sed</span> <span class='ocrx_word' id='word_1_77' title='bbox 3650 1551 3722 1614; x_wconf 89' lang='lat' dir='ltr'>et</span> <span class='ocrx_word' id='word_1_78' title='bbox 3753 1562 3955 1614; x_wconf 85' lang='lat' dir='ltr'>versa</span> 
     </span>
     <span class='ocr_line' id='line_1_9' title="bbox 1137 1661 3956 1771; baseline 0.001 -38"><span class='ocrx_word' id='word_1_79' title='bbox 1137 1661 1295 1734; x_wconf 88' lang='lat' dir='ltr'>vice</span> <span class='ocrx_word' id='word_1_80' title='bbox 1339 1683 1467 1734; x_wconf 93' lang='lat' dir='ltr'>nos</span> <span class='ocrx_word' id='word_1_81' title='bbox 1516 1661 1773 1735; x_wconf 89' lang='lat' dir='ltr'>excitat</span> <span class='ocrx_word' id='word_1_82' title='bbox 1802 1661 2089 1736; x_wconf 76' lang='lat' dir='ltr'>Cesar-ee</span> <span class='ocrx_word' id='word_1_83' title='bbox 2123 1665 2396 1735; x_wconf 88' lang='lat' dir='ltr'>fortune</span> <span class='ocrx_word' id='word_1_84' title='bbox 2437 1663 2825 1758; x_wconf 84' lang='lat' dir='ltr'>fastigium,</span> <span class='ocrx_word' id='word_1_85' title='bbox 2873 1673 2954 1736; x_wconf 89' lang='lat' dir='ltr'>ut</span> <span class='ocrx_word' id='word_1_86' title='bbox 2987 1664 3079 1737; x_wconf 88' lang='lat' dir='ltr'>ab</span> <span class='ocrx_word' id='word_1_87' title='bbox 3112 1666 3247 1755; x_wconf 89' lang='lat' dir='ltr'>eis,</span> <span class='ocrx_word' id='word_1_88' title='bbox 3287 1686 3465 1759; x_wconf 92' lang='lat' dir='ltr'>quos</span> <span class='ocrx_word' id='word_1_89' title='bbox 3498 1666 3801 1771; x_wconf 75' lang='lat' dir='ltr'>Romane</span> <span class='ocrx_word' id='word_1_90' title='bbox 3837 1664 3956 1737; x_wconf 92' lang='lat' dir='ltr'>di-</span> 
     </span>
     <span class='ocr_line' id='line_1_10' title="bbox 1136 1785 3948 1884; baseline 0.001 -28"><span class='ocrx_word' id='word_1_91' title='bbox 1136 1785 1343 1857; x_wconf 88' lang='lat' dir='ltr'>tionis</span> <span class='ocrx_word' id='word_1_92' title='bbox 1400 1785 1609 1859; x_wconf 90' lang='lat' dir='ltr'>habet</span> <span class='ocrx_word' id='word_1_93' title='bbox 1655 1786 2052 1880; x_wconf 86' lang='lat' dir='ltr'>imperium,</span> <span class='ocrx_word' id='word_1_94' title='bbox 2113 1786 2557 1878; x_wconf 86' lang='lat' dir='ltr'>subjectionis</span> <span class='ocrx_word' id='word_1_95' title='bbox 2612 1797 2684 1860; x_wconf 90' lang='lat' dir='ltr'>et</span> <span class='ocrx_word' id='word_1_96' title='bbox 2736 1788 3129 1862; x_wconf 88' lang='lat' dir='ltr'>obedientie</span> <span class='ocrx_word' id='word_1_97' title='bbox 3188 1788 3501 1862; x_wconf 87' lang='lat' dir='ltr'>debitum</span> <span class='ocrx_word' id='word_1_98' title='bbox 3557 1789 3948 1884; x_wconf 86' lang='lat' dir='ltr'>exigamus.</span> 
     </span>
     <span class='ocr_line' id='line_1_11' title="bbox 1138 1909 3949 2004; baseline 0.001 -23"><span class='ocrx_word' id='word_1_99' title='bbox 1138 1909 1450 1982; x_wconf 86' lang='lat' dir='ltr'>Mirabile</span> <span class='ocrx_word' id='word_1_100' title='bbox 1513 1920 1741 1983; x_wconf 90' lang='lat' dir='ltr'>tamen</span> <span class='ocrx_word' id='word_1_101' title='bbox 1796 1910 2199 1983; x_wconf 88' lang='lat' dir='ltr'>utrumlibet</span> <span class='ocrx_word' id='word_1_102' title='bbox 2241 1910 2651 1985; x_wconf 90' lang='lat' dir='ltr'>conditionis</span> <span class='ocrx_word' id='word_1_103' title='bbox 2691 1920 2796 1984; x_wconf 88' lang='lat' dir='ltr'>est</span> <span class='ocrx_word' id='word_1_104' title='bbox 2843 1912 3189 2004; x_wconf 89' lang='lat' dir='ltr'>debitum,</span> <span class='ocrx_word' id='word_1_105' title='bbox 3240 1913 3301 1984; x_wconf 95' lang='lat' dir='ltr'>si</span> <span class='ocrx_word' id='word_1_106' title='bbox 3343 1912 3682 1986; x_wconf 89' lang='lat' dir='ltr'>subtiliter</span> <span class='ocrx_word' id='word_1_107' title='bbox 3721 1913 3949 1985; x_wconf 90' lang='lat' dir='ltr'>intue-</span> 
     </span>
     <span class='ocr_line' id='line_1_12' title="bbox 1143 2032 3958 2132; baseline 0.001 -27"><span class='ocrx_word' id='word_1_108' title='bbox 1143 2055 1302 2106; x_wconf 91' lang='lat' dir='ltr'>mur</span> <span class='ocrx_word' id='word_1_109' title='bbox 1361 2032 1476 2132; x_wconf 80' lang='lat' dir='ltr'>(b),</span> <span class='ocrx_word' id='word_1_110' title='bbox 1544 2034 1746 2127; x_wconf 90' lang='lat' dir='ltr'>cujus</span> <span class='ocrx_word' id='word_1_111' title='bbox 1802 2034 2052 2107; x_wconf 92' lang='lat' dir='ltr'>solutio</span> <span class='ocrx_word' id='word_1_112' title='bbox 2111 2034 2439 2109; x_wconf 87' lang='lat' dir='ltr'>debitoris</span> <span class='ocrx_word' id='word_1_113' title='bbox 2495 2036 2957 2109; x_wconf 91' lang='lat' dir='ltr'>emolumenta</span> <span class='ocrx_word' id='word_1_114' title='bbox 3011 2058 3150 2109; x_wconf 88' lang='lat' dir='ltr'>non</span> <span class='ocrx_word' id='word_1_115' title='bbox 3209 2036 3503 2127; x_wconf 88' lang='lat' dir='ltr'>minuit,</span> <span class='ocrx_word' id='word_1_116' title='bbox 3566 2035 3694 2110; x_wconf 89' lang='lat' dir='ltr'>sed</span> <span class='ocrx_word' id='word_1_117' title='bbox 3745 2045 3958 2129; x_wconf 90' lang='lat' dir='ltr'>auget</span> 
     </span>
     <span class='ocr_line' id='line_1_13' title="bbox 1139 2153 3957 2255; baseline 0.002 -29"><span class='ocrx_word' id='word_1_118' title='bbox 1139 2153 1391 2247; x_wconf 86' lang='lat' dir='ltr'>fidem;</span> <span class='ocrx_word' id='word_1_119' title='bbox 1425 2158 1566 2229; x_wconf 93' lang='lat' dir='ltr'>imo</span> <span class='ocrx_word' id='word_1_120' title='bbox 1605 2157 1900 2230; x_wconf 90' lang='lat' dir='ltr'>solventi</span> <span class='ocrx_word' id='word_1_121' title='bbox 1935 2157 2159 2250; x_wconf 91' lang='lat' dir='ltr'>magis</span> <span class='ocrx_word' id='word_1_122' title='bbox 2206 2158 2413 2230; x_wconf 86' lang='lat' dir='ltr'>etiam</span> <span class='ocrx_word' id='word_1_123' title='bbox 2450 2159 2693 2232; x_wconf 87' lang='lat' dir='ltr'>crescit</span> <span class='ocrx_word' id='word_1_124' title='bbox 2728 2159 2799 2230; x_wconf 94' lang='lat' dir='ltr'>in</span> <span class='ocrx_word' id='word_1_125' title='bbox 2851 2158 3249 2249; x_wconf 89' lang='lat' dir='ltr'>commod0,</span> <span class='ocrx_word' id='word_1_126' title='bbox 3290 2181 3500 2254; x_wconf 91' lang='lat' dir='ltr'>quam</span> <span class='ocrx_word' id='word_1_127' title='bbox 3556 2159 3957 2255; x_wconf 88' lang='lat' dir='ltr'>suscipienti</span> 
     </span>
     <span class='ocr_line' id='line_1_14' title="bbox 1138 2279 3959 2378; baseline 0.001 -26"><span class='ocrx_word' id='word_1_128' title='bbox 1138 2279 1449 2374; x_wconf 86' lang='lat' dir='ltr'>proficiat</span> <span class='ocrx_word' id='word_1_129' title='bbox 1497 2280 1570 2351; x_wconf 89' lang='lat' dir='ltr'>in</span> <span class='ocrx_word' id='word_1_130' title='bbox 1606 2290 2005 2373; x_wconf 89' lang='lat' dir='ltr'>augmento.</span> <span class='ocrx_word' id='word_1_131' title='bbox 2049 2281 2357 2354; x_wconf 86' lang='lat' dir='ltr'>Ceterum</span> <span class='ocrx_word' id='word_1_132' title='bbox 2395 2282 2453 2354; x_wconf 93' lang='lat' dir='ltr'>si</span> <span class='ocrx_word' id='word_1_133' title='bbox 2500 2283 2571 2353; x_wconf 88' lang='lat' dir='ltr'>in</span> <span class='ocrx_word' id='word_1_134' title='bbox 2608 2304 2734 2374; x_wconf 87' lang='lat' dir='ltr'>ee,</span> <span class='ocrx_word' id='word_1_135' title='bbox 2774 2291 2975 2378; x_wconf 91' lang='lat' dir='ltr'>prout</span> <span class='ocrx_word' id='word_1_136' title='bbox 3022 2283 3115 2356; x_wconf 94' lang='lat' dir='ltr'>de</span> <span class='ocrx_word' id='word_1_137' title='bbox 3158 2284 3318 2375; x_wconf 88' lang='lat' dir='ltr'>jure</span> <span class='ocrx_word' id='word_1_138' title='bbox 3363 2292 3704 2374; x_wconf 86' lang='lat' dir='ltr'>tenemur,</span> <span class='ocrx_word' id='word_1_139' title='bbox 3760 2284 3959 2356; x_wconf 84' lang='lat' dir='ltr'>satis-</span> 
     </span>
     <span class='ocr_line' id='line_1_15' title="bbox 1138 2403 3957 2503; baseline 0.002 -29"><span class='ocrx_word' id='word_1_140' title='bbox 1138 2403 1472 2476; x_wconf 84' lang='lat' dir='ltr'>faciamus</span> <span class='ocrx_word' id='word_1_141' title='bbox 1516 2406 1924 2499; x_wconf 83' lang='lat' dir='ltr'>proponenti</span> <span class='ocrx_word' id='word_1_142' title='bbox 1958 2414 2029 2478; x_wconf 89' lang='lat' dir='ltr'>et</span> <span class='ocrx_word' id='word_1_143' title='bbox 2059 2406 2384 2501; x_wconf 89' lang='lat' dir='ltr'>propositi</span> <span class='ocrx_word' id='word_1_144' title='bbox 2425 2404 2512 2503; x_wconf 88' lang='lat' dir='ltr'>(c)</span> <span class='ocrx_word' id='word_1_145' title='bbox 2569 2407 2937 2500; x_wconf 89' lang='lat' dir='ltr'>diligenter</span> <span class='ocrx_word' id='word_1_146' title='bbox 2977 2407 3282 2480; x_wconf 89' lang='lat' dir='ltr'>officium</span> <span class='ocrx_word' id='word_1_147' title='bbox 3325 2407 3841 2503; x_wconf 87' lang='lat' dir='ltr'>impendamus,</span> <span class='ocrx_word' id='word_1_148' title='bbox 3887 2415 3957 2480; x_wconf 89' lang='lat' dir='ltr'>et</span> 
     </span>
     <span class='ocr_line' id='line_1_16' title="bbox 1136 2528 3958 2625; baseline 0.001 -25"><span class='ocrx_word' id='word_1_149' title='bbox 1136 2528 1525 2623; x_wconf 89' lang='lat' dir='ltr'>temporalis</span> <span class='ocrx_word' id='word_1_150' title='bbox 1560 2529 1838 2602; x_wconf 90' lang='lat' dir='ltr'>honoris</span> <span class='ocrx_word' id='word_1_151' title='bbox 1879 2529 2226 2625; x_wconf 87' lang='lat' dir='ltr'>stipendia</span> <span class='ocrx_word' id='word_1_152' title='bbox 2278 2531 2665 2624; x_wconf 88' lang='lat' dir='ltr'>querimus,</span> <span class='ocrx_word' id='word_1_153' title='bbox 2707 2530 2876 2604; x_wconf 91' lang='lat' dir='ltr'>dum</span> <span class='ocrx_word' id='word_1_154' title='bbox 2899 2530 3357 2604; x_wconf 86' lang='lat' dir='ltr'>clarificamur</span> <span class='ocrx_word' id='word_1_155' title='bbox 3393 2531 3469 2602; x_wconf 90' lang='lat' dir='ltr'>in</span> <span class='ocrx_word' id='word_1_156' title='bbox 3499 2533 3716 2622; x_wconf 81' lang='lat' dir='ltr'>fama,</span> <span class='ocrx_word' id='word_1_157' title='bbox 3748 2541 3816 2604; x_wconf 88' lang='lat' dir='ltr'>et</span> <span class='ocrx_word' id='word_1_158' title='bbox 3847 2552 3958 2604; x_wconf 90' lang='lat' dir='ltr'>re·</span> 
     </span>
     <span class='ocr_line' id='line_1_17' title="bbox 1137 2652 3957 2750; baseline 0.001 -28"><span class='ocrx_word' id='word_1_159' title='bbox 1137 2652 1533 2725; x_wconf 88' lang='lat' dir='ltr'>tributionis</span> <span class='ocrx_word' id='word_1_160' title='bbox 1593 2663 1828 2727; x_wconf 89' lang='lat' dir='ltr'>eterne</span> <span class='ocrx_word' id='word_1_161' title='bbox 1878 2652 2203 2726; x_wconf 87' lang='lat' dir='ltr'>fiduciam</span> <span class='ocrx_word' id='word_1_162' title='bbox 2267 2654 2657 2728; x_wconf 88' lang='lat' dir='ltr'>obtinemus</span> <span class='ocrx_word' id='word_1_163' title='bbox 2680 2708 2702 2746; x_wconf 91' lang='lat'>,</span> <span class='ocrx_word' id='word_1_164' title='bbox 2762 2655 2931 2729; x_wconf 92' lang='lat' dir='ltr'>dum</span> <span class='ocrx_word' id='word_1_165' title='bbox 2992 2654 3390 2750; x_wconf 73' lang='lat' dir='ltr'>proficimus</span> <span class='ocrx_word' id='word_1_166' title='bbox 3446 2655 3518 2727; x_wconf 90' lang='lat' dir='ltr'>in</span> <span class='ocrx_word' id='word_1_167' title='bbox 3569 2656 3817 2728; x_wconf 91' lang='lat' dir='ltr'>salute.</span> <span class='ocrx_word' id='word_1_168' title='bbox 3878 2656 3957 2727; x_wconf 89' lang='lat' dir='ltr'>In</span> 
     </span>
     <span class='ocr_line' id='line_1_18' title="bbox 1130 2775 3960 2875; baseline 0.002 -28"><span class='ocrx_word' id='word_1_169' title='bbox 1130 2777 1331 2869; x_wconf 90' lang='lat' dir='ltr'>jussu</span> <span class='ocrx_word' id='word_1_170' title='bbox 1374 2775 1759 2868; x_wconf 90' lang='lat' dir='ltr'>dominico,</span> <span class='ocrx_word' id='word_1_171' title='bbox 1806 2802 1844 2847; x_wconf 84' lang='lat'>«</span> <span class='ocrx_word' id='word_1_172' title='bbox 1886 2799 2024 2871; x_wconf 89' lang='lat' dir='ltr'>que</span> <span class='ocrx_word' id='word_1_173' title='bbox 2066 2789 2229 2851; x_wconf 88' lang='lat' dir='ltr'>sunt</span> <span class='ocrx_word' id='word_1_174' title='bbox 2263 2778 2383 2850; x_wconf 91' lang='lat' dir='ltr'>Dei</span> <span class='ocrx_word' id='word_1_175' title='bbox 2416 2780 2597 2873; x_wconf 91' lang='lat' dir='ltr'>Deo,</span> <span class='ocrx_word' id='word_1_176' title='bbox 2634 2787 2704 2851; x_wconf 93' lang='lat' dir='ltr'>et</span> <span class='ocrx_word' id='word_1_177' title='bbox 2736 2800 2876 2873; x_wconf 87' lang='lat' dir='ltr'>que</span> <span class='ocrx_word' id='word_1_178' title='bbox 2909 2787 3071 2852; x_wconf 90' lang='lat' dir='ltr'>sunt</span> <span class='ocrx_word' id='word_1_179' title='bbox 3102 2778 3362 2852; x_wconf 89' lang='lat' dir='ltr'>Cesaris</span> <span class='ocrx_word' id='word_1_180' title='bbox 3401 2778 3630 2852; x_wconf 87' lang='lat' dir='ltr'>Cesari</span> <span class='ocrx_word' id='word_1_181' title='bbox 3682 2779 3960 2875; x_wconf 90' lang='lat' dir='ltr'>persol-</span> 
     </span>
     <span class='ocr_line' id='line_1_19' title="bbox 1138 2903 3953 2998; baseline 0 -23"><span class='ocrx_word' id='word_1_182' title='bbox 1138 2910 1419 2993; x_wconf 82' lang='lat' dir='ltr'>vantur,</span> <span class='ocrx_word' id='word_1_183' title='bbox 1476 2927 1513 2970; x_wconf 68' lang='grc' dir='ltr'>ι)</span> <span class='ocrx_word' id='word_1_184' title='bbox 1553 2903 2092 2994; x_wconf 84' lang='lat' dir='ltr'>emolumentum</span> <span class='ocrx_word' id='word_1_185' title='bbox 2154 2903 2516 2976; x_wconf 88' lang='lat' dir='ltr'>solutionis</span> <span class='ocrx_word' id='word_1_186' title='bbox 2575 2904 2648 2974; x_wconf 89' lang='lat' dir='ltr'>in</span> <span class='ocrx_word' id='word_1_187' title='bbox 2700 2912 2919 2975; x_wconf 89' lang='lat' dir='ltr'>totum</span> <span class='ocrx_word' id='word_1_188' title='bbox 2970 2904 3114 2976; x_wconf 89' lang='lat' dir='ltr'>fere</span> <span class='ocrx_word' id='word_1_189' title='bbox 3173 2903 3467 2975; x_wconf 88' lang='lat' dir='ltr'>solventi</span> <span class='ocrx_word' id='word_1_190' title='bbox 3518 2903 3953 2998; x_wconf 84' lang='lat' dir='ltr'>relinquitur,</span> 
     </span>
     <span class='ocr_line' id='line_1_20' title="bbox 1141 3021 3962 3120; baseline -0.001 -20"><span class='ocrx_word' id='word_1_191' title='bbox 1141 3027 1312 3100; x_wconf 93' lang='lat' dir='ltr'>dum</span> <span class='ocrx_word' id='word_1_192' title='bbox 1349 3025 1703 3120; x_wconf 89' lang='lat' dir='ltr'>recipienti</span> <span class='ocrx_word' id='word_1_193' title='bbox 1745 3025 1954 3098; x_wconf 89' lang='lat' dir='ltr'>etiam</span> <span class='ocrx_word' id='word_1_194' title='bbox 1996 3026 2218 3120; x_wconf 86' lang='lat' dir='ltr'>magis</span> <span class='ocrx_word' id='word_1_195' title='bbox 2273 3027 2617 3100; x_wconf 89' lang='lat' dir='ltr'>commodi</span> <span class='ocrx_word' id='word_1_196' title='bbox 2657 3021 2728 3099; x_wconf 88' lang='lat' dir='ltr'>et</span> <span class='ocrx_word' id='word_1_197' title='bbox 2774 3026 3053 3098; x_wconf 89' lang='lat' dir='ltr'>honoris</span> <span class='ocrx_word' id='word_1_198' title='bbox 3110 3026 3512 3119; x_wconf 89' lang='lat' dir='ltr'>acquiritur,</span> <span class='ocrx_word' id='word_1_199' title='bbox 3560 3048 3769 3120; x_wconf 90' lang='lat' dir='ltr'>quam</span> <span class='ocrx_word' id='word_1_200' title='bbox 3822 3027 3962 3098; x_wconf 90' lang='lat' dir='ltr'>sol-</span> 
     </span>
     <span class='ocr_line' id='line_1_21' title="bbox 1141 3148 3960 3247; baseline -0 -26"><span class='ocrx_word' id='word_1_201' title='bbox 1141 3150 1332 3221; x_wconf 85' lang='lat' dir='ltr'>venti</span> <span class='ocrx_word' id='word_1_202' title='bbox 1369 3148 1759 3222; x_wconf 85' lang='lat' dir='ltr'>vexationis</span> <span class='ocrx_word' id='word_1_203' title='bbox 1794 3159 1864 3221; x_wconf 92' lang='lat' dir='ltr'>et</span> <span class='ocrx_word' id='word_1_204' title='bbox 1891 3149 2117 3221; x_wconf 90' lang='lat' dir='ltr'>oneris</span> <span class='ocrx_word' id='word_1_205' title='bbox 2166 3160 2602 3243; x_wconf 85' lang='lat' dir='ltr'>aggregetur.</span> <span class='ocrx_word' id='word_1_206' title='bbox 2638 3149 2737 3222; x_wconf 92' lang='lat' dir='ltr'>Ea</span> <span class='ocrx_word' id='word_1_207' title='bbox 2789 3170 3091 3244; x_wconf 89' lang='lat' dir='ltr'>namque</span> <span class='ocrx_word' id='word_1_208' title='bbox 3126 3157 3290 3221; x_wconf 90' lang='lat' dir='ltr'>sunt</span> <span class='ocrx_word' id='word_1_209' title='bbox 3314 3149 3579 3239; x_wconf 91' lang='lat' dir='ltr'>omnia,</span> <span class='ocrx_word' id='word_1_210' title='bbox 3618 3148 3679 3220; x_wconf 90' lang='lat' dir='ltr'>si</span> <span class='ocrx_word' id='word_1_211' title='bbox 3715 3168 3960 3247; x_wconf 85' lang='lat' dir='ltr'>verum</span> 
     </span>
     <span class='ocr_line' id='line_1_22' title="bbox 1141 3271 3962 3368; baseline -0.001 -22"><span class='ocrx_word' id='word_1_212' title='bbox 1141 3273 1588 3368; x_wconf 88' lang='lat' dir='ltr'>respicimus,</span> <span class='ocrx_word' id='word_1_213' title='bbox 1630 3272 2093 3365; x_wconf 83' lang='lat' dir='ltr'>subjectorum</span> <span class='ocrx_word' id='word_1_214' title='bbox 2130 3281 2325 3365; x_wconf 89' lang='lat' dir='ltr'>grata</span> <span class='ocrx_word' id='word_1_215' title='bbox 2379 3273 2752 3362; x_wconf 88' lang='lat' dir='ltr'>levamina,</span> <span class='ocrx_word' id='word_1_216' title='bbox 2794 3293 2936 3368; x_wconf 92' lang='lat' dir='ltr'>que</span> <span class='ocrx_word' id='word_1_217' title='bbox 2974 3281 3135 3344; x_wconf 89' lang='lat' dir='ltr'>sunt</span> <span class='ocrx_word' id='word_1_218' title='bbox 3175 3273 3382 3345; x_wconf 90' lang='lat' dir='ltr'>etiam</span> <span class='ocrx_word' id='word_1_219' title='bbox 3425 3292 3635 3345; x_wconf 91' lang='lat' dir='ltr'>onera</span> <span class='ocrx_word' id='word_1_220' title='bbox 3692 3271 3962 3368; x_wconf 88' lang='lat' dir='ltr'>princi-</span> 
     </span>
     <span class='ocr_line' id='line_1_23' title="bbox 1140 3395 3963 3494; baseline -0.001 -23"><span class='ocrx_word' id='word_1_221' title='bbox 1140 3407 1347 3494; x_wconf 89' lang='lat' dir='ltr'>patus</span> <span class='ocrx_word' id='word_1_222' title='bbox 1389 3423 1407 3468; x_wconf 84' lang='lat'><strong>:</strong></span> <span class='ocrx_word' id='word_1_223' title='bbox 1446 3397 1519 3469; x_wconf 94' lang='lat' dir='ltr'>in</span> <span class='ocrx_word' id='word_1_224' title='bbox 1554 3395 1687 3471; x_wconf 91' lang='lat' dir='ltr'>hoc</span> <span class='ocrx_word' id='word_1_225' title='bbox 1719 3396 1904 3468; x_wconf 91' lang='lat' dir='ltr'>enim</span> <span class='ocrx_word' id='word_1_226' title='bbox 1940 3396 2158 3492; x_wconf 90' lang='lat' dir='ltr'>gloria</span> <span class='ocrx_word' id='word_1_227' title='bbox 2194 3396 2378 3490; x_wconf 88' lang='lat' dir='ltr'>regis</span> <span class='ocrx_word' id='word_1_228' title='bbox 2407 3396 2756 3469; x_wconf 89' lang='lat' dir='ltr'>extollitur</span> <span class='ocrx_word' id='word_1_229' title='bbox 2797 3405 2869 3469; x_wconf 89' lang='lat' dir='ltr'>et</span> <span class='ocrx_word' id='word_1_230' title='bbox 2912 3404 3253 3483; x_wconf 87' lang='lat' dir='ltr'>servatur,</span> <span class='ocrx_word' id='word_1_231' title='bbox 3295 3395 3356 3469; x_wconf 92' lang='lat' dir='ltr'>si</span> <span class='ocrx_word' id='word_1_232' title='bbox 3399 3396 3470 3468; x_wconf 91' lang='lat' dir='ltr'>in</span> <span class='ocrx_word' id='word_1_233' title='bbox 3505 3395 3739 3489; x_wconf 86' lang='lat' dir='ltr'>quiete</span> <span class='ocrx_word' id='word_1_234' title='bbox 3774 3396 3963 3491; x_wconf 91' lang='lat' dir='ltr'>pacis</span> 
     </span>
     <span class='ocr_line' id='line_1_24' title="bbox 1140 3517 3960 3618; baseline -0.001 -25"><span class='ocrx_word' id='word_1_235' title='bbox 1140 3523 1478 3618; x_wconf 91' lang='lat' dir='ltr'>populum</span> <span class='ocrx_word' id='word_1_236' title='bbox 1533 3519 1786 3615; x_wconf 90' lang='lat' dir='ltr'>dirigat</span> <span class='ocrx_word' id='word_1_237' title='bbox 1858 3530 1928 3593; x_wconf 91' lang='lat' dir='ltr'>et</span> <span class='ocrx_word' id='word_1_238' title='bbox 1975 3522 2046 3592; x_wconf 88' lang='lat' dir='ltr'>in</span> <span class='ocrx_word' id='word_1_239' title='bbox 2092 3520 2371 3612; x_wconf 86' lang='lat' dir='ltr'>justicie</span> <span class='ocrx_word' id='word_1_240' title='bbox 2417 3521 2662 3615; x_wconf 84' lang='lat' dir='ltr'>vigore</span> <span class='ocrx_word' id='word_1_241' title='bbox 2710 3530 3092 3594; x_wconf 87' lang='lat' dir='ltr'>conservet.</span> <span class='ocrx_word' id='word_1_242' title='bbox 3152 3517 3264 3592; x_wconf 87' lang='lat' dir='ltr'>Ad</span> <span class='ocrx_word' id='word_1_243' title='bbox 3309 3542 3607 3615; x_wconf 89' lang='lat' dir='ltr'>quarum</span> <span class='ocrx_word' id='word_1_244' title='bbox 3670 3520 3960 3617; x_wconf 90' lang='lat' dir='ltr'>primam</span> 
     </span>
     <span class='ocr_line' id='line_1_25' title="bbox 1144 3642 3964 3740; baseline -0.001 -22"><span class='ocrx_word' id='word_1_245' title='bbox 1144 3668 1285 3721; x_wconf 90' lang='lat' dir='ltr'>non</span> <span class='ocrx_word' id='word_1_246' title='bbox 1310 3647 1462 3722; x_wconf 91' lang='lat' dir='ltr'>sine</span> <span class='ocrx_word' id='word_1_247' title='bbox 1488 3646 1921 3740; x_wconf 86' lang='lat' dir='ltr'>regnantium</span> <span class='ocrx_word' id='word_1_248' title='bbox 1944 3644 2187 3717; x_wconf 87' lang='lat' dir='ltr'>salutis</span> <span class='ocrx_word' id='word_1_249' title='bbox 2217 3656 2286 3716; x_wconf 89' lang='lat' dir='ltr'>et</span> <span class='ocrx_word' id='word_1_250' title='bbox 2311 3644 2457 3718; x_wconf 86' lang='lat' dir='ltr'>vite</span> <span class='ocrx_word' id='word_1_251' title='bbox 2486 3642 2883 3718; x_wconf 89' lang='lat' dir='ltr'>discrimine</span> <span class='ocrx_word' id='word_1_252' title='bbox 2912 3645 3284 3717; x_wconf 89' lang='lat' dir='ltr'>laboratur.</span> <span class='ocrx_word' id='word_1_253' title='bbox 3313 3644 3636 3738; x_wconf 89' lang='lat' dir='ltr'>Legimus</span> <span class='ocrx_word' id='word_1_254' title='bbox 3662 3663 3964 3737; x_wconf 90' lang='lat' dir='ltr'>namque</span> 
     </span>
     <span class='ocr_line' id='line_1_26' title="bbox 1139 3767 3965 3868; baseline -0.001 -25"><span class='ocrx_word' id='word_1_255' title='bbox 1139 3772 1374 3868; x_wconf 89' lang='lat' dir='ltr'>plures</span> <span class='ocrx_word' id='word_1_256' title='bbox 1409 3792 1534 3866; x_wconf 89' lang='lat' dir='ltr'>pro</span> <span class='ocrx_word' id='word_1_257' title='bbox 1569 3770 1803 3864; x_wconf 90' lang='lat' dir='ltr'>quiete</span> <span class='ocrx_word' id='word_1_258' title='bbox 1835 3768 2115 3863; x_wconf 88' lang='lat' dir='ltr'>publica</span> <span class='ocrx_word' id='word_1_259' title='bbox 2157 3770 2568 3863; x_wconf 91' lang='lat' dir='ltr'>populorum</span> <span class='ocrx_word' id='word_1_260' title='bbox 2621 3769 2891 3842; x_wconf 87' lang='lat' dir='ltr'>labores</span> <span class='ocrx_word' id='word_1_261' title='bbox 2922 3767 3222 3843; x_wconf 89' lang='lat' dir='ltr'>eximios</span> <span class='ocrx_word' id='word_1_262' title='bbox 3275 3767 3732 3862; x_wconf 86' lang='lat' dir='ltr'>assumpsisse</span> <span class='ocrx_word' id='word_1_263' title='bbox 3773 3792 3792 3838; x_wconf 72' lang='grc' dir='ltr'>ι</span> <span class='ocrx_word' id='word_1_264' title='bbox 3832 3786 3965 3839; x_wconf 88' lang='lat' dir='ltr'>nec</span> 
     </span>
     <span class='ocr_line' id='line_1_27' title="bbox 1139 3889 3964 3988; baseline -0.002 -19"><span class='ocrx_word' id='word_1_265' title='bbox 1139 3918 1232 3970; x_wconf 88' lang='lat' dir='ltr'>ex</span> <span class='ocrx_word' id='word_1_266' title='bbox 1266 3903 1408 3968; x_wconf 89' lang='lat' dir='ltr'>toto</span> <span class='ocrx_word' id='word_1_267' title='bbox 1451 3914 1692 3966; x_wconf 90' lang='lat' dir='ltr'>secure</span> <span class='ocrx_word' id='word_1_268' title='bbox 1722 3892 2001 3986; x_wconf 88' lang='lat' dir='ltr'>justicia</span> <span class='ocrx_word' id='word_1_269' title='bbox 2030 3912 2153 3987; x_wconf 91' lang='lat' dir='ltr'>per</span> <span class='ocrx_word' id='word_1_270' title='bbox 2189 3913 2388 3986; x_wconf 90' lang='lat' dir='ltr'>reges</span> <span class='ocrx_word' id='word_1_271' title='bbox 2423 3900 2495 3964; x_wconf 89' lang='lat' dir='ltr'>et</span> <span class='ocrx_word' id='word_1_272' title='bbox 2533 3891 2878 3988; x_wconf 87' lang='lat' dir='ltr'>principes</span> <span class='ocrx_word' id='word_1_273' title='bbox 2916 3892 3366 3981; x_wconf 86' lang='lat' dir='ltr'>ministratur,</span> <span class='ocrx_word' id='word_1_274' title='bbox 3408 3890 3540 3984; x_wconf 87' lang='lat' dir='ltr'>qui.</span> <span class='ocrx_word' id='word_1_275' title='bbox 3567 3889 3736 3962; x_wconf 90' lang='lat' dir='ltr'>dum</span> <span class='ocrx_word' id='word_1_276' title='bbox 3773 3889 3964 3962; x_wconf 83' lang='lat' dir='ltr'>infe-</span> 
     </span>
     <span class='ocr_line' id='line_1_28' title="bbox 1141 4010 3964 4111; baseline -0.004 -19"><span class='ocrx_word' id='word_1_277' title='bbox 1141 4019 1357 4092; x_wconf 91' lang='lat' dir='ltr'>riores</span> <span class='ocrx_word' id='word_1_278' title='bbox 1395 4017 1742 4111; x_wconf 87' lang='lat' dir='ltr'>judioant,</span> <span class='ocrx_word' id='word_1_279' title='bbox 1788 4016 1921 4111; x_wconf 92' lang='lat' dir='ltr'>ipsi</span> <span class='ocrx_word' id='word_1_280' title='bbox 1980 4016 2319 4110; x_wconf 88' lang='lat' dir='ltr'>superiori</span> <span class='ocrx_word' id='word_1_281' title='bbox 2356 4013 2627 4106; x_wconf 88' lang='lat' dir='ltr'>judicio</span> <span class='ocrx_word' id='word_1_282' title='bbox 2680 4024 3145 4089; x_wconf 87' lang='lat' dir='ltr'>reservantur.</span> <span class='ocrx_word' id='word_1_283' title='bbox 3202 4012 3288 4085; x_wconf 91' lang='lat' dir='ltr'>Et</span> <span class='ocrx_word' id='word_1_284' title='bbox 3336 4033 3735 4107; x_wconf 87' lang='lat' dir='ltr'>quanquam</span> <span class='ocrx_word' id='word_1_285' title='bbox 3790 4010 3964 4083; x_wconf 88' lang='lat' dir='ltr'>tanti</span> 
     </span>
     <span class='ocr_line' id='line_1_29' title="bbox 1140 4134 3963 4237; baseline -0.005 -20"><span class='ocrx_word' id='word_1_286' title='bbox 1140 4141 1503 4217; x_wconf 87' lang='lat' dir='ltr'>solicitudo</span> <span class='ocrx_word' id='word_1_287' title='bbox 1530 4139 1837 4237; x_wconf 79' lang='lat' dir='ltr'>mysterii</span> <span class='ocrx_word' id='word_1_288' title='bbox 1864 4138 2292 4234; x_wconf 91' lang='lat' dir='ltr'>quibuslibet</span> <span class='ocrx_word' id='word_1_289' title='bbox 2313 4147 2492 4212; x_wconf 89' lang='lat' dir='ltr'>terre</span> <span class='ocrx_word' id='word_1_290' title='bbox 2520 4138 2946 4234; x_wconf 88' lang='lat' dir='ltr'>principibus</span> <span class='ocrx_word' id='word_1_291' title='bbox 2981 4138 3315 4212; x_wconf 88' lang='lat' dir='ltr'>debeatur</span> <span class='ocrx_word' id='word_1_292' title='bbox 3339 4190 3358 4224; x_wconf 94' lang='lat'>,</span> <span class='ocrx_word' id='word_1_293' title='bbox 3408 4134 3697 4207; x_wconf 84' lang='lat' dir='ltr'>Romani</span> <span class='ocrx_word' id='word_1_294' title='bbox 3733 4142 3963 4205; x_wconf 86' lang='lat' dir='ltr'>tamen</span> 
     </span>
     <span class='ocr_line' id='line_1_30' title="bbox 1145 4255 3958 4364; baseline -0.005 -24"><span class='ocrx_word' id='word_1_295' title='bbox 1145 4266 1416 4364; x_wconf 90' lang='lat' dir='ltr'>imperii</span> <span class='ocrx_word' id='word_1_296' title='bbox 1463 4262 1859 4339; x_wconf 89' lang='lat' dir='ltr'>veneranda</span> <span class='ocrx_word' id='word_1_297' title='bbox 1907 4258 2293 4335; x_wconf 88' lang='lat' dir='ltr'>sublimitas</span> <span class='ocrx_word' id='word_1_298' title='bbox 2343 4283 2481 4355; x_wconf 91' lang='lat' dir='ltr'>que</span> <span class='ocrx_word' id='word_1_299' title='bbox 2556 4260 2628 4332; x_wconf 90' lang='lat' dir='ltr'>in</span> <span class='ocrx_word' id='word_1_300' title='bbox 2681 4261 3004 4334; x_wconf 92' lang='lat' dir='ltr'>omnibus</span> <span class='ocrx_word' id='word_1_301' title='bbox 3072 4259 3488 4357; x_wconf 88' lang='lat' dir='ltr'>presentium</span> <span class='ocrx_word' id='word_1_302' title='bbox 3540 4256 3759 4331; x_wconf 92' lang='lat' dir='ltr'>oculis</span> <span class='ocrx_word' id='word_1_303' title='bbox 3821 4255 3958 4353; x_wconf 80' lang='lat' dir='ltr'>(d),</span> 
     </span>
    </p>
   </div>
   <div class='ocr_carea' id='block_1_3' title="bbox 1224 4470 3240 4876">
    <p class='ocr_par' dir='ltr' id='par_1_3' title="bbox 1226 4470 2797 4556">
     <span class='ocr_line' id='line_1_31' title="bbox 1226 4470 2797 4556; baseline -0.003 -21"><span class='ocrx_word' id='word_1_304' title='bbox 1226 4474 1308 4556; x_wconf 85' lang='lat' dir='ltr'>(a)</span> <span class='ocrx_word' id='word_1_305' title='bbox 1350 4477 1423 4537; x_wconf 89' lang='lat' dir='ltr'>Iu</span> <span class='ocrx_word' id='word_1_306' title='bbox 1450 4473 1583 4536; x_wconf 87' lang='lat' dir='ltr'>cod.</span> <span class='ocrx_word' id='word_1_307' title='bbox 1614 4474 1806 4535; x_wconf 81' lang='lat' dir='ltr'>Paris.</span> <span class='ocrx_word' id='word_1_308' title='bbox 1837 4480 1979 4546; x_wconf 79' lang='lat'>⁴55,</span> <span class='ocrx_word' id='word_1_309' title='bbox 1999 4470 2365 4552; x_wconf 71' lang='lat' dir='ltr'>premittens.</span> <span class='ocrx_word' id='word_1_310' title='bbox 2396 4471 2597 4531; x_wconf 83' lang='lat' dir='ltr'>minus</span> <span class='ocrx_word' id='word_1_311' title='bbox 2624 4474 2797 4530; x_wconf 83' lang='lat' dir='ltr'>recte.</span> 
     </span>
    </p>

    <p class='ocr_par' dir='ltr' id='par_1_4' title="bbox 1224 4575 2435 4665">
     <span class='ocr_line' id='line_1_32' title="bbox 1224 4575 2435 4665; baseline -0.004 -21"><span class='ocrx_word' id='word_1_312' title='bbox 1224 4581 1309 4665; x_wconf 82' lang='lat' dir='ltr'>(b)</span> <span class='ocrx_word' id='word_1_313' title='bbox 1350 4582 1511 4643; x_wconf 83' lang='lat' dir='ltr'>Haec</span> <span class='ocrx_word' id='word_1_314' title='bbox 1536 4598 1574 4643; x_wconf 84' lang='lat' dir='ltr'>a</span> <span class='ocrx_word' id='word_1_315' title='bbox 1599 4575 1867 4641; x_wconf 74' lang='lat' dir='ltr'>Mirabile</span> <span class='ocrx_word' id='word_1_316' title='bbox 1888 4579 2105 4642; x_wconf 84' lang='lat' dir='ltr'>desunt</span> <span class='ocrx_word' id='word_1_317' title='bbox 2130 4595 2221 4657; x_wconf 78' lang='lat' dir='ltr'>ap.</span> <span class='ocrx_word' id='word_1_318' title='bbox 2248 4580 2435 4641; x_wconf 83' lang='lat' dir='ltr'>Pertz.</span> 
     </span>
    </p>

    <p class='ocr_par' dir='ltr' id='par_1_5' title="bbox 1227 4675 3240 4876">
     <span class='ocr_line' id='line_1_33' title="bbox 1228 4675 3240 4771; baseline -0.005 -21"><span class='ocrx_word' id='word_1_319' title='bbox 1228 4690 1301 4771; x_wconf 83' lang='lat' dir='ltr'>(c)</span> <span class='ocrx_word' id='word_1_320' title='bbox 1346 4689 1462 4768; x_wconf 80' lang='lat' dir='ltr'>Ap.</span> <span class='ocrx_word' id='word_1_321' title='bbox 1492 4690 1663 4751; x_wconf 83' lang='lat' dir='ltr'>Pertz</span> <span class='ocrx_word' id='word_1_322' title='bbox 1677 4685 1994 4769; x_wconf 53' lang='lat' dir='ltr'>proposi&amp;</span> <span class='ocrx_word' id='word_1_323' title='bbox 2017 4687 2083 4746; x_wconf 84' lang='lat' dir='ltr'>in</span> <span class='ocrx_word' id='word_1_324' title='bbox 2110 4684 2239 4746; x_wconf 84' lang='lat' dir='ltr'>cod.</span> <span class='ocrx_word' id='word_1_325' title='bbox 2262 4684 2429 4746; x_wconf 80' lang='lat' dir='ltr'>Harl.</span> <span class='ocrx_word' id='word_1_326' title='bbox 2456 4692 2609 4744; x_wconf 76' lang='grc'><strong>3678</strong></span> <span class='ocrx_word' id='word_1_327' title='bbox 2631 4679 2910 4763; x_wconf 72' lang='lat' dir='ltr'>prepositi</span> <span class='ocrx_word' id='word_1_328' title='bbox 2933 4675 3240 4762; x_wconf 70' lang='lat' dir='ltr'>diliqentis.</span> 
     </span>
     <span class='ocr_line' id='line_1_34' title="bbox 1227 4784 2711 4876; baseline -0.006 -17"><span class='ocrx_word' id='word_1_329' title='bbox 1227 4794 1313 4876; x_wconf 86' lang='lat' dir='ltr'>(d)</span> <span class='ocrx_word' id='word_1_330' title='bbox 1357 4796 1475 4874; x_wconf 79' lang='lat' dir='ltr'>Ap.</span> <span class='ocrx_word' id='word_1_331' title='bbox 1504 4796 1674 4857; x_wconf 83' lang='lat' dir='ltr'>Pertz</span> <span class='ocrx_word' id='word_1_332' title='bbox 1697 4795 1765 4855; x_wconf 77' lang='lat' dir='ltr'>in</span> <span class='ocrx_word' id='word_1_333' title='bbox 1784 4793 2043 4856; x_wconf 78' lang='lat' dir='ltr'>omnium</span> <span class='ocrx_word' id='word_1_334' title='bbox 2068 4789 2493 4874; x_wconf 72' lang='lat' dir='ltr'>presidentium</span> <span class='ocrx_word' id='word_1_335' title='bbox 2519 4784 2711 4852; x_wconf 71' lang='lat' dir='ltr'>oculis.</span> 
     </span>
    </p>
   </div>
  </div>
 </body>
</html>
