4842 5802
849 643 1050 702 lttmcr.
1088 640 1208 720 lo]
1748 638 2140 700 HISTORIA
2191 641 2777 704 DIPLOMATmA.
3545 644 3669 706 919

851 777 924 848 in
960 774 1285 864 excelsis,
1327 774 1602 870 proprie
1643 774 1916 849 ruinam
1962 776 2380 850 conscientie
2432 786 2745 859 metuens
2797 778 3175 869 evolasseS,
3220 800 3380 850 cum
3423 801 3662 873 regum

851 900 1025 972 colla
1051 907 1121 972 et
1154 898 1547 995 principum
1584 898 1895 971 submitti
1940 898 2185 972 videas
2217 901 2515 994 genibus
2541 901 3004 993 sacerdotum,
3041 910 3111 975 et
3143 902 3494 975 christiani
3532 904 3665 976 im-

852 1031 1198 1118 peratores
1232 1021 1533 1096 subdere
1567 1021 1866 1097 debeant
1897 1024 2344 1098 executiones
2374 1046 2537 1098 suas
2569 1047 2707 1097 non
2738 1028 2960 1098 solum
2987 1027 3296 1099 Romano
3326 1025 3659 1120 pontifici,

849 1147 1021 1240 quin
1074 1146 1280 1220 etiam
1319 1146 1473 1219 aliis
1515 1145 1905 1241 presulibus
1940 1166 2078 1219 non
2118 1149 2421 1242 preferre
2442 1201 2463 1240 ,
2515 1170 2782 1223 necnon
2817 1149 3152 1222 Dominus
3185 1148 3433 1222 Sedem
3468 1149 3667 1244 Apo-

853 1271 1190 1358 stolicam,
1231 1272 1431 1363 cujus
1457 1269 1724 1363 judicio
1756 1270 1992 1343 orbem
2026 1279 2359 1343 terrarum
2388 1271 2667 1363 subjicit
2703 1271 2774 1342 in
2806 1272 3092 1345 occultis
3133 1280 3203 1344 et
3246 1272 3662 1363 manifestiS,

849 1416 892 1466 a
934 1393 1214 1468 nemine
1260 1393 1717 1485 judicandam
1764 1395 1892 1467 soli
1941 1415 2073 1467 suo
2121 1394 2388 1487 judicio
2448 1396 2833 1468 reservarit.
2897 1395 2988 1467 At
3042 1396 3344 1468 fortassis
3395 1398 3669 1490 ignoras

847 1516 1040 1612 quod
1092 1518 1230 1592 Oza
1298 1527 1516 1591 morte
1578 1518 1959 1614 percutitur
2013 1540 2098 1591 eo
2153 1518 2344 1613 qnod
2398 1540 2630 1592 arcam
2690 1520 2962 1592 Domini
3015 1520 3411 1593 inclinatam
3460 1543 3669 1593 manu

850 1642 1211 1715 temeraria
1257 1642 1597 1715 sustinere
1651 1644 2057 1732 conabatur,
2107 1653 2178 1716 et
2235 1645 2459 1717 tribus
2524 1643 2785 1718 Chaath
2839 1665 2980 1737 que
3028 1666 3198 1718 vasa
3247 1645 3666 1718 tabernaculi

851 1766 1145 1863 propriis
1190 1766 1501 1839 involuta
1536 1767 1850 1862 portabat
1884 1766 2193 1840 humeris
2215 1821 2236 1858 ‚
2277 1769 2562 1863 paribus
2599 1767 2945 1841 addicitur
2974 1766 3423 1860 detrimentiS,
3466 1770 3524 1841 si
3564 1780 3666 1842 ta-

848 1890 1299 1964 bernaculum
1332 1890 1547 1963 solius
1581 1889 1813 1963 Aaron
1848 1890 2278 1986 dispositioni
2311 1892 2756 1965 commissum
2794 1891 3068 1983 ingredi
3104 1893 3214 1965 vel
3248 1914 3419 1965 vasa
3457 1914 3671 1965 sanc-

851 2014 1055 2086 tuarii
1099 2014 1505 2108 priusquam
1546 2013 1855 2087 involuta
1894 2014 2147 2087 fuerint
2188 2016 2330 2087 ulla
2378 2015 2774 2087 curiositate
2811 2013 3068 2088 audeat
3109 2015 3403 2087 intueri?
3440 2016 3668 2100 Quare

850 2138 910 2209 si
973 2146 1041 2209 te
1074 2138 1166 2209 ad
1214 2139 1479 2211 notoria
1514 2140 1692 2211 facta
1729 2146 1849 2211 tua
1879 2137 2301 2234 speculanda
2338 2137 2704 2211 reduceres
2726 2191 2747 2228 ,
2797 2159 2937 2211 non
2978 2138 3201 2210 solum
3263 2136 3355 2209 de
3391 2149 3661 2227 nostra,

851 2260 1060 2334 immo
1084 2260 1403 2353 judicare
1432 2261 1523 2335 de
1550 2262 1970 2335 conscientia
2007 2262 2218 2335 etiam
2249 2262 2620 2354 cujuslibet
2658 2262 2758 2333 tui
2788 2261 3050 2334 subditi
3083 2260 3457 2334 dubitares.
3490 2263 3671 2358 Ergo

850 2383 1016 2477 quia
1051 2384 1143 2457 de
1187 2385 1603 2458 conscientia
1645 2385 1875 2479 agitur
1917 2396 1997 2457 ut
2049 2392 2287 2458 contra
2336 2384 2828 2459 conscientiam
2879 2384 3267 2457 secundum
3318 2387 3671 2460 conscien-

851 2507 1017 2579 tiam
1057 2507 1500 2604 procedatur,
1539 2531 1699 2581 cum
1737 2518 1966 2582 nostre
2012 2509 2253 2582 fuisset
2297 2509 2714 2582 conscientie
2754 2508 3098 2602 liquidum
3140 2508 3331 2602 qnod
3377 2509 3467 2582 de
3510 2512 3670 2585 red-

852 2629 1102 2703 dendis
1161 2632 1710 2726 possessionibus
1779 2633 2085 2706 Ecclesia
2146 2635 2453 2706 Romane
2518 2633 2610 2706 ad
2669 2640 2734 2705 te
2795 2633 3358 2728 pervenientibus
3413 2635 3673 2729 pluries

851 2756 1241 2851 prestiteras
1262 2757 1757 2850 juramentum,
1792 2778 1932 2831 non
1965 2756 2336 2831 videbatur
2366 2777 2520 2829 esse
2548 2756 2715 2829 boni
2755 2754 2879 2827 filii
2906 2779 2949 2829 a
2987 2765 3178 2850 patre
3210 2765 3440 2850 petere
3482 2759 3673 2851 quod

853 2900 981 2953 nec
1042 2881 1238 2953 salva
1306 2880 1722 2955 conscientia
1774 2890 2045 2978 poteras
2098 2879 2446 2972 detinere,
2502 2901 2588 2953 eo
2637 2878 2831 2974 quod
2892 2900 3020 2952 nec
3069 2879 3370 2953 Ecclesia
3422 2881 3667 2954 vitium

850 3005 1209 3099 spoliantis
1244 3004 1609 3078 incurrerit
1648 3005 1759 3078 cui
1806 3005 2169 3080 commoda
2206 3006 2317 3078 sui
2348 3006 2524 3098 juris
2558 3005 3058 3077 constitutionis
3103 3004 3517 3078 beneficium
3557 3007 3671 3077 in-

849 3137 1045 3223 tegra
1078 3129 1483 3202 reservavit.
1529 3130 1671 3203 Nec
1714 3139 1819 3203 est
1851 3129 2226 3203 verisimile
2256 3130 2329 3201 in
2367 3129 2498 3201 bac
2537 3138 2729 3224 parte
2764 3150 2892 3202 nos
2940 3130 3223 3201 fratrum
3288 3138 3666 3203 nostrorum

851 3252 1211 3326 consilium
1238 3253 1677 3347 despexisse,
1722 3275 1881 3326 cum
1912 3274 2125 3349 super
2168 3253 2302 3326 hoc
2342 3254 2567 3325 nuntii
2621 3254 2723 3325 tui
2774 3254 3124 3348 inceptum
3178 3254 3500 3347 prosequi
3545 3276 3673 3326 vo-

851 3377 1141 3449 luisseut
1173 3375 1558 3469 judicium3
1612 3385 1685 3448 et
1731 3377 1889 3450 ideo
1940 3377 2251 3450 nondum
2303 3387 2450 3450 erat
2493 3378 2566 3448 in
2616 3377 2725 3449 his
2760 3398 3000 3450 eorum
3037 3377 3397 3449 consilium
3434 3378 3674 3469 requi-

851 3497 1174 3570 rendum.
1212 3499 1374 3570 Esto
1420 3507 1725 3591 preterea
1756 3499 1949 3592 quod
1989 3500 2296 3573 ecclesiis
2340 3522 2499 3572 cum
2553 3500 2982 3595 principibus
3018 3509 3443 3594 permutare,
3497 3501 3674 3571 sicut

856 3623 929 3694 in
992 3622 1128 3694 tuis
1164 3618 1460 3718 [litteris]
1499 3623 2018 3695 excusationem
2066 3623 2367 3717 allegaS‚
2411 3630 2713 3716 utroque
2755 3626 2916 3715 jure
2964 3622 3388 3695 conceditur.
3431 3622 3672 3716 Inique

857 3756 1083 3818 tamen
1117 3744 1210 3817 ad
1244 3744 1649 3817 damnosam
1690 3754 1760 3816 et
1808 3766 1947 3818 non
1998 3746 2460 3819 voluntariam
2496 3746 2892 3838 hujusmodi
2946 3746 3470 3819 celebrationem
3507 3768 3671 3819 con-

856 3879 1198 3943 tractuum
1217 3923 1238 3962 ,
1277 3867 1635 3965 presertim
1663 3868 1814 3941 sine
1847 3869 2222 3963 superioris
2248 3890 2529 3942 assensu
2559 3883 2632 3943 et
2654 3880 2891 3942 contra
2911 3870 2938 3961 j
2947 3878 3377 3942 uramentum
3407 3870 3498 3943 de
3533 3892 3669 3943 non

855 3992 1240 4067 alienandis
1301 3991 1786 4064 ecclesiasticis
1846 3992 2394 4087 possessionibus
2456 4016 2633 4087 quas
2685 4013 2812 4089 pro
2857 3993 3242 4065 animarum
3294 3995 3517 4067 salute
3560 4018 3669 4069 re·

858 4117 1051 4189 lictas
1085 4117 1188 4189 sic
1220 4116 1607 4189 alienantes
1643 4123 1713 4188 et
1744 4115 2152 4210 recipientes
2190 4116 2528 4211 sacrilegii
2568 4118 2827 4189 crimen
2871 4117 3260 4206 incurrunt,
3315 4119 3672 4212 prestitum

855 4243 1398 4337 compelluntur,
1435 4240 1602 4335 quia
1643 4239 1836 4335 quod
1870 4241 1942 4313 in
1977 4241 2424 4315 ecclesiarum
2473 4244 2777 4314 favorem
2820 4243 2978 4333 jure
3023 4242 3437 4337 permittitur
3482 4240 3667 4335 fieri,

854 4387 994 4438 non
1028 4365 1236 4439 debet
1274 4365 1369 4438 ad
1404 4364 1730 4439 lesionem
1765 4386 2001 4438 earum
2042 4386 2167 4459 per
2202 4365 2526 4459 injuriam
2579 4365 2980 4458 retorqueri.
3017 4366 3178 4438 Esto
3210 4366 3403 4459 quod
3438 4368 3670 4461 aliqua

855 4489 1196 4564 beneficia
1252 4491 1572 4563 vacantia
1627 4491 1975 4581 conferas,
2021 4500 2102 4562 ut
2153 4512 2389 4563 curam
2444 4501 2668 4562 tamen
2714 4491 3099 4562 animarum
3147 4489 3282 4562 illis
3325 4511 3670 4562 annexam

856 4616 1279 4688 committere
1318 4617 1553 4688 valeas
1572 4615 1689 4707 jus
1737 4614 2092 4711 spirituale
2125 4613 2318 4709 qnod
2349 4635 2489 4686 non
2523 4613 2709 4686 cadit
2750 4614 2822 4685 in
2858 4614 3108 4684 laicum
3144 4634 3282 4685 non
3318 4614 3668 4708 permittit,

857 4745 927 4809 et
962 4737 1291 4810 inlocum
1327 4738 1713 4811 viventium
1751 4760 1927 4834 quos
1963 4759 2006 4813 a
2043 4738 2268 4832 gradu
2315 4759 2445 4811 suo
2497 4759 2624 4811 nec
2662 4738 2935 4834 propria
2987 4738 3189 4833 culpa
3236 4758 3365 4811 nec
3410 4738 3518 4810 sui
3560 4738 3672 4829 ju-
