4842 5802
1200 668 1321 731 886
2197 661 2626 726 ramulum
2676 660 3021 723 suenum
3642 663 3802 746 [An.
3839 665 4011 730 1236.

1201 804 1412 875 nibus
1441 823 1582 896 que
1618 801 2053 875 continentur
2095 798 2171 871 in
2208 798 2384 895 ipso,
2433 793 2837 870 confirmare
2875 793 2969 870 de
3015 803 3247 868 nostra
3288 794 3508 890 gratia
3543 795 4012 891 dignaremur.

1205 926 1416 1019 Cujus
1445 933 1641 999 tenor
1682 933 1788 998 est
1819 944 1944 1019 per
1974 922 2208 997 omnia
2240 921 2393 995 talis
2426 943 2447 989 ε

1303 1048 1665 1150 [Sequitur
1700 1048 1791 1122 de
1836 1047 2053 1121 verbo
2100 1045 2192 1120 ad
2232 1046 2527 1121 verbum
2574 1043 3011 1140 privilegium
3054 1041 3295 1116 datum
3343 1042 3535 1140 apud
3579 1043 4019 1141 Ratisponam

1213 1177 1304 1247 45
1336 1173 1658 1247 februarii
1691 1194 1853 1245 ann.
1895 1172 2019 1247 424
2039 1173 2109 1264 3,
2153 1170 2344 1268 quod
2372 1170 2671 1266 desuper
2705 1168 3188 1261 exhibuimus,
3218 1175 3271 1240 t.
3305 1168 3359 1260 Ι,
3391 1191 3464 1264 p.
3508 1165 3714 1268 243]

1303 1300 1443 1371 Nos
1489 1297 1699 1391 igitur
1734 1296 1880 1369 suis
1915 1295 2537 1392 supplicationibus
2572 1293 2913 1387 inclinati,
2961 1293 3404 1388 privilegium
3448 1293 3677 1389 ipsum
3731 1294 4025 1391 presenti

1207 1421 1570 1520 privilegio
1622 1420 1827 1493 inseri
1873 1420 2240 1511 jussimus,
2285 1418 2463 1492 illud
2498 1441 2659 1491 cum
2702 1418 3033 1491 omnibus
3065 1438 3207 1512 que
3238 1419 3673 1492 continentur
3707 1419 3778 1491 iu
3810 1440 3896 1492 eo
3936 1417 4028 1493 de

1208 1554 1441 1618 nostra
1507 1544 1724 1638 gratia
1794 1542 2299 1616 confirmantes.
2383 1543 2765 1615 Statuimus
2839 1541 3075 1634 itaque
3132 1550 3202 1613 et
3258 1542 3597 1637 imperiali
3654 1541 4029 1615 sanctimus

1208 1668 1437 1742 edicto
1469 1676 1546 1739 ut
1577 1667 1769 1740 nulla
1800 1689 2116 1762 persona,
2149 1668 2287 1740 alta
2322 1668 2437 1739 vel
2469 1666 2774 1754 humilis,
2815 1665 3275 1738 ecclesiastica
3303 1666 3411 1738 vel
3444 1666 3811 1757 secularis,
3855 1688 4026 1761 pre-

1211 1789 1475 1866 dictum
1515 1792 2003 1863 monasterium
2041 1799 2277 1862 contra
2317 1790 2653 1885 presentis
2693 1789 3036 1885 privilegii
3088 1788 3299 1861 nostri
3346 1789 3592 1863 seriem
3640 1811 3851 1886 super
3894 1790 4030 1863 hiis

1209 1926 1465 1989 temere
1507 1914 1868 1986 molestare
1903 1922 2273 2008 presumat.
2320 1912 2526 1998 Quod
2564 1913 2687 2007 qui
2730 1912 3219 2007 presumpserit
3260 1921 3485 2007 preter
3523 1932 3770 2007 penam
3810 1914 4026 2009 privi-

1209 2039 1393 2133 legio
1439 2035 1831 2132 supradicto
1861 2039 2279 2133 appositam,
2318 2045 2594 2108 centum
2625 2036 2835 2108 libras
2869 2035 3018 2107 auri
3047 2035 3204 2131 puri
3233 2046 3632 2132 componat,
3667 2036 4031 2110 medietate

1210 2162 1379 2235 fisco
1435 2170 1666 2234 nostro
1688 2214 1708 2251 ,
1766 2160 2030 2255 reliqua
2080 2160 2268 2234 dicto
2325 2160 2742 2233 monasterio
2796 2156 3277 2255 persolvenda.
3331 2160 3421 2233 Ut
3469 2168 3698 2233 autem
3752 2182 4030 2256 presens

1208 2296 1439 2359 nostra
1472 2282 1900 2358 confirmatio
1941 2285 2155 2357 robur
2179 2285 2488 2380 optineat
2521 2293 2857 2380 perpetue
2885 2281 3247 2376 firmitatis,
3280 2305 3563 2381 presens
3592 2285 4028 2382 privilegium

1210 2410 1359 2484 fieri
1392 2410 1753 2503 jussimus,
1788 2418 1858 2481 et
1893 2410 2120 2503 sigillo
2152 2408 2527 2501 majestatis
2561 2417 2789 2482 nostre
2823 2408 3105 2479 muniri.
3468 2491 3477 2499 ,

1305 2534 1527 2624 Hujus
1570 2534 1668 2606 rei
1713 2544 1915 2606 testes
1953 2543 2115 2606 sunt
2147 2562 2163 2606 ε
2199 2536 2317 2606 W.
2377 2555 2506 2605 rex
2541 2532 2850 2624 Boemie,
2890 2533 2973 2605 E.
3023 2533 3597 2627 Papinbergensis
3637 2534 4028 2630 episcopus,

1208 2661 1284 2731 C.
1341 2658 1875 2730 Constantiensis
1924 2656 2058 2752 (4),
2105 2660 2177 2729 S.
2231 2657 2745 2752 Ratisponensis
2798 2655 3199 2751 episcopus,
3246 2655 3619 2751 imperialis
3670 2659 3829 2730 aule
3871 2679 4033 2729 can-

1212 2782 1560 2867 cellarius,
1612 2781 1695 2852 0.
1747 2780 1894 2851 dux
1939 2781 2254 2852 Bawarie
2313 2802 2543 2852 comes
2591 2780 2932 2874 palatinus
2978 2780 3189 2871 Reni,
3242 2780 3325 2851 O.
3379 2778 3684 2853 marchio
3732 2780 4037 2853 Brande-

1216 2904 1612 2999 burgensis,
1653 2905 1737 2974 Η.
1786 2903 2090 2977 marchio
2137 2905 2226 2976 de
2269 2905 2538 2994 Baden,
2576 2926 2808 2976 comes
2857 2905 2938 2978 Η.
2994 2904 3083 2976 de
3109 2904 3465 2998 Dilingen‚
3501 2905 3609 2976 Fr.
3652 2904 3742 2977 de
3778 2906 4035 2978 Truen-

1219 3028 1502 3121 dingen,
1537 3027 1612 3097 C.
1648 3027 1974 3121 pincerna
2003 3027 2091 3098 de
2120 3025 2543 3116 Winterstet‚
2574 3037 2644 3099 et
2669 3028 2782 3099 alii
2819 3029 3291 3122 quamplures.

1316 3151 1605 3241 Signum
1672 3148 1936 3221 domini
1991 3150 2319 3222 Friderici
2371 3150 2697 3241 secundi,
2752 3150 2875 3221 Dei
2931 3151 3148 3243 gratia
3206 3150 3665 3223 Romanorum
3731 3153 4040 3246 impera-

1223 3274 1386 3346 toris
1457 3271 1887 3344 invictissimi
1926 3330 1942 3359 ‚
2002 3295 2272 3369 semper
2330 3273 2651 3366 augusti,
2702 3274 3077 3346 Jerusalem
3125 3282 3196 3345 et
3241 3275 3470 3346 Sicilie
3516 3275 3722 3369 regis.
3778 3275 4039 3369 (Mono-

1211 3397 1573 3493 qramma.)

1320 3522 1467 3616 Ego
1531 3520 1846 3594 Siffridus
1905 3521 2417 3617 Ratisponensis
2490 3521 2855 3617 episcopus
2913 3522 3287 3617 imperialis
3344 3524 3501 3595 aule
3554 3524 4038 3613 cancellarius,

1219 3647 1377 3719 vice
1413 3646 1675 3719 domini
1711 3647 2096 3740 Maguntini
2143 3647 2636 3743 archiepiscopi
2660 3700 2682 3737 ‚
2738 3647 2811 3718 in
2860 3645 3223 3718 Germania
3270 3646 3885 3740 archicancellarii,
3927 3670 4043 3721 re-

1215 3771 1540 3864 cognovi.

1324 3893 1494 3965 Acta
1530 3903 1691 3965 sunt
1718 3893 1845 3967 hec
1877 3914 2059 3966 anno
2087 3893 2435 3967 dominice
2478 3892 2966 3965 incarnationis
3015 3893 3377 3967 millesimo
3418 3893 3883 3969 ducentesimo
3918 3896 4043 3967 tri-

1227 4015 1483 4088 cesimo
1538 4026 1763 4108 sext0,
1804 4039 2040 4090 mense
2082 4018 2300 4110 junii,
2344 4038 2526 4089 none
2574 4016 3006 4109 indictioniS,
3060 4017 3438 4113 imperante
3481 4018 3767 4091 domino
3813 4031 4043 4092 nostro

1226 4140 1570 4215 Friderico
1601 4140 1936 4233 secundo,
1963 4141 2088 4214 Dei
2119 4142 2338 4235 gratia
2370 4141 2827 4214 invictissimo
2858 4143 3316 4215 Romanorum
3342 4144 3749 4238 imperatore
3774 4165 4045 4240 semper

2482 4365 2503 4371 -
2514 4365 2639 4372 ---.
2646 4365 2997 4373 —--0.-—-.—-—---

1297 4494 1365 4568 (4)
1402 4495 1507 4552 Iste
1533 4510 1661 4550 vero
1698 4493 1842 4550 haud
1875 4498 2198 4565 potestesse
2232 4493 2510 4551 Conradus
2545 4493 2637 4566 qui
2662 4494 2817 4567 juxta
2841 4496 3137 4570 catalogum
3160 4496 3530 4571 episcoporum
3560 4497 4044 4556 constantiensium

1223 4593 1334 4665 jam
1358 4591 1565 4648 obierat
1585 4608 1721 4648 anno
1744 4592 1905 4661 4234,
1932 4591 2027 4647 sed
2052 4590 2230 4664 potius
2252 4605 2533 4647 successor
2558 4592 2674 4663 ejus
2695 4593 2991 4661 Henricus,·
3021 4609 3181 4666 quem
3200 4594 3255 4649 in
3280 4609 3404 4650 ann.
3422 4596 3564 4650 4235
3592 4598 3659 4650 46
3680 4596 3906 4668 januarii
3922 4595 4046 4652 huic

1226 4689 1552 4761 episcopatui
1592 4687 1886 4760 praefuisse
1921 4688 2177 4744 docemur
2218 4703 2286 4744 ex
2322 4687 2554 4760 quodam
2591 4688 2944 4745 instrumento
2985 4691 3129 4762 apud
3162 4691 3447 4762 Naumm,
3485 4691 3614 4750 cod.
3656 4691 3884 4764 diplom.
3912 4691 4040 4749 Ale·

1227 4799 1442 4842 mann..
1472 4791 1511 4841 t.
1537 4785 1606 4855 11,
1634 4801 1691 4858 p.
1719 4789 1843 4855 468,
1871 4797 1933 4841 n·
1960 4787 2084 4842 925.
2108 4784 2241 4842 Vide
2268 4786 2427 4843 etiam
2449 4801 2615 4859 supra
2644 4801 2699 4858 p.
2726 4786 2854 4853 757,
2881 4788 2986 4843 788
3005 4828 3020 4858 ,
3046 4787 3171 4856 794,
3192 4789 3297 4844 828
3321 4793 3377 4844 et
3395 4787 3620 4860 passim.
