4842 5802
1145 659 1269 721 614
2181 661 2527 723 numum
2579 662 2916 725 sur-mn
3590 664 3754 749 [An.
3790 665 3965 729 1233.

1151 790 1276 873 Uri
1331 791 1645 873 mandat
1696 800 1784 872 ut
1854 793 2413 917 monasterium·
2455 795 2552 877 de
2603 795 3043 906 Wettingen
3105 794 3520 880 defendant
3578 822 3831 909 neque
3886 798 3966 882 in

1148 923 1496 1007 homines
1534 922 1699 1032 ejus
1734 923 2158 1007 exactiones
2202 925 2577 1010 indebitas
2613 936 3033 1012 exerceant.

1307 1136 1517 1218 (Edld.
1548 1141 1857 1214 Tscnum,
1891 1137 2158 1202 Chronic.
2188 1138 2436 1217 Βάκι,
2460 1148 2505 1203 t.
2541 1142 2595 1219 Ι,
2623 1159 2685 1221 p.
2721 1142 2888 1223 128.)
2955 1164 2964 1169 ’

1165 1340 1195 1357 ”
1244 1322 1604 1398 Heinricus
1625 1380 1643 1412 ,
1684 1325 1811 1399 Dei
1856 1326 2079 1419 gratia
2114 1328 2578 1401 Romanorum
2609 1347 2738 1400 rex
2775 1340 3048 1422 semper
3088 1338 3467 1423 augustuS,
3526 1328 3842 1402 officiatis
3881 1312 3969 1403 ³et

1142 1442 1705 1543 procuratoribus
1738 1449 2118 1545 ceterisque
2160 1448 2484 1524 fidelibus
2518 1450 2664 1524 suis
2694 1451 2765 1522 in
2794 1452 2976 1525 Uren
3008 1451 3396 1539 constitutis
3438 1453 3728 1547 gratiam
3768 1474 3967 1527 suam

1146 1580 1215 1645 et
1262 1590 1467 1645 omne
1502 1572 1792 1645 bonnm.
1829 1573 2243 1648 Mandamus
2281 1575 2487 1648 vobis
2536 1584 2879 1669 quatenus
2914 1577 3408 1649 monasterium
3439 1575 3532 1651 de
3568 1576 3967 1671 Wettingen

1145 1695 1338 1790 quod
1395 1696 1528 1769 sub
1592 1704 1893 1769 nostram
1954 1700 2446 1793 protectionem
2510 1699 2878 1794 recipimus
2891 1752 2911 1789 ,
2982 1699 3386 1774 auctoritate
3444 1707 3676 1773 nostra
3739 1699 3967 1773 modis

1145 1819 1469 1900 omnibus
1520 1819 1888 1894 defensetis
1933 1841 2064 1894 nec
2096 1821 2169 1892 in
2208 1822 2679 1918 possessiones
2712 1843 2838 1895 seu
2874 1820 2948 1892 in
2988 1820 3302 1895 homines
3328 1821 3637 1916 ejusdem
3673 1842 3968 1896 monas-

1144 1945 1296 2017 terii
1331 1944 1725 2018 exactiones
1759 1966 1884 2017 seu
1915 1945 2136 2019 tallias
2171 1945 2437 2040 aliquas
2487 1946 2774 2019 faciatis.
2831 1945 2910 2017 In
2945 1945 3115 2018 locis
3157 1968 3326 2019 vero
3373 1969 3514 2041 que
3548 1955 3776 2020 nostre
3808 1945 3964 2021 atti·

1142 2076 1310 2141 nent
1343 2068 1702 2142 advocatie
1733 2067 1824 2141 de
1858 2068 2114 2163 quibus
2139 2070 2339 2142 nobis
2375 2068 2656 2143 servitia
2682 2066 2827 2143 fieri
2852 2077 3386 2159 consueverunt,
3425 2070 3748 2143 volumus
3770 2070 3965 2166 quod

1142 2190 1427 2264 honeste
1455 2199 1665 2286 atque
1709 2192 2019 2266 modeste
2054 2194 2241 2289 ipsos
2282 2193 2586 2267 tractetis
2627 2214 2758 2267 nec
2788 2193 3040 2288 pej0ris
3076 2214 3197 2265 eos
3245 2191 3659 2267 conditionis
3698 2193 3963 2269 faciatis

1140 2336 1354 2408 quam
1384 2315 1805 2411 temporibus
1832 2315 2215 2389 fundatoris
2240 2316 2349 2389 sui
2383 2318 2661 2390 fuerint.
2697 2316 3053 2412 Siquidem
3080 2317 3215 2389 sub
3241 2325 3474 2391 nostra
3498 2316 3964 2392 dominatione

1137 2439 1456 2535 ampliori
1483 2460 1602 2512 eos
1628 2440 1951 2514 volumus
1985 2462 2158 2535 pace
2183 2442 2392 2535 atq'ue
2428 2440 2796 2516 securitate
2817 2441 3148 2535 gaudere.

1232 2564 1481 2636 Datum
1515 2563 1704 2659 apud
1740 2565 2166 2659 Etzelingen‚
2205 2564 2417 2645 nonis=
2432 2565 2652 2656 J'unii,
2696 2564 3321 2649 indictioneesexta.

724 3145 1083 3203 mumma]
1243 3136 1615 3220 Henricus
1639 3195 1663 3243 ,
1740 3135 2265 3218 Romanorum
2335 3158 2469 3215 rex
2488 3192 2511 3235 ,
2588 3133 2984 3240 profitetur
3067 3133 3511 3215 Cunradum
3590 3133 3689 3216 de
3756 3132 3962 3219 Nor-

1134 3251 1263 3354 ten
1271 3270 1457 3380 berg
1494 3267 1638 3350 sibi
1686 3265 1988 3349 tertiam
2032 3275 2329 3375 partem
2375 3265 2811 3348 advocatiae
2850 3265 2931 3345 in
2971 3262 3350 3348 Gehsattel
3409 3264 3914 3374 resignavisse
3926 3325 3952 3369 ‚

1138 3412 1214 3486 et
1259 3430 1340 3486 se
1381 3410 1645 3512 postea
1687 3399 2089 3483 conventui
2132 3400 2230 3481 de
2281 3396 2666 3507 Kamberg
2712 3395 3192 3508 (Comburg)
3242 3397 3588 3480 eamdem
3637 3405 3958 3482 contra-

1136 3535 1443 3618 didisse.

1307 3749 1650 3827 (Memorat.
1681 3747 1839 3824 apud
1872 3746 2193 3821 Borma,
2229 3745 2455 3826 Reqest.
2485 3744 2682 3824 imper.
2697 3786 2718 3818 ,
2751 3759 2814 3821 p.
2849 3750 3000 3818 244,
3029 3751 3096 3803 n⁰
3126 3751 3278 3818 304,
3316 3760 3393 3804 ex
3427 3742 3688 3823 quodam
3712 3742 3961 3806 vidimus

1376 3854 1661 3915 Ludovlcl
1686 3853 1901 3915 Bavarl
1927 3853 2001 3914 de
2020 3868 2178 3915 anno
2205 3861 2381 3925 1318,
2414 3860 2451 3913 6
2478 3849 2838 3924 novembris,
2863 3850 2928 3910 in
2952 3849 3195 3912 archivo
3219 3848 3715 3930 wirzburgensi.)

1236 4043 1467 4115 Testes
1499 4039 1599 4112 bii
1621 4046 1782 4111 sunt
1814 4065 1832 4109 ε
1859 4038 2199 4111 Dietricus
2226 4036 2663 4109 Treverensis
2685 4034 3273 4131 archiepiscopus,
3305 4036 3742 4108 Hermannus
3776 4033 3959 4106 Her-

1141 4165 1518 4263 bipolensis
1577 4162 1939 4258 episcopus
1956 4218 1974 4250 ,
2035 4159 2447 4235 Bertboldus
2484 4157 3003 4252 Argentinensis
3060 4160 3461 4255 episcopus,
3525 4160 3958 4230 Hermannus

1140 4290 1445 4364 marchio
1481 4288 1571 4362 de
1600 4286 1871 4374 Baden,
1922 4283 2278 4358 Conradus
2322 4272 2652 4379 pincerna
2703 4283 2793 4357 de
2827 4282 3309 4377 Clingenberc,
3361 4291 3531 4375 etc„
3569 4280 3956 4354 Fridericus

1138 4414 1492 4512 quondam
1520 4413 1850 4485 scultetus
1881 4409 2252 4499 Hallensis,
2291 4406 2653 4482 Heinricus
2677 4406 3073 4500 Inmodicus
3099 4407 3464 4494 Hallensis.

1236 4541 1486 4613 natum
1524 4559 1706 4611 anno
1732 4535 2006 4610 Domini
2045 4529 2498 4607 Mccxxxm
2532 4530 2659 4629 (4).
2831 4515 2836 4520 ’

1215 4789 1286 4862 (4)
1324 4789 1484 4845 Deest
1512 4788 1710 4846 notatio
1750 4788 1851 4846 loci
1883 4794 1939 4846 et
1979 4786 2198 4845 mensis.
2235 4785 2315 4844 Ex
2347 4784 2656 4845 nominibus
2696 4800 2827 4844 vero
2861 4783 3168 4842 ultimorum
3212 4783 3456 4856 testium,
3501 4782 3688 4841 callide
3729 4782 3958 4856 conjecit
