4842 5802
814 660 1013 720 Innmr.
1044 658 1133 735 9.]
1709 654 2102 717 HISTORIA
2153 647 2731 710 DIPLOMATICA.
3509 647 3628 710 903

813 813 1023 888 super
1059 791 1197 865 hiis
1228 812 1368 887 que
1401 789 1733 887 honorem
1770 790 1971 864 Urbis
2004 798 2074 863 et
2121 786 2310 861 orbis
2345 786 2721 882 respiciunt
2765 794 2924 854 vota
2977 789 3204 854 vestra
3233 781 3628 876 plenissime

813 916 1212 1006 conferatis3
1270 935 1448 1008 quos
1500 914 1741 1004 etiam,
1789 925 1993 1009 prout
2046 911 2401 1006 negotium
2451 919 2711 982 tantum
2752 905 3114 994 condecet,
3158 905 3508 978 instruatis
3553 915 3628 977 ut

817 1037 911 1111 ad
943 1039 1153 1110 totius
1192 1037 1568 1133 reipublice
1599 1037 1905 1110 Romane
1954 1035 2171 1108 decus
2214 1044 2283 1106 et
2322 1040 2572 1104 statum
2610 1040 2997 1125 respectum
3040 1027 3406 1116 habentes,
3447 1027 3629 1100 circa

816 1182 947 1233 nos
990 1183 1030 1232 a
1067 1159 1359 1261 sinistris
1396 1180 1533 1231 non
1582 1159 1946 1232 dexterent
1988 1167 2056 1230 et
2101 1156 2195 1229 ad
2232 1156 2593 1229 dexteram
2639 1175 2779 1224 non
2824 1151 3197 1222 sinistrent.
3252 1151 3391 1221 Nos
3444 1150 3629 1221 enim

817 1285 889 1355 in
952 1292 1093 1356 tam
1155 1283 1394 1356 arduis
1455 1294 1525 1355 et
1585 1282 1879 1355 excelsis
1929 1281 2223 1374 negotiis
2295 1300 2436 1350 non
2485 1288 2620 1348 tam
2681 1274 2933 1346 utiliter
2985 1296 3191 1368 quam
3248 1273 3633 1345 necessario

819 1406 1019 1478 nobis
1057 1407 1243 1501 ipsos
1279 1406 1805 1500 assumpsimus,
1848 1417 1927 1477 ut
1960 1405 2128 1499 quia
2171 1423 2397 1497 usque
2443 1398 2997 1496 prepedientibus
3037 1397 3192 1470 aliis
3230 1397 3441 1470 Rome
3478 1419 3633 1493 pre·

820 1530 1109 1601 sentiam
1170 1528 1426 1603 habere
1485 1551 1625 1602 non
1689 1550 2095 1625 possumuS‚
2154 1528 2395 1599 saltem
2459 1523 2826 1596 consitium
2879 1521 3283 1594 habeamus,
3336 1520 3450 1593 Ad
3504 1520 3631 1593 hec

819 1672 958 1746 que
991 1653 1239 1726 Hector
1274 1651 1365 1727 de
1399 1653 1748 1725 Montiscis
1781 1650 1887 1748 (⁴)
1920 1650 2144 1724 fidelis
2194 1658 2426 1721 noster
2469 1646 2671 1721 vobis
2705 1668 2797 1718 ex
2837 1654 3030 1740 parte
3072 1656 3303 1717 nostra
3347 1644 3628 1734 dixerit,

821 1775 1291 1847 indubitanter
1331 1775 1652 1848 credatis.

927 2369 1216 2452 Eodem
1264 2393 1496 2478 anm,
1535 2360 1701 2455 XVI
1739 2369 2042 2480 augusti
2062 2431 2086 2477 ,
2125 2369 2486 2452 dominus
2521 2367 2944 2453 Fridericus
2996 2369 3406 2478 imperator
3458 2395 3635 2453 cum

824 2500 1069 2587 tribus
1112 2502 1454 2585 millibus
1489 2501 1862 2585 militibus
1906 2501 2335 2585 Teutonicis
2379 2501 2583 2586 venit
2617 2502 2995 2586 Veronam
3013 2561 3037 2607 ,
3084 2511 3160 2583 et
3211 2502 3292 2583 in
3345 2528 3634 2587 mona-

825 2636 1053 2719 sterio
1088 2634 1346 2719 Sancti
1381 2634 1708 2718 Zenonis
1742 2634 2070 2744 benigne
2103 2644 2449 2743 receptus
2483 2645 2599 2718 est
2640 2661 2777 2743 per
2817 2634 3219 2718 dominum
3261 2631 3635 2719 Ioerinum

823 2769 920 2851 de
985 2766 1333 2853 Romano
1360 2830 1384 2876 ,
1448 2777 1741 2879 partem
1810 2766 2399 2853 Monticulorum
2464 2778 2540 2850 et
2598 2765 3194 2877 quatuorviginti
3254 2767 3391 2877 qui
3455 2776 3639 2851 tunc

823 2901 1191 3010 regebant
1252 2900 1631 2985 civitatem
1684 2900 2050 2986 Veronae.
2111 2899 2473 3010 Sequenti
2526 2925 2706 2985 vero
2757 2900 2882 2984 die
2932 2899 3181 2983 dictus
3233 2899 3641 3010 imperator

823 3059 999 3116 cum
1054 3033 1219 3142 ejus
1273 3033 1605 3118 exercitu
1659 3033 1793 3117 ivit
1842 3033 2265 3116 Vacaldum
2281 3094 2305 3137 ‚
2347 3043 2424 3116 et
2457 3032 2741 3116 ibidem
2793 3060 2929 3142 per
2974 3032 3409 3142 quindecim
3480 3034 3641 3118 dies

825 3164 1053 3249 stetit.
1113 3166 1611 3250 Postmodum
1647 3165 2000 3249 transivit
2051 3165 2251 3249 ultra
2285 3164 2634 3252 Menzum
2679 3166 2778 3248 ad
2826 3165 3280 3250 Cremonam
3323 3167 3635 3251 vadens.

825 3297 1071 3378 Pinus,
1116 3323 1208 3378 ns
1246 3298 1566 3404 Canum,
1623 3298 1966 3381 chronic.
2023 3303 2320 3404 Veron„
2366 3323 2494 3409 ap.
2538 3297 2951 3405 Mum-rom,
2992 3298 3273 3408 Script.
3324 3307 3383 3380 t.
3433 3298 3641 3407 vm,

826 3451 904 3532 p.
948 3428 1134 3508 629.

936 3938 1347 4048 Gregorius
1410 3967 1608 4051 papa
1678 3942 2241 4053 archiepiscopo
2311 3943 2722 4028 Ravennati
2792 3954 2868 4028 et
2928 3944 3427 4058 suffraganeis
3480 3948 3645 4058 ejus

830 4072 1092 4155 scribit
1125 4072 1223 4154 de
1257 4082 1460 4156 recta
1504 4074 1919 4160 intentione
1958 4100 2196 4185 quam
2231 4075 2394 4185 ipse
2426 4075 2698 4159 habuit
2730 4076 2810 4158 in
2850 4087 3011 4161 toto
3044 4103 3403 4189 processu
3436 4081 3645 4189 pacis

829 4205 1025 4287 inter
1059 4205 1595 4314 imperatorem
1628 4207 2094 4291 Fridericum
2129 4217 2207 4291 et
2248 4205 2720 4293 Lombardos
2737 4269 2761 4315 ‚
2803 4210 3131 4294 suadens
3174 4220 3262 4297 ut
3295 4236 3464 4295 eam
3500 4212 3644 4323 ipsi

832 4337 1268 4446 imperatori
1304 4340 1691 4424 insinuent
1724 4349 1800 4425 et
1833 4342 2042 4450 pacis
2077 4339 2367 4426 bonum
2403 4350 2836 4451 procurent.

903 4652 975 4725 (4)
1009 4653 1224 4711 Nomen
1250 4655 1389 4714 male
1423 4672 1739 4733 expressum
1764 4658 2119 4733 suspicamur.
2149 4658 2394 4718 Forsitan
2417 4658 2617 4717 Hector
2649 4657 2714 4716 de
2750 4658 3111 4718 Montichiello
3142 4659 3229 4718 vel
3251 4658 3427 4734 potius
3446 4658 3651 4717 Hector

832 4752 897 4810 do
925 4751 1324 4827 Montefuscolo.

3751 2390 3975 2486 3⁸:0⁰3&

3686 2498 3824 2542 m-ai
3844 2497 4035 2552 augusti.

3792 3977 3931 4021 Reate
3941 4006 3955 4029 ,

3737 4032 3789 4076 1⁹
3815 4031 4009 4084 numu.
