4842 5802
1200 600 1321 660 756
2202 596 2629 658 anssmcl
2681 594 3027 655 SECUNDI
3653 596 3811 677 [Asu.
3851 600 4019 660 1235.

1206 733 1399 805 curia
1424 731 1715 825 imperio
1745 732 2245 822 concessimus,
2287 730 2770 824 proprietatem
2801 727 3001 799 nohis
3035 725 3339 798 debitam
3367 729 3438 799 in
3476 730 3859 803 dominium
3889 734 4027 803 im-

1205 854 1382 950 perii
1440 854 1950 926 transferentes.
2015 854 2326 925 Preterea
2383 853 2630 924 Ottone
2684 853 2756 921 in
2815 851 2965 944 ipsa
3003 851 3305 938 generali
3343 853 3533 924 curia
3578 854 3648 923 in
3708 856 4027 926 manibus

1206 978 1454 1050 nostris
1476 978 1810 1050 connexis
1844 977 2090 1072 palmis
2118 997 2328 1071 super
2359 984 2593 1047 sancta
2626 995 2829 1045 cruce
2870 972 3137 1066 imperii
3192 993 3331 1066 que
3373 975 3634 1048 ibidem
3670 979 4028 1050 tenebatur

1203 1110 1547 1193 prestante
1583 1099 1748 1172 fidei
1778 1101 2286 1191 juramentum,
2339 1121 2467 1170 nos
2513 1097 2940 1170 attendentes
2975 1116 3186 1188 quam
3226 1118 3401 1190 pura
3439 1097 3616 1189 fide,
3658 1100 3925 1173 sincera
3957 1110 4027 1173 et

1203 1246 1418 1318 prona
1448 1224 1817 1296 devotione
1848 1245 1923 1295 se
1957 1232 2172 1295 totum
2206 1223 2532 1294 mandato
2555 1232 2787 1295 nostro
2822 1229 2890 1293 et
2919 1220 3253 1291 voluntati
3275 1223 3613 1293 commisit
3647 1225 3811 1295 etin
3852 1245 4025 1319 pro-

1203 1345 1560 1438 prietatem
1597 1354 1898 1418 nostram
1932 1345 2266 1417 concessit
2297 1345 2569 1439 proprie
2603 1344 2960 1438 proprium
3006 1353 3301 1414 castrum
3340 1367 3546 1416 suum
3591 1346 3680 1418 de
3714 1367 3854 1439 quo
3891 1368 4023 1418 ne-

1203 1466 1369 1536 mini
1407 1467 1789 1558 tenebatur,
1829 1476 1899 1538 et
1930 1466 2393 1539 humiliaverit
2428 1488 2504 1538 se
2537 1466 2766 1538 modis
2800 1464 3123 1538 omnibus
3161 1487 3389 1538 coram
3423 1469 3658 1559 nobis;
3702 1469 4018 1542 conside·

1202 1600 1428 1661 rantes
1464 1590 1747 1685 insuper
1777 1589 1965 1682 quod
2001 1611 2359 1683 nunquam
2395 1610 2520 1683 per
2552 1610 2711 1660 eum
2747 1589 2953 1659 fuerit
2994 1587 3333 1661 offensum
3383 1591 3745 1685 imperium
3786 1602 3854 1663 et
3892 1614 4020 1665 nec

1201 1723 1438 1787 contra
1468 1713 1797 1787 honorem
1841 1723 2145 1786 nostrum
2185 1712 2274 1785 ad
2311 1713 2826 1805 suggestionem
2864 1714 3158 1806 alicujus
3189 1716 3485 1786 voluerit
3534 1716 3829 1788 inveniri
3863 1715 4010 1811 (t),

1202 1839 1488 1933 dignum
1524 1849 1593 1910 et
1629 1839 1795 1911 utile
1822 1839 2129 1912 vidimus
2160 1838 2342 1911 circa
2378 1848 2633 1911 statum
2670 1848 2740 1911 et
2779 1849 3225 1932 augmentum
3249 1840 3471 1934 ipsius
3503 1840 3831 1933 imperiali
3867 1864 4018 1913 mu-

1200 1962 1543 2034 nificentia
1568 1962 1961 2057 providere.
1998 1960 2425 2056 Quapropter
2443 1984 2602 2033 cum
2628 1962 2945 2052 consilio,
2981 1983 3267 2034 assensu
3295 1972 3365 2033 et
3396 1964 3792 2035 assistencia
3822 1964 4015 2058 prin·

1201 2086 1434 2179 cipum
1472 2086 1816 2158 civitatem
1852 2086 2262 2158 Brunswich
2297 2095 2365 2158 et
2401 2096 2700 2159 castrum
2731 2086 3144 2158 Luneburch
3177 2108 3333 2158 cum
3367 2087 3691 2157 omnibus
3728 2087 3966 2158 castris
3988 2141 4007 2175 ‚

1202 2208 1597 2279 hominibus
1633 2218 1703 2279 et
1747 2208 2170 2301 pertinentiis
2210 2208 2354 2279 suis
2392 2209 2772 2295 univimus,
2813 2220 2883 2281 et
2918 2208 3304 2281 creavimus
3350 2208 3512 2281 inde
3574 2208 3901 2280 ducatum
3950 2218 4017 2281 et

1201 2332 1536 2426 imperiali
1581 2332 1984 2404 auctoritate
2021 2331 2284 2404 dictum
2321 2333 2909 2423 consanguineum
2958 2341 3264 2404 nostrum
3314 2331 3629 2402 Ottonem
3668 2331 3913 2403 ducem
3948 2341 4017 2402 et

1196 2455 1578 2549 principem
1614 2458 1938 2527 facientes
1966 2452 2108 2549 (2),
2151 2457 2480 2526 ducatum
2510 2455 2736 2549 ipsum
2767 2455 2837 2525 in
2866 2454 3145 2527 feodum
3164 2454 3429 2547 imperii
3456 2454 3521 2524 ei
3553 2455 4016 2526 concessimus

1199 2578 1291 2649 ad
1320 2578 1614 2651 heredes
1632 2601 1795 2649 suos
1818 2577 1995 2649 filios
2013 2586 2081 2649 et
2109 2576 2285 2649 filias
2306 2577 2717 2651 hereditarie
2739 2578 3276 2670 devolvendum,
3306 2587 3375 2649 et
3389 2599 3551 2649 eum
3578 2578 4013 2673 solempniter

1186 2703 1389 2792 juxta
1422 2700 1992 2772 consuetudinem
2027 2702 2513 2772 investivimus
2541 2723 2661 2794 per
2696 2702 2994 2790 vexilla3
3030 2700 3119 2774 de
3152 2702 3577 2774 affluentiore
3605 2702 3827 2794 gratia
3850 2722 4015 2772 con-

1197 2823 1518 2895 cedentes
1552 2823 1780 2897 eidem
1827 2823 2130 2896 decimas
2181 2823 2482 2895 Goslarie
2531 2824 2819 2918 imperio
2858 2825 3293 2919 pertinentes.
3350 2825 3658 2895 Ceterum
3711 2824 4015 2895 ministe-

1196 2947 1399 3017 riales
1458 2967 1620 3018 suos
1687 2947 1762 3016 in
1830 2947 2310 3018 ministeriales
2380 2948 2648 3041 imperii
2716 2956 3180 3034 assumentes,
3254 2945 3482 3018 eidem
3551 2946 4013 3018 concessimus

1199 3068 1478 3141 eosdem
1506 3069 1988 3141 ministeriales
2008 3070 2285 3160 juribus
2323 3071 2456 3141 illis
2485 3071 2582 3140 uti
2619 3070 2875 3163 quihus
2901 3069 3165 3163 imperii
3195 3068 3664 3139 ministeriales
3693 3076 4004 3138 utuntur.

1195 3190 1309 3264 Ad
1353 3191 1566 3283 hujus
1613 3192 1845 3286 itaque
1894 3192 2352 3264 concessionis
2402 3192 2799 3264 memoriam
2853 3201 2924 3265 et
2976 3193 3186 3265 robur
3216 3199 3553 3288 perpetuo
3592 3191 4004 3278 valiturum,

1199 3337 1480 3410 presens
1512 3316 1953 3410 privilegium
1983 3314 2131 3389 fieri
2154 3325 2222 3388 et
2248 3317 2438 3388 hulla
2466 3339 2675 3390 aurea
2706 3316 2976 3412 typario
3010 3325 3236 3388 nostre
3270 3315 3643 3406 majestatis
3682 3314 4009 3408 impressa

1192 3439 1526 3531 jussimus
1550 3440 1982 3511 communiri.

1292 3563 1516 3653 Hujus
1552 3572 1781 3634 autem
1817 3563 1917 3635 rei
1949 3571 2155 3635 testes
2182 3573 2344 3634 sunt
2385 3590 2403 3633 ε
2443 3565 2515 3634 S.
2559 3562 3033 3655 Maguntinus,
3073 3562 3159 3632 H.
3200 3560 3655 3649 ColoniensiS‚
3718 3559 3798 3629 E.
3834 3559 4009 3629 Salz·

1197 3686 1599 3780 purgensis,
1638 3688 1716 3758 T.
1760 3687 2196 3759 Treverensis
2227 3696 2296 3758 et
2351 3739 2369 3756 .
2433 3740 2451 3757 .
2512 3738 2530 3755 .
2583 3684 2983 3757 Bisuntinus
3026 3683 3516 3778 archiepiscopi
3545 3710 3565 3772 ;
3595 3683 3711 3752 W.
3767 3678 4010 3752 Made-

1199 3807 1563 3901 burgensis
1598 3811 1888 3899 electuS‚
1943 3813 2024 3883 E.
2077 3809 2724 3902 Pabembergensi5,
2777 3810 2849 3880 S.
2905 3809 3413 3902 Ratisponensis
3446 3804 3819 3900 imperialis
3853 3802 4011 3873 aule

2594 4001 2895 4010 ——-...-—..-——
3292 3993 3994 4008 ----.-..—·.---.--.··-.———--

1271 4109 1343 4183 (4)
1383 4109 1582 4166 Alludit
1605 4109 1891 4182 imperator
1910 4110 2128 4167 consilio
2153 4110 2295 4181 quod
2321 4109 2445 4166 Otto
2470 4109 2650 4165 Sancti
2676 4108 2876 4166 Nicolai
2903 4108 3211 4178 cardinalis,
3242 4112 3372 4162 tunc
3399 4103 3554 4161 Sedis
3583 4100 3913 4174 Apostolicae
3942 4098 4013 4154 le·

1200 4212 1374 4277 gatus,
1403 4221 1543 4262 anno
1565 4209 1700 4262 4229
1727 4206 1909 4262 Ottoni
1938 4207 2003 4262 de
2023 4206 2309 4279 Luneburg
2325 4206 2574 4278 dederat,
2596 4206 2827 4263 suadens
2845 4210 2904 4261 ut
2928 4205 2981 4259 in
3005 4204 3331 4261 Fridericum
3350 4208 3479 4256 tunc
3500 4195 4011 4254 excommunicatum

1199 4303 1512 4376 insurgeret.
1540 4301 1619 4359 Cf.
1647 4306 1778 4358 tom.
1800 4301 1901 4372 111,
1929 4319 1986 4374 p.
2009 4305 2132 4358 446.

1273 4399 1344 4471 (2)
1385 4418 1412 4451 (t
1433 4397 1562 4454 Otto
1585 4399 1652 4454 de
1671 4398 2033 4469 Luninburch,
2061 4414 2228 4472 nepos
2253 4400 2433 4472 magni
2460 4398 2609 4455 ducis
2629 4396 2857 4454 Heinrici
2871 4439 2887 4468 ,
2911 4411 3083 4453 novus
3101 4396 3211 4451 dux
3236 4399 3292 4450 et
3306 4393 3555 4465 princeps
3577 4389 3821 4447 efficitur.
3841 4387 4013 4458 Quem

1201 4496 1344 4551 diem
1369 4497 1577 4568 rogavit
1604 4495 1892 4569 imperator
1917 4496 2165 4552 omnibus
2193 4497 2474 4553 annalibus
2499 4495 2763 4562 adscribi,
2786 4508 2853 4550 eo
2886 4492 3029 4565 quod
3072 4498 3198 4549 tunc
3232 4492 3531 4547 Romanum
3572 4487 3809 4544 auxisset
3835 4485 4007 4558 impe·

1201 4593 1340 4648 rium
1367 4608 1563 4649 novum
1591 4594 1888 4666 principem
1913 4595 2161 4664 creand0,
2190 4610 2455 4651 consensu
2490 4595 2727 4651 omnium
2762 4590 3060 4665 principum
3091 4587 3391 4646 accedente.
3416 4585 3537 4642 Fuit
3564 4590 3743 4642 autem
3770 4583 3885 4641 dies
3922 4581 4011 4638 illa

1199 4685 1380 4759 vigilia
1401 4687 1662 4745 Timothei
1684 4690 1770 4761 (24
1805 4690 2060 4763 augusti).
2091 4710 2118 4743 ι
2143 4690 2393 4748 Gonsn.
2419 4689 2630 4748 Conon.
2658 4704 2747 4763 ap.
2773 4689 3046 4745 nomn
3062 4727 3078 4760 ,
3102 4686 3315 4758 Fontes,
3345 4688 3387 4740 t.
3413 4682 3489 4754 11,
3516 4699 3573 4757 p.
3600 4682 3724 4738 367.
