4842 5802
857 629 1055 688 Ῑιωιστ.
1087 623 1172 708 9.]
1746 622 2145 685 HISTORIA
2198 621 2787 686 DIPLOMATICA.
3565 626 3685 689 893

857 760 1182 834 culminis
1213 757 1625 854 imperialis,
1663 765 1734 830 et
1763 758 1897 831 nisi
1934 758 2228 855 predicti
2266 759 2458 834 cives
2492 759 2874 854 Maguntini
2912 780 3139 833 coram
3176 779 3304 833 suo
3334 760 3575 851 judice
3609 762 3681 832 in

857 885 1136 957 civitate
1191 883 1597 976 Maguntina
1636 882 1843 972 juxta
1888 884 2049 974 jura
2085 892 2156 955 et
2186 882 2725 956 consuetudines
2757 883 2975 979 ipsius
3025 883 3324 957 civitatis
3370 905 3676 979 conque-

854 1006 1167 1081 rentibus
1218 1005 1309 1078 de
1361 1004 1527 1099 ipsis
1585 1004 2082 1099 denegaverint
2125 1007 2466 1098 justitiam
2516 1007 2870 1080 exhibere.
2924 1008 3301 1080 Statuimus
3353 1007 3561 1101 igitur
3609 1017 3679 1080 et

853 1131 1190 1227 presentis
1240 1128 1585 1224 privilegii
1629 1128 2034 1202 auctoritate
2079 1129 2497 1202 mandamus
2534 1138 2875 1224 quatenus
2922 1131 3108 1201 nulla
3159 1150 3484 1226 persona,
3529 1130 3674 1203 hu-

852 1253 1035 1325 milis
1070 1254 1182 1325 vel
1220 1252 1571 1344 sublimis,
1613 1261 1849 1324 contra
1892 1252 2227 1346 presentis
2261 1253 2480 1346 gratie
2512 1262 2743 1326 nostre
2779 1253 3102 1346 paginam
3137 1254 3379 1327 venire
3418 1264 3673 1327 temere

853 1384 1228 1470 presumat.
1272 1373 1478 1461 Quod
1513 1376 1636 1470 qui
1666 1374 2160 1471 presumpserit
2197 1374 2269 1445 in
2304 1374 2686 1449 vindictam
2722 1376 3122 1449 temeritatis
3154 1398 3281 1449 sue
3311 1380 3669 1473 quinqua-

852 1499 1046 1593 ginta
1077 1521 1340 1572 marcas
1369 1500 1520 1571 auri
1556 1510 1956 1594 componat,
1988 1521 2286 1593 quarum
2328 1498 2560 1572 media
2603 1522 2765 1595 pars
2807 1521 3076 1573 camere
3105 1511 3369 1593 nostre,
3408 1502 3668 1596 reliqua

852 1645 1020 1696 vero
1052 1645 1208 1718 pars
1239 1624 1462 1718 passis
1491 1623 1812 1716 injuriam
1841 1624 2295 1717 persolvatur.
2321 1620 2439 1694 Ad
2463 1623 2673 1715 hujus
2701 1624 2932 1718 itaque
2956 1624 3174 1717 gratie
3209 1636 3435 1698 nostre
3462 1626 3670 1699 robur

850 1756 1183 1843 perpetuo
1215 1748 1617 1839 valiturum,
1655 1768 1936 1841 presens
1969 1746 2413 1843 privilegium
2453 1745 2599 1819 fleri
2635 1755 2704 1821 et
2733 1747 2962 1841 sigillo
2988 1761 3216 1822 nostre
3240 1750 3669 1823 celsitudinis

841 1871 1177 1961 jussimus
1208 1870 1642 1943 communiri.

945 1995 1168 2086 Hujus
1205 2002 1435 2065 autem
1474 1994 1572 2065 rei
1603 2002 1810 2067 testes
1844 2001 2005 2066 sunt
2046 2019 2064 2065 ε
2107 1993 2539 2066 venerabiles
2580 1993 2873 2067 Sifridus
2916 1995 3397 2087 Maguntinus,
3446 1995 3667 2069 Theo-

848 2114 1122 2188 dericus
1149 2116 1571 2189 Trevirensis
1598 2116 2121 2212 archiepiscopi,
2149 2117 2385 2189 Siboto
2409 2115 2888 2210 Augustensis‚
2919 2117 3270 2190 Conradus
3292 2118 3656 2214 Spirensis,

846 2238 1203 2314 Conradus
1226 2241 1682 2336 Frisingensis
1717 2241 2049 2337 episcopi,
2085 2242 2419 2314 Henricus
2444 2242 2872 2334 lantgravius
2899 2241 3301 2334 Thuringie,
3338 2242 3662 2315 Albertus

845 2365 997 2439 dux
1032 2367 1364 2458 Saxonis,
1408 2369 1839 2441 Hermannus
1875 2365 2181 2439 marchio
2223 2366 2314 2440 de
2351 2365 2621 2456 Baden,
2659 2364 3008 2438 Gotfridus
3057 2373 3126 2439 et
3168 2366 3522 2439 Conradus
3565 2366 3659 2441 de

841 2488 1241 2562 Hohenloch
1275 2489 1559 2561 comites
1586 2488 2006 2581 Romaniole,
2047 2510 2277 2561 comes
2316 2488 2652 2561 Henricus
2685 2486 2776 2560 de
2812 2487 3302 2583 Waldenberg,
3337 2490 3658 2563 Gerlacus

842 2612 932 2685 de
967 2612 1356 2705 Budingen,
1399 2611 1752 2685 Gotfridus
1797 2611 1888 2684 de
1913 2613 2368 2707 Eppenstein‚
2401 2611 2765 2684 Heinricus
2800 2613 2889 2686 de
2919 2612 3279 2707 Isenburg,
3318 2613 3654 2686 Henricus

840 2736 930 2808 de
958 2736 1426 2832 Bappenheim
1469 2736 1839 2830 imperialis
1875 2737 2035 2808 aule
2070 2737 2514 2826 marscalcus,
2553 2737 2925 2808 Wernerus
2957 2734 3048 2808 de
3085 2735 3413 2808 Bolandia
3457 2738 3657 2828 ejus-

838 2860 997 2933 dem
1051 2860 1209 2932 aule
1257 2859 1554 2955 dapifer,
1605 2857 1961 2932 Conradus
2016 2859 2346 2955 pincerna
2404 2858 2497 2933 de
2553 2860 3106 2953 Winterstetten,
3157 2860 3513 2957 Philippus
3563 2861 3653 2935 de

835 2983 1239 3077 Hohenfels,
1291 2984 1649 3080 Philippus
1698 2982 1790 3057 de
1827 2982 2158 3056 Bolandia
2205 2993 2276 3057 et
2321 2984 2681 3080 Philippus
2733 2983 2824 3058 de
2869 2985 3316 3057 Wallenstein
3339 3038 3360 3077 ,
3417 2995 3488 3059 et
3522 2986 3652 3059 alii

833 3108 1301 3203 quamplures.

931 3229 1103 3303 Acta
1161 3240 1323 3303 sunt
1376 3231 1509 3304 hec
1555 3252 1739 3304 anno
1779 3231 2127 3305 dominice
2168 3231 2658 3304 incarnationis
2704 3231 2800 3302 M.
2833 3230 2957 3302 CC.
3017 3229 3360 3302 tricesimo
3420 3240 3649 3320 sexto,

834 3374 1071 3426 mense
1098 3354 1293 3444 julii,
1332 3375 1514 3426 nona
1556 3354 1969 3442 indictione,
2018 3358 2399 3450 imperante
2445 3354 2728 3428 domino
2758 3353 3100 3426 Friderico
3148 3353 3484 3443 secundo,
3528 3357 3652 3427 Dei

832 3476 1050 3568 gratia
1083 3475 1548 3547 Romanorum
1584 3477 1991 3574 imperatore
2024 3498 2291 3572 semper
2324 3486 2648 3570 augusto,
2681 3478 3054 3549 Jerusalem
3090 3486 3159 3549 et
3193 3477 3420 3549 Sicilie
3452 3499 3643 3571 rege,

833 3597 1119 3670 Romani
1164 3598 1431 3692 imperii
1483 3600 1637 3691 ejus
1681 3622 1866 3674 anno
1915 3601 2135 3689 Xvn,
2171 3600 2369 3691 regni
2416 3621 2584 3672 vero
2623 3601 2774 3691 ejus
2812 3600 3041 3672 Sicilie
3094 3599 3436 3673 tricesimo
3477 3622 3647 3697 sep-

832 3722 998 3793 timo
1034 3718 1163 3816 (a),
1195 3721 1505 3793 feliciter.
1546 3721 1792 3794 Amen.

926 3847 1172 3918 Datum
1209 3844 1399 3940 apud
1433 3843 1844 3937 Augustam,
1887 3865 2095 3934 anno,
2131 3865 2370 3918 mense
2394 3854 2465 3918 et
2495 3844 2870 3918 indictione
2899 3844 3313 3941 prescriptis.

932 4413 1354 4498 Fridericus
1368 4477 1392 4522 ,
1433 4415 1953 4500 Romanorum
1998 4417 2438 4526 imperator,
2488 4416 2748 4499 scribit
2791 4416 3133 4499 officiatis
3177 4419 3257 4499 in
3304 4445 3636 4529 quorum

818 4545 1341 4651 jurisdictione
1377 4547 1581 4631 bona
1616 4549 1892 4631 civium
1926 4548 2545 4659 Maguntinorum
2583 4549 2727 4631 sita
2763 4558 2970 4644 sunt,
3012 4560 3097 4633 ut
3131 4552 3397 4635 eadem
3433 4552 3638 4638 bona

905 4726 987 4810 (a)
1024 4731 1267 4797 Rectius
1290 4740 1492 4798 tamen
1511 4754 1670 4799 anno
1693 4737 1926 4819 imperii
1948 4738 2010 4800 Χ
2015 4738 2118 4801 121⁰
2144 4745 2200 4804 et
2225 4739 2392 4821 requi
2417 4734 2614 4803 Sicilie
2641 4739 2920 4803 tricesimo
2943 4755 3115 4801 nono.

3797 4447 3925 4503 Apud

3723 4501 3989 4558 Augu-tm,

3788 4557 3920 4610 juno.
