4842 5802
866 685 1067 745 Inter.
1100 674 1184 758 9.]
1763 669 2157 731 HISTORIA
2211 664 2801 731 n1PLOMAT1cA.
3568 656 3683 719 861

866 811 1195 908 pagiuam
1229 828 1404 880 ausu
1453 804 1816 877 temerario
1864 803 1938 874 in
1980 804 2212 899 aliquo
2258 803 2649 886 molestare,
2692 792 3004 869 indebite
3036 793 3371 887 impedire
3404 794 3520 866 vel
3563 793 3684 863 in-

862 935 1172 1029 quietare
1237 937 1614 1025 presumat3
1677 926 1869 1020 quod
1937 931 2059 1020 qui
2143 923 2674 1023 presumpserit,
2740 919 3280 1014 indignationem
3358 918 3678 989 culminis

870 1056 1083 1130 nostri
1137 1076 1213 1128 se
1264 1052 1534 1126 noverit
1585 1051 2047 1123 incursurum.
2101 1048 2213 1122 Ad
2261 1050 2475 1141 hujus
2525 1057 2754 1119 autem
2807 1045 2904 1117 rei
2951 1043 3346 1115 memoriam
3401 1050 3471 1113 et
3521 1062 3684 1135 per-

869 1188 1147 1276 petuam
1186 1176 1579 1249 firmitatem
1601 1228 1621 1264 ,
1659 1195 1939 1269 presens
1974 1173 2303 1268 scriptum
2355 1171 2506 1243 fieri
2536 1169 2873 1262 jussimus
2920 1165 3288 1259 maJestatis
3325 1173 3552 1237 nostre
3581 1164 3686 1235 si-

868 1303 1034 1396 gillo
1072 1300 1440 1371 munitum.

966 1427 1219 1495 Datum
1286 1419 1481 1517 apud
1534 1419 1952 1510 Wisebade‚
2006 1441 2189 1492 anno
2249 1418 2594 1491 dominice
2651 1414 3136 1487 incarnationis
3196 1411 3638 1486 MCCXXXVI
3659 1470 3676 1499 ,

872 1569 1110 1622 mense
1154 1547 1361 1636 maio,
1406 1566 1587 1617 none
1619 1544 2038 1617 indictionis.

884 2106 889 2113 ¹
981 2126 1405 2209 Fridericus
1427 2188 1451 2234 ,
1508 2128 2029 2210 Romanorum
2092 2129 2538 2235 imperator,
2602 2100 3072 2236 magistram·
3101 2133 3176 2207 et
3235 2133 3686 2208 conventum

872 2259 1313 2343 monasterii
1350 2258 1764 2341 Fiissenich
1804 2258 2058 2368 (juxta
2095 2258 2456 2369 Ziilpich)
2495 2286 2672 2342 cum
2727 2258 3084 2342 omnibus
3146 2283 3411 2340 earum
3466 2258 3686 2342 bonis

875 2392 1021 2476 sub
1059 2419 1200 2475 sua
1234 2402 1309 2475 et
1343 2392 1641 2500 imperii
1677 2391 2137 2500 protectione
2174 2392 2461 2499 recipit.

1040 2607 1242 2684 (Edid.
1274 2607 1478 2680 Huoo,
1508 2602 1724 2666 Annal.
1755 2606 2137 2679 Premomtr„
2164 2612 2212 2665 t.
2244 2606 2304 2679 1,
2334 2604 2592 2682 probat„
2624 2622 2683 2682 p.
2719 2604 2879 2681 572.)

973 2792 1398 2881 FridericuS,
1439 2793 1562 2863 Dei
1608 2792 1825 2884 gratia
1854 2792 2316 2862 Romanorum
2351 2791 2723 2886 imperator
2751 2812 3026 2887 semper
3065 2804 3440 2886 augustus,
3481 2798 3686 2867 Jeru-

874 2917 1083 2989 salem
1119 2925 1191 2987 et
1224 2916 1456 2988 Sicilie
1492 2937 1643 2987 rex.
1682 2917 1809 2987 Per
1855 2937 2134 3008 presens
2176 2916 2508 3008 scriptum
2538 2926 2775 2987 notum
2809 2915 2955 2986 fieri
2986 2917 3310 2988 volumus
3347 2919 3687 2991 universis

875 3040 1198 3113 fidelibus
1253 3040 1465 3111 nostri
1503 3040 1769 3133 imperii
1821 3050 1962 3111 tam
2010 3040 2438 3133 presentibus
2484 3061 2694 3132 quam
2733 3040 2981 3110 futuris
3032 3039 3223 3132 quod
3261 3041 3584 3134 magistra
3620 3053 3690 3115 et

875 3176 1255 3237 conventus
1284 3165 1678 3235 monasterii
1710 3163 2071 3254 Vusenicz,
2112 3163 2353 3235 fideles
2398 3173 2652 3252 nostre,
2691 3163 3023 3255 majestati
3059 3172 3288 3235 nostre
3342 3165 3689 3239 humiliter

873 3288 1444 3383 supplicaverunt
1481 3297 1558 3358 ut
1595 3298 1731 3359 tam
1764 3289 1949 3380 ipsas
1980 3308 2188 3380 quam
2221 3288 2404 3359 bona
2443 3287 2832 3359 monasterii
2861 3287 3170 3378 ejusdem
3193 3287 3326 3357 sub
3357 3300 3585 3361 nostra
3620 3300 3691 3362 et

875 3410 1149 3505 imperii
1213 3409 1636 3503 protectione
1684 3409 1774 3481 de
1837 3410 2053 3502 gratia
2115 3420 2340 3481 nostra
2400 3410 2705 3504 recipere
2766 3409 3232 3502 dignaremur.
3285 3410 3427 3482 Nos
3481 3413 3689 3503 igitur

876 3532 1501 3627 supplicationibus
1532 3531 1680 3603 suis
1711 3533 2013 3626 benigne
2047 3541 2117 3605 et
2147 3532 2612 3605 favorabiliter
2647 3533 2977 3620 inclinati,
3015 3533 3234 3605 dictas
3272 3533 3577 3627 virgines
3621 3547 3692 3608 et

879 3666 1298 3729 conventum
1352 3655 1592 3728 fideles
1646 3665 1913 3727 nostras
1961 3666 2031 3728 et
2080 3655 2570 3727 monasterium
2610 3656 2837 3749 ipsum
2901 3677 3060 3726 cum
3117 3656 3436 3729 omnibus
3491 3659 3688 3732 bonis

877 3781 1024 3851 suis
1072 3800 1211 3872 que
1252 3779 1325 3848 in
1373 3780 1871 3873 presentiarum
1917 3780 2101 3869 juste
2154 3788 2338 3850 tenet
2372 3788 2444 3850 et
2484 3778 2787 3873 possidet
2844 3788 2913 3850 et
2953 3801 3093 3871 que
3144 3780 3214 3850 in
3252 3791 3450 3854 antea
3501 3786 3688 3875 justo

880 3904 1080 3976 titulo
1123 3902 1370 3998 poterit
1409 3902 1734 3997 adipisci,
1778 3903 1912 3973 sub
1954 3902 2374 3998 protectione
2413 3911 2645 3974 nostra
2687 3913 2756 3973 et
2793 3902 3064 3997 imperii
3108 3904 3482 3997 recipimus
3524 3931 3689 4002 spe-

879 4028 1062 4101 ciali.
1106 4027 1528 4099 Presentium
1580 4028 1785 4120 igitur
1839 4037 2073 4099 tenore
2126 4025 2536 4099 mandamus
2578 4024 2863 4097 firmiter
2915 4027 3302 4100 inhibentes
3349 4040 3690 4123 quatenus

788 4223 793 4228 .
878 4152 1110 4222 nullus
1146 4153 1236 4222 sit
1270 4151 1393 4244 qui
1431 4151 1728 4246 prefatas
1779 4151 2173 4243 magistram
2220 4160 2290 4222 et
2318 4159 2734 4222 conventum
2772 4147 3011 4221 fideles
3048 4160 3311 4223 nostras
3341 4174 3424 4224 ac
3465 4154 3691 4248 ipsum

880 4275 1373 4346 monasterium
1423 4284 1657 4347 contra
1706 4272 1915 4366 hujus
1964 4273 2397 4368 protectionis
2448 4281 2674 4345 nostre
2729 4273 3048 4368 paginam
3107 4295 3279 4346 ausu
3337 4279 3694 4351 temerario

879 4399 954 4469 in
1004 4399 1237 4492 aliquo
1292 4399 1684 4484 molestare,
1736 4395 2043 4468 indebite
2097 4395 2430 4492 impedire
2482 4395 2594 4469 vel
2647 4395 3027 4489 inquietare
3075 4408 3438 4490 presumat.
3489 4400 3695 4485 Quod

877 4522 1000 4615 qui
1056 4523 1546 4617 presumpserit
1592 4520 2139 4611 indignationem
2191 4519 2509 4591 culminis
2545 4518 2758 4591 nostri
2809 4540 2886 4590 se
2925 4520 3190 4592 noverit
3221 4521 3685 4594 incursurum.

880 4642 990 4715 Ad
1030 4643 1241 4733 hujus
1279 4653 1505 4714 autem
1545 4643 1641 4714 rei
1683 4642 2082 4715 memoriam
2118 4650 2187 4713 et
2217 4649 2619 4737 perpetuam
2668 4640 3090 4734 firmitatem,
3146 4665 3426 4738 presens
3468 4647 3692 4742 scrip-

883 4776 1028 4838 tum
1061 4765 1213 4837 fieri
1241 4766 1577 4858 jussimus
1619 4766 1987 4859 majestatis
2040 4774 2272 4838 nostre
2307 4765 2534 4858 sigillo
2571 4766 2940 4839 munitum.

3850 2139 3976 2190 Apud

3755 2192 4049 2237 rmxensord
4059 2220 4073 2247 ,
