4842 5802
860 614 1054 670 Iunior.
1088 606 1173 690 7.]
1753 604 2146 665 HISTORIA
2201 605 2785 669 DIPLOMATICA.
3557 611 3677 672 673

956 741 1040 811 Η.
1067 792 1088 831 ,
1128 738 1253 811 Dei
1288 736 1511 829 gratia
1549 737 2009 809 Romanorum
2044 759 2170 809 rex
2211 749 2280 808 et
2312 761 2585 833 semper
2619 748 2988 832 augustus,
3029 742 3368 814 universis
3405 742 3676 837 imperii

868 862 1475 956 fidelibus'qnibus
1512 881 1798 955 presens
1837 861 2034 934 litera
2067 862 2271 933 fuerit
2318 872 2593 933 ostensa
2632 864 2921 955 gratiam
2962 886 3160 936 suam
3196 874 3266 937 et
3299 885 3503 937 omne
3552 866 3676 938 bo-

869 1012 1059 1061 num.
1104 988 1277 1060 Cum
1314 987 1493 1059 inter
1524 985 1883 1058 ecclesiam
1914 995 2213 1058 nostram
2246 987 2736 1058 Halisbrunnin
2778 996 2847 1059 et
2876 988 3181 1059 relictam
3212 988 3551 1061 Cuonradi
3588 990 3680 1062 de

868 1111 1211 1185 Anindorf
1251 1132 1376 1206 pro
1419 1109 1840 1203 quibusdam
1876 1108 2079 1180 bonis
2128 1109 2278 1180 sitis
2332 1109 2680 1180 Anindorf
2718 1110 2802 1181 lis
2850 1119 2920 1182 et
2953 1111 3223 1204 questio
3270 1122 3676 1202 verteretur,

871 1258 1097 1310 coram
1125 1234 1326 1306 nobis
1369 1242 1438 1305 et
1480 1232 1799 1304 Heinrico
1832 1232 1923 1304 de
1954 1231 2162 1302 Niffin
2197 1253 2406 1325 quem
2443 1231 2535 1304 ad
2568 1233 3116 1326 cognoscendam
3142 1256 3420 1306 causam
3454 1234 3686 1330 depu-

876 1372 1297 1449 taveramus,
1342 1358 1443 1429 sic
1479 1356 1742 1429 exstitit
1776 1354 2143 1427 diffinitum
2172 1354 2364 1449 quod
2397 1355 2581 1427 filius
2617 1359 2767 1449 ejus
2821 1411 2838 1427 .
2904 1412 2921 1428 .
2985 1412 3001 1427 .
3058 1359 3206 1452 ipsa
3249 1359 3432 1430 bona
3463 1369 3690 1432 teneat

876 1485 967 1556 ad
1003 1493 1308 1578 tempora
1345 1481 1487 1554 vite
1516 1500 1667 1567 sue,
1699 1489 1765 1551 et
1803 1479 1951 1585 ipsa
1981 1479 2269 1551 ecclesia
2298 1479 2592 1572 singulis
2618 1480 2818 1550 annis
2856 1480 2946 1552 de
2979 1482 3146 1574 ipsis
3174 1482 3374 1554 bonis
3409 1484 3482 1554 in
3521 1486 3690 1558 festo

877 1606 1144 1678 Martini
1188 1604 1476 1699 recipiat
1527 1603 1643 1674 LX
1688 1603 2010 1674 denarios
2065 1624 2191 1697 pro
2234 1603 2704 1696 possessione,
2763 1611 2832 1673 et
2869 1603 2970 1674 sic
3006 1603 3331 1676 defuncto
3363 1607 3511 1700 ipso
3548 1605 3691 1680 filio

881 1732 1031 1825 ipsa
1066 1731 1249 1802 bona
1298 1750 1457 1799 cum
1506 1727 1895 1820 integritate
1931 1725 2219 1798 redeant
2253 1728 2346 1799 ad
2392 1748 2564 1797 usus
2611 1726 2896 1797 ecclesie
2943 1740 3330 1820 prenotate,
3375 1742 3442 1803 et
3479 1732 3538 1802 si
3571 1732 3693 1803 ha-

881 1855 1109 1927 buerit
1138 1852 1455 1940 heredeS‚
1498 1851 1667 1944 ipsis
1701 1850 1901 1922 bonis
1929 1871 2066 1922 non
2101 1848 2498 1922 succedant.
2526 1849 2639 1920 Ad
2670 1848 2799 1920 hec
2835 1860 3284 1944 protestamur
3311 1855 3503 1947 quod
3539 1878 3695 1950 pre-

884 1979 1132 2050 libatus
1188 2031 1205 2047 .
1270 2030 1287 2046 .
1352 2030 1367 2045 .
1426 1975 1573 2068 ipsa
1606 1975 1790 2047 bona
1818 1995 1957 2046 non
2006 1974 2211 2044 habet
2244 1973 2716 2045 auctoritatem
2747 1973 3100 2067 obligandi
3133 1977 3244 2047 vel
3295 1977 3694 2051 infeodandi

886 2124 1006 2174 seu
1039 2099 1387 2174 alienandi
1423 2100 1514 2170 ab
1549 2098 1833 2171 ecclesia
1875 2099 2213 2186 antefata,
2251 2105 2320 2167 et
2352 2097 2410 2167 si
2443 2098 2700 2168 factum
2732 2097 2960 2186 fuerit,
3004 2107 3241 2170 tenore
3262 2103 3697 2193 presencium

889 2235 1293 2297 revocamus
1324 2234 1393 2295 et
1422 2221 1856 2294 decernimus
1893 2242 2032 2292 non
2063 2220 2316 2293 valere.

983 2350 1206 2439 Hujus
1254 2348 1490 2439 itaque
1537 2345 1697 2417 facti
1749 2353 1955 2417 testes
2001 2352 2162 2415 sunt
2214 2369 2231 2413 ε
2288 2341 2729 2415 Eberhardus
2773 2341 2861 2414 de
2898 2345 3161 2435 Monte,
3221 2346 3578 2419 Heinricus
3609 2350 3701 2423 de

893 2472 1151 2560 Monte,
1192 2466 1630 2540 Burchardus
1663 2467 1753 2538 de
1777 2466 2241 2556 Witansdorf‚
2289 2465 2690 2538 Cuonradus
2743 2466 2830 2538 de
2865 2465 3291 2558 Festinberc‚
3342 2470 3702 2544 Heinricus

895 2595 981 2666 de
1012 2593 1409 2686 Gisilingin,
1466 2591 1827 2663 Heinricus
1875 2590 1965 2663 de
1999 2589 2439 2680 Vendibach,
2495 2589 2570 2661 C.
2627 2589 3037 2682 butiglarius
3083 2590 3172 2662 de
3224 2594 3649 2667 Nuorinberc
3677 2649 3697 2684 ‚

896 2716 1295 2812 Cuonradus
1322 2717 1631 2810 Biginot,
1673 2717 2105 2789 Hermannus
2143 2713 2325 2786 filius
2359 2736 2566 2804 suuS,
2622 2713 3031 2788 Bertholdus
3059 2717 3451 2807 Scuteloch,
3494 2729 3562 2791 et
3587 2721 3703 2792 alii

897 2843 1362 2936 quamplures.

990 2966 1236 3038 Actum
1270 2964 1458 3061 apud
1482 2964 1928 3054 Nuorinberc,
1963 2984 2148 3034 anno
2181 2962 2449 3035 Domini
2483 2962 2842 3035 millesimo
2875 2963 3344 3041 ducentesimo
3371 2968 3710 3043 tricesimo

900 3103 1176 3183 quarto,
1213 3089 1430 3162 XVIII
1461 3089 1794 3161 kalendas
1826 3087 2270 3182 septembris,
2312 3083 2686 3158 indictione
2712 3088 2879 3159 V11·.

1332 3398 1379 3409 .-

1017 3664 1420 3772 HenricuS,
1465 3666 1988 3750 Romanorum
2041 3690 2174 3746 rex
2199 3725 2223 3771 ,
2281 3689 2424 3773 pro
2475 3664 2812 3747 remedio
2868 3667 3167 3749 animae
3200 3693 3401 3749 suae
3453 3669 3716 3751 domui

915 3797 1168 3880 Sancti
1222 3799 1482 3881 Lazari
1544 3798 1940 3881 ecclesiam
1996 3821 2216 3879 suam
2274 3795 2710 3906 Meyringen
2769 3796 2991 3878 sitam
3063 3799 3140 3876 in
3214 3798 3382 3882 loco
3446 3801 3714 3883 Hasil—

912 3928 1072 4010 thal
1116 3955 1291 4011 cum
1335 3929 1510 4039 jure
1554 3939 2000 4039 patronatus
2038 3938 2112 4010 et
2156 3927 2367 4009 omni
2401 3926 2749 4009 libertate
2784 3938 3145 4037 perpetuo
3182 3931 3715 4038 possidendam

915 4061 1232 4145 confert.

1074 4273 1263 4346 (Edit.
1294 4273 1359 4332 In
1385 4268 1716 4335 Solotlmrn.
1747 4268 2156 4349 Woclzenblatt,
2186 4289 2327 4333 ann.
2364 4281 2540 4347 1827,
2571 4280 2640 4332 n⁰
2667 4280 2773 4346 39,
2804 4290 2865 4351 p.
2900 4276 3064 4348 376.)

1008 4457 1369 4529 Heinricus
1384 4459 1744 4552 septimus,
1785 4458 2022 4533 divina
2049 4461 2323 4531 favente
2338 4459 2696 4531 clementia
2713 4460 3170 4532 Romanorum
3203 4484 3329 4534 rex
3350 4474 3417 4535 et
3450 4487 3723 4561 semper

922 4593 1253 4675 augustus
1279 4637 1300 4674 ‚
1345 4585 1687 4657 universis
1722 4585 1990 4680 imperii
2030 4584 2349 4657 fidelibus
2381 4586 2638 4678 quibus
2658 4607 2941 4680 presens
2979 4587 3197 4659 littera
3228 4589 3426 4661 fuerit
3452 4603 3724 4667 ostensa

927 4707 1210 4799 gratiam
1237 4729 1434 4779 suam
1468 4718 1537 4782 et
1558 4730 1762 4782 omne
1785 4710 2068 4782 bonum.
2106 4708 2275 4780 Cum
2317 4709 2576 4800 fragilis
2605 4710 2693 4781 sit
2729 4710 2869 4782 vita
2897 4711 3194 4783 hominis
3220 4723 3287 4785 et
3317 4725 3532 4788 morte
3554 4718 3727 4790 nihil

1080 4833 1187 4896 IV.
1232 4841 1346 4889 Pu·
1372 4849 1415 4891 2.
3335 4847 3408 4899 85

3887 3700 4014 3755 Apud

3800 3755 4080 3807 Nuremberg
4095 3787 4107 3805 ,

3816 3810 3867 3852 18
3886 3811 4088 3862 augusti.
