4842 5802
1235 619 1358 681 642
2267 619 2612 681 numum
2659 619 3010 681 SEPTml.
3685 623 3842 707 [An.
3880 625 4052 690 1234.

1238 758 1324 827 tis
1352 777 1959 848 cognosceremus;
2000 780 2126 831 nos
2162 757 2614 830 nobilioribus
2650 766 2719 828 et
2755 755 3263 830 honestioribus
3306 767 3484 831 terre
3527 761 3951 852 convocatis,
3989 772 4059 834 et

1238 877 1495 951 auditis
1528 879 1599 949 in
1639 881 1982 974 presentia
2035 881 2339 976 ipsorum
2372 880 2737 977 prepositis
2769 881 3131 975 utriusque
3164 882 3378 977 partis
3422 889 3490 954 et
3532 882 3861 976 inquisita
3895 884 4057 957 dili-

1237 1003 1512 1096 gentius
1536 1003 1862 1093 veritate,
1902 1006 2356 1096 cognovimus
2386 1005 2714 1077 relatione
2744 1003 3055 1077 veridica
3081 1004 3454 1096 Jamdictos
3481 1004 3795 1078 homines
3826 1007 4055 1080 Sancti

1239 1126 1390 1198 Ursi
1419 1124 1511 1198 ad
1548 1126 1900 1199 ecclesiam
1931 1127 2457 1201 Solodorensem
2489 1127 2703 1200 libere
2741 1127 3082 1222 pertinere
3119 1136 3189 1199 et
3224 1127 3544 1200 comitem
3580 1127 3671 1202 de
3697 1128 4056 1224 Buchecge

1236 1266 1390 1321 esse
1444 1244 1857 1318 advocatum
1925 1249 2231 1343 ipsorum
2250 1302 2270 1340 ,
2329 1249 2489 1320 licet
2539 1247 2725 1320 dicta
2770 1248 3061 1320 ecelesia
3103 1249 3510 1320 vexationes
3561 1256 3631 1320 et
3662 1249 4058 1323 exactiones

1237 1369 1635 1444 eorumdem
1687 1371 2048 1445 hominum
2091 1374 2181 1445 ab
2215 1373 2367 1468 ipso
2408 1370 2752 1444 advocato
2797 1371 3166 1444 redemerit
3204 1372 3627 1466 temporibus
3662 1374 4049 1464 retroactis3

1235 1495 1330 1567 ita
1367 1493 1560 1588 quod
1596 1517 1949 1589 nunquam
1997 1496 2224 1568 dictus
2278 1495 2659 1569 advocatus
2697 1494 2790 1567 ad
2833 1495 3112 1568 eosdem
3154 1494 3468 1568 homines
3502 1497 3798 1590 alicujus
3832 1519 4056 1571 exac-

1236 1618 1443 1690 tionis
1478 1619 1594 1690 vel
1633 1620 1892 1692 servitii
1933 1642 2141 1693 causa
2191 1619 2396 1692 debet
2448 1617 2818 1707 accedere,
2877 1618 3010 1690 nisi
3053 1641 3095 1691 a
3134 1619 3440 1715 sepefato
3471 1621 3816 1716 preposito
3852 1622 4056 1693 fuerit

1238 1742 1593 1815 invitatus.
1638 1745 1952 1839 Dictique
2000 1744 2312 1817 homines
2356 1743 2449 1816 ad
2500 1741 2760 1814 nullius
2795 1742 3150 1815 servitium
3185 1751 3347 1813 sunt
3382 1741 3693 1815 adstricti
3727 1744 3859 1815 nisi
3896 1765 4054 1840 pre-

1236 1864 1441 1960 positi
1470 1875 1537 1937 et
1572 1867 1853 1961 capituli
1884 1867 2254 1961 sepedicti,
2297 1876 2364 1937 et
2403 1867 2535 1961 ipsi
2572 1867 2948 1958 burgenses
2993 1866 3250 1938 nullam
3291 1864 3381 1938 de
3404 1866 3562 1957 jure
3600 1867 3672 1937 in
3711 1867 3879 1961 ipsis
3914 1867 4057 1940 ho-

1240 1988 1547 2060 minibus
1574 1989 1832 2061 habent
1860 1999 2291 2085 potestatem,
2331 1989 2461 2067 nisi
2485 1997 2821 2083 quantum
2853 1988 2944 2061 de
2969 1990 3324 2062 voluntate
3341 2000 3410 2060 et
3438 1989 3655 2082 gratia
3669 1990 3888 2084 ipsius
3909 2011 4058 2084 pre-

1235 2111 1440 2206 positi
1475 2120 1543 2183 et
1574 2113 1859 2206 capituli
1877 2122 2195 2208 poterunt
2225 2113 2558 2185 obtinere.

1333 2235 1404 2306 Si
1434 2236 1590 2329 quis
1626 2236 1837 2329 igitur
1872 2246 2106 2309 contra
2140 2237 2318 2307 hanc
2365 2246 2597 2307 nostre
2652 2235 3189 2308 confirmationis
3223 2234 3549 2331 paginam
3610 2258 3788 2309 ausu
3830 2243 4057 2309 teme-

1234 2359 1414 2432 rario
1472 2359 1711 2431 venire
1764 2360 2292 2455 presumpserit,
2353 2360 2895 2454 indignationem
2942 2370 3171 2433 nostre
3219 2359 3648 2433 celsitudinis
3679 2382 3754 2434 se
3791 2361 4058 2434 noverit

1232 2484 1697 2556 incursurum.

1327 2609 1578 2679 Datum
1617 2607 1811 2701 apud
1845 2609 2371 2694 Franckenfurt,
2436 2633 2620 2684 anno
2667 2608 2937 2682 Domini
2973 2608 3462 2698 MCCXXXIV‚
3504 2608 3780 2684 decimo
3813 2610 4057 2705 quinto

1232 2729 1568 2803 kalendas
1593 2732 1855 2821 martii,
1904 2733 2280 2806 indictione
2306 2734 2474 2805 vl1·.

1664 3048 2241 3062 *0-”Ww-q—„v
2256 3056 2351 3062 ---ς
2367 3056 2381 3062 -
2427 3057 2436 3062 .
2452 3057 2462 3062 -
2476 3057 2493 3062 .-
2507 3057 2575 3062 Μ-.
2587 3057 2600 3061 -
2613 3057 2632 3062 -
2645 3057 2652 3061 .
2665 3057 2680 3063 ⁴
2700 3056 2816 3063 -,‚„,-„
2831 3055 3176 3062 -ffl—..m-«-—-
3193 3055 3258 3061 --—
3271 3050 3626 3062 aeoe-n———ffl

1339 3331 1708 3414 Henricus
1726 3395 1749 3439 7
1790 3332 2310 3416 Romanorum
2350 3357 2482 3415 rex
2503 3395 2527 3436 ‚
2571 3339 2890 3415 testatur
2926 3341 2999 3414 et
3034 3340 3289 3415 ratum
3323 3332 3555 3416 habet
3590 3334 3798 3443 quod
3837 3334 4055 3418 Cun-

1231 3465 1467 3548 radus
1516 3465 1883 3574 pincerna
1918 3467 2014 3548 de
2048 3465 2591 3550 Wintersteten
2642 3468 2993 3578 episcopo
3042 3467 3572 3578 Ratisponensi
3605 3470 3702 3551 de
3743 3471 4054 3578 praedio

1233 3624 1373 3683 suo
1408 3600 1489 3679 in
1508 3599 1767 3680 Husen
1806 3598 1903 3681 VI
1938 3597 2176 3680 libras
2210 3599 2713 3707 Augustensis
2750 3612 3097 3685 monetae
3133 3602 3655 3712 resignaverit,
3686 3604 3783 3686 de
3816 3630 4053 3687 manu

1229 3731 1560 3840 episcopi
1614 3757 1754 3840 pro
1809 3731 2039 3814 feudo
2075 3731 2570 3840 recipiendas.

1399 3945 1589 4023 (Edit.
1629 3947 1696 4006 ln
1728 3946 1886 4006 ann
1910 3991 1927 4022 ‚
1974 3944 2114 4006 Cod.
2165 3942 2398 4024 diplom.
2435 3944 2694 4019 Ratisb„
2723 3951 2770 4006 t.
2802 3947 2856 4022 1,
2884 3964 2944 4025 p.
2981 3957 3127 4016 374,
3174 3958 3241 4008 n⁰
3281 3957 3431 4026 890,
3456 3978 3534 3992 ·-
3557 3953 3618 4007 et
3653 3963 3750 4024 ap.
3792 3948 4050 4007 Monam.

1472 4051 1660 4126 Boia,
1687 4057 1835 4113 tom.
1866 4052 2058 4126 XXX,
2090 4069 2226 4129 pars
2251 4053 2326 4129 1¹,
2357 4070 2419 4129 p.
2455 4061 2604 4123 212,
2634 4062 2701 4111 n⁰
2731 4062 2870 4123 720,
2902 4071 2980 4113 ex
3006 4055 3278 4132 originali
3304 4053 3463 4115 unde
3501 4052 3762 4130 sigillum
3787 4052 4056 4112 nonnihil

1473 4159 1698 4219 laesum
1724 4157 2012 4235 appendet
2038 4175 2111 4218 ex
2154 4164 2457 4235 segmento
2483 4156 2982 4237 membranaceo.)

1337 4344 1459 4435 H„
1496 4340 1622 4414 Dei
1667 4338 1886 4434 gratia
1920 4339 2376 4411 Romanorum
2411 4361 2538 4411 rex
2585 4360 2859 4433 semper
2906 4347 3242 4432 augustus
3271 4395 3291 4426 ‚
3351 4339 3690 4411 universis
3735 4338 4059 4440 ‘fidelibus

1236 4467 1384 4540 suis
1421 4486 1702 4562 presens
1731 4463 2060 4558 scriptum
2098 4462 2523 4534 intuentibus
2555 4455 2843 4556 gratiam
2882 4484 3077 4533 suam
3128 4471 3195 4535 et
3228 4483 3432 4534 omne
3469 4461 3756 4533 bonum.
3789 4465 4056 4537 Tenore

1236 4591 1657 4686 presentium
1691 4598 1929 4661 notum
1966 4608 2120 4659 esse
2155 4587 2479 4659 volumus
2506 4586 2851 4661 universis
2882 4583 3077 4680 quod
3107 4585 3332 4659 fidelis
3363 4595 3590 4658 noster
3623 4586 3697 4659 C.
3733 4586 4059 4681 pincerna

1243 4712 1333 4785 de
1362 4713 1843 4785 Wintersteten
1887 4711 2135 4784 dilecto
2185 4710 2479 4806 principi
2518 4720 2750 4783 nostro
2786 4709 3164 4783 venerabili
3214 4710 3688 4805 Ratisponensi
3736 4711 4058 4805 episcopo
