4842 5802
895 674 1095 732 lnmcr.
1130 672 1222 748 9.]
1798 669 2189 732 HISTORIA
2237 668 2826 730 mPLOMATICA.
3599 670 3718 730 775

900 804 1444 878 terminationem
1519 802 1800 896 procedi
1861 825 2002 876 non
2059 805 2285 899 potuit
2333 802 2744 894 hujusmodi
2796 798 3200 897 questionis.
3267 802 3445 873 Dicti
3512 803 3715 877 etiam

898 930 1159 1002 electus
1206 937 1276 1000 et
1334 925 1660 1018 magister
1706 925 2039 1020 eligentes
2075 926 2304 1022 potius
2350 926 2424 997 in
2473 926 2607 997 hac
2655 934 2848 1021 parte
2910 934 3106 997 tuum
3157 935 3522 1018 expectare
3573 948 3719 998 res-

899 1073 1192 1146 ponsum
1250 1072 1459 1144 quam
1513 1048 1781 1142 aliquid
1835 1049 2221 1123 inconsulto
2273 1058 2340 1121 te
2394 1069 2634 1140 gerere
2659 1102 2679 1138 ,
2732 1048 3096 1120 noluerunt
3140 1068 3347 1142 super
3393 1048 3528 1120 hoc
3585 1049 3720 1122 ali-

899 1174 1071 1269 quid
1112 1183 1490 1268 acceptare.
1538 1172 1843 1266 Ideoque
1888 1172 2321 1244 serenitatem
2380 1182 2564 1243 tuam
2612 1169 3028 1242 monendam
3076 1170 3406 1244 duximus
3446 1180 3516 1242 et
3556 1170 3717 1244 hor-

902 1296 1181 1369 tandam
1216 1304 1598 1390 quatenuS,
1640 1296 1948 1389 inspecta
1988 1294 2239 1367 cedula
2288 1317 2498 1389 quam
2530 1294 2655 1366 tibi
2699 1294 2831 1365 sub
2870 1294 3060 1365 bulla
3113 1306 3341 1366 nostra
3386 1296 3720 1367 mittimus

903 1421 1375 1509 interclusam,
1431 1441 1641 1514 super
1699 1418 1808 1490 his
1860 1428 1979 1492 tue
2025 1419 2400 1491 voluntatis
2456 1418 2963 1512 beneplacitum
3008 1416 3474 1512 imperialibus
3521 1417 3722 1489 nobis

904 1542 1252 1615 insinuare
1305 1542 1547 1614 litteris
1602 1564 1740 1615 non
1809 1551 2204 1637 postponas.
2255 1541 2572 1615 Ceterum
2626 1561 3062 1634 nequaquam
3127 1562 3333 1634 super
3381 1539 3722 1613 interdicti

902 1667 1143 1761 prefati
1192 1665 1621 1738 relaxatione
1665 1665 1986 1754 turberis,
2025 1687 2186 1738 cum
2222 1687 2316 1737 ex
2356 1666 2492 1737 hoc
2536 1665 2660 1736 tibi
2707 1665 2974 1735 nullum
3013 1664 3468 1758 prejudicium
3509 1686 3721 1758 gene-

904 1799 1115 1881 retur,
1155 1798 1226 1862 et
1263 1788 1337 1861 id
1372 1790 1642 1861 honore
1680 1798 1799 1861 tuo
1835 1788 2290 1878 considerato,
2332 1788 2424 1860 ob
2476 1797 2730 1859 statum
2783 1789 2967 1858 illius
3014 1796 3189 1858 terre
3235 1788 3500 1880 integre
3548 1810 3725 1860 con-

904 1911 1322 1985 servandum
1366 1912 1769 2003 fecerimus,
1825 1933 2092 1984 necnon·
2136 1912 2226 1985 ad
2263 1911 2689 2007 imperialem
2746 1912 3268 2001 exaltationem,
3321 1911 3535 2004 ipsam
3574 1932 3725 1984 esse

908 2044 1206 2108 nostram
1248 2046 1319 2107 et
1351 2036 1655 2108 Ecclesia
1696 2037 1929 2130 procul
1984 2034 2200 2107 dubio
2244 2043 2676 2128 reputantes,
2720 2034 2793 2104 in
2840 2034 2951 2104 his
2987 2043 3055 2105 et
3100 2034 3252 2104 aliis
3288 2032 3570 2105 firmiter
3602 2055 3728 2106 as-

905 2160 1241 2260 piremuS.

1001 2283 1250 2355 Datum
1287 2281 1558 2373 Assisii,
1596 2281 1658 2352 X
1700 2278 2032 2352 kalendas
2068 2279 2404 2371 octobris,
2442 2300 2625 2351 anno
2661 2299 2868 2352 nono.

1014 2482 1281 2583 [Tertor
1344 2482 1653 2561 cedulae
1706 2505 1928 2587 quam
1992 2505 2208 2587 papa
2256 2477 2456 2559 misit
2512 2476 2958 2586 imperatori
3020 2480 3110 2558 de
3172 2480 3388 2559 rebus
3452 2479 3723 2599 Syriae

907 2613 1479 2721 componendis]

1007 2777 1230 2869 Super
1266 2775 1542 2869 negotio
1588 2774 1783 2869 regui
1820 2775 2417 2870 Hyerosolimitani
2467 2774 2891 2868 beneplacito
2939 2783 3058 2846 tuo
3105 2775 3301 2847 nobis
3346 2776 3538 2869 prius
3584 2800 3725 2851 ex-

911 2896 1169 2992 posito,
1217 2898 1449 2970 omnia
1489 2899 1722 2991 quoad
1753 2899 1871 2992 jus
1913 2898 2364 2993 possessionis
2407 2909 2478 2970 et
2528 2896 2999 2992 proprietatis,
3042 2896 3113 2968 in
3162 2918 3323 2969 eum
3363 2911 3612 2973 statum
3652 2903 3723 2974 in

909 3044 1049 3115 quo
1083 3033 1246 3093 ante
1285 3022 1698 3094 discordiam
1732 3022 1909 3093 inter
1943 3021 2354 3095 Riccardum
2390 3021 2846 3113 Filangerium
2888 3021 3377 3093 marescalcum
3425 3033 3619 3094 tuum
3660 3037 3729 3098 et

912 3146 1175 3219 nobiles
1209 3156 1279 3218 et
1316 3146 1608 3220 barones
1641 3141 1897 3240 [regni]
1930 3146 2226 3242 predicti
2267 3157 2336 3219 et
2366 3141 2555 3220 cives
2586 3144 3022 3218 Acconenses
3057 3145 3272 3217 fuisse
3319 3158 3726 3238 noscuntur,

910 3268 1279 3360 reducere;
1316 3279 1386 3342 et
1421 3279 1495 3340 ut
1538 3271 1728 3342 cives
1763 3279 1833 3343 et
1866 3269 2115 3343 sindici
2152 3268 2587 3342 Acconenses
2622 3268 2875 3340 balivis
2919 3289 3094 3361 quos
3134 3267 3231 3340 ibi
3269 3290 3393 3362 pro
3431 3281 3733 3364 tempore

913 3391 1202 3463 duxeris
1247 3392 1649 3464 statuendos
1691 3402 1814 3465 tuo
1851 3401 1921 3464 et
1959 3393 2211 3466 nobilis
2254 3392 2386 3465 viri
2426 3390 2700 3464 Corradi
2748 3391 2890 3463 nati
2937 3390 3037 3461 tui
3074 3390 3377 3481 nomine,
3426 3393 3496 3463 in
3533 3394 3732 3467 ordi·

914 3514 1189 3584 natione
1251 3522 1627 3586 castrorum
1685 3525 1757 3586 et
1814 3515 2252 3607 officialium,
2313 3515 2751 3610 perceptione
2819 3513 3219 3586 reddituum
3292 3522 3361 3585 et
3421 3516 3729 3588 omnium

914 3634 1200 3707 aliorum
1227 3635 1485 3727 jurium
1525 3637 1767 3730 quein
1810 3637 1962 3731 ipso
1995 3658 2208 3728 regno
2244 3637 2335 3709 ad
2371 3657 2604 3726 regem
2651 3636 2740 3707 de
2783 3636 3066 3729 antiqua
3120 3646 3187 3708 et
3233 3636 3512 3708 obtenta
3567 3659 3731 3709 con-

914 3756 1284 3831 suetudine
1344 3769 1656 3854 spectare
1708 3768 2109 3850 noscuntur,
2150 3759 2358 3836 salvis
2395 3759 2655 3831 assisiis
2698 3779 2964 3830 necnon
3010 3758 3310 3852 antiquis
3357 3769 3427 3831 et
3480 3783 3731 3855 appro-

916 3882 1093 3953 batis
1129 3883 1325 3975 regni
1355 3881 1646 3976 predicti
1685 3881 2327 3968 consuetudinibus,
2361 3879 2714 3970 obediant,
2749 3888 2817 3952 et
2844 3881 2973 3975 ipsi
3010 3902 3091 3953 ac
3126 3880 3393 3953 nobiles
3421 3881 3732 3974 ejusdem

918 4010 1110 4101 regni
1149 4009 1609 4080 communiam
1651 4007 2055 4099 dissolvant,
2090 4029 2492 4102 campanam
2530 4006 2878 4102 deponant
2907 4014 2976 4079 et
3013 4017 3381 4079 amoveant
3420 4010 3734 4082 consules

916 4142 982 4203 et
1019 4133 1414 4229 capitaneos
1449 4132 1540 4205 ab
1574 4132 1677 4205 eis
1731 4141 1884 4228 post
1933 4141 2151 4205 ortam
2191 4131 2610 4205 discordiam
2650 4130 3039 4223 ordinatOS,
3087 4140 3158 4204 et
3191 4133 3511 4205 omnibus
3539 4134 3733 4224 jura-

917 4256 1164 4328 mentis
1208 4256 1404 4328 factis
1440 4258 1509 4326 in
1560 4254 2021 4351 prejudicium
2054 4266 2251 4327 tuum
2286 4265 2354 4328 et
2388 4254 2668 4328 Corradi
2705 4253 3012 4347 ejusdem
3053 4255 3326 4348 penitus
3370 4256 3726 4348 abjuratis,

918 4378 1155 4452 iterato
1185 4380 1308 4451 tibi
1353 4391 1421 4452 et
1455 4380 1518 4451 ei
1557 4378 1905 4453 fidelitatis
1948 4380 2320 4452 exhibeant
2343 4382 2767 4470 juramenta,
2804 4400 3045 4450 sumus
3080 4387 3375 4450 statuere
3414 4387 3484 4451 et
3529 4380 3732 4453 ordi-

918 4522 1085 4572 nare
1114 4503 1356 4596 parati,
1394 4503 1454 4574 si
1486 4502 1578 4575 ad
1612 4503 1686 4575 id
1720 4515 1837 4576 tua
1865 4503 2194 4577 serenitas
2240 4501 2787 4576 accommodabit
2821 4522 3201 4574 assensum.
3245 4500 3558 4574 Ceterum
3585 4525 3734 4597 pre-

922 4619 1147 4694 dictus
1190 4625 1272 4696 R.
1316 4627 1770 4699 marescalcus
1817 4637 1976 4699 tuus
2010 4625 2103 4698 ad
2148 4625 2584 4716 bajulationis
2625 4624 2924 4697 officium
2967 4625 3058 4695 ob
3097 4633 3291 4694 tuum
3340 4626 3734 4699 restituatur

924 4744 1288 4838 honorem,
1331 4747 1425 4820 ita
1460 4757 1686 4821 tamen
1718 4750 1909 4844 quod
1953 4749 2231 4842 bajulus
2285 4749 2448 4820 hinc
2501 4748 2665 4820 inde
2703 4748 2891 4819 omni
2927 4768 3166 4821 carens
3211 4749 3604 4845 suspicione
3658 4751 3734 4824 in
