4842 5802
1075 613 1231 677 1022
2247 610 2505 684 INDEX
2553 624 2957 693 Noutmffl.

1064 745 1405 817 Ludovious,
1432 763 1528 804 rex
1547 746 1895 819 Francorum,
1922 752 2045 820 353,
2075 752 2200 822 354,
2223 754 2347 820 355,
2366 756 2496 827 539,

1139 831 1265 901 570,
1294 832 1421 888 595.

1069 914 1368 973 Ludovn'cus
1393 915 1459 972 de
1489 914 1851 987 Helsemtein,
1880 919 2006 986 680,
2032 920 2158 973 684.

1066 998 1370 1056 Ludovt'cus
1409 998 1473 1055 de
1505 999 1863 1071 osthenberq,
1895 1003 1999 1056 848
2037 1006 2093 1056 et
2126 1006 2238 1057 not.
2280 1007 2332 1058 3.
2370 1003 2493 1061 Vid.

1134 1081 1442 1138 Ludovicus
1458 1126 1472 1153 ,
1509 1082 1836 1156 lantgravius
1863 1082 1933 1140 de
1956 1084 2349 1157 Luchtimberg.

1064 1165 1372 1222 Ludovicus
1395 1165 1458 1222 de
1476 1165 1730 1240 Sempro,
1759 1169 1887 1238 553,
1916 1171 2043 1238 580,
2071 1169 2194 1237 539,
2217 1170 2343 1238 624,
2367 1171 2493 1240 653,

1135 1250 1262 1320 762,
1291 1251 1418 1305 763.

1067 1333 1387 1404 Ludwicus,
1412 1349 1595 1390 comes
1622 1334 1691 1390 de
1716 1333 2103 1407 Spizimberch‚
2132 1337 2259 1393 547.

1065 1417 1401 1474 Luitharius
1423 1417 1486 1473 de
1513 1418 1819 1474 Hohenstat
1845 1420 1963 1477 sive
1983 1419 2049 1477 do
2066 1420 2490 1489 Hohenstaeden,

1136 1500 1254 1557 sive
1275 1500 1633 1556 Hostadensis
1654 1516 1856 1572 comes,
1886 1505 2011 1573 288,
2036 1506 2160 1573 820,
2189 1505 2316 1561 844.

1066 1582 1368 1656 Lupoldus,
1396 1585 1653 1642 scultetus
1677 1585 1732 1641 in
1757 1587 2083 1658 Rotenburc,
2113 1592 2237 1660 599,
2266 1591 2391 1646 700.

1068 1666 1346 1741 Lupoldus
1370 1668 1763 1738 Putticlarius,
1790 1673 1914 1726 697.

1068 1750 1343 1823 Lupoldus
1368 1750 1531 1824 Spete
1553 1753 1765 1825 δρίαν,
1792 1756 1917 1810 600.

1067 1833 1304 1907 Luppert
1331 1836 1596 1909 (Lupert),
1625 1839 1752 1895 703.

1067 1919 1336 1975 Lutoldus
1363 1919 1426 1976 de
1449 1919 1689 1992 Rotelin,
1719 1924 1843 1979 644.

1064 2002 1351 2060 tatwinus
1372 2002 1435 2059 de
1456 2004 1865 2077 Sunninberch,
1895 2008 2019 2064 547.

1064 2086 1388 2156 Luzelinus,
1411 2086 1641 2158 villicus,
1671 2091 1794 2144 834.

1063 2172 1148 2231 Μ.
1181 2170 1244 2226 de
1270 2171 1466 2228 Carcio
1491 2171 1608 2244 (?)‚
1634 2173 1893 2243 notarius,
1923 2176 2011 2244 55,
2039 2180 2153 2232 not.
2187 2178 2242 2232 4.

1058 2256 1411 2326 Macharius,
1443 2255 1646 2314 electus
1672 2264 1966 2316 conventus
1997 2258 2178 2318 Sancti
2201 2257 2494 2319 salvatoris

1135 2340 1276 2413 apud
1296 2340 1631 2413 Messanam,
1660 2344 1783 2399 438.

1060 2423 1344 2494 Moenus,
1373 2427 1497 2481 365.

1059 2506 1403 2578 maynardus
1421 2550 1435 2578 ,
1486 2523 1669 2565 comes
1711 2510 1781 2566 de
1824 2510 2075 2585 Mulburg
2128 2512 2242 2570 sive
2290 2515 2492 2571 liune—

1130 2591 1295 2663 geult,
1327 2607 1426 2647 seu
1450 2590 1756 2665 Mulegeult,
1782 2593 1909 2666 272,
1929 2596 2033 2652 273
2062 2601 2119 2653 et
2139 2602 2251 2654 not.
2278 2597 2328 2668 b,
2360 2599 2488 2671 275,

1132 2678 1411 2744 328,563.

1059 2758 1399 2830 Maqnardus
1430 2759 1494 2815 de
1518 2759 1848 2833 Grombach,
1879 2763 2002 2820 373.

1056 2844 1323 2915 Magnus,
1353 2843 1462 2900 dux
1485 2844 1769 2917 Saxoniae,
1795 2846 1918 2905 444.

1059 2927 1401 2998 Majorinus,
1430 2930 1553 2985 470.

1057 3010 1415 3083 Μαηοροὶάιω
1440 3012 1504 3069 de
1542 3012 1833 3086 Wiltperc‚
1864 3016 1987 3070 699.

1058 3094 1383 3169 Manfredus
1410 3095 1472 3151 de
1497 3097 1659 3154 Curta
1684 3098 1841 3155 Nova
1858 3138 1873 3167 ,
1905 3103 2148 3171 potestas
2170 3100 2484 3174 Mediolani,

1128 3180 1409 3249 705,7o7.

1060 3262 1378 3337 lanfridus
1395 3306 1410 3335 ,
1455 3263 1693 3320 marchio
1730 3264 1929 3333 Lama,
1974 3280 2072 3321 seu
2114 3267 2337 3337 lanua,
2390 3283 2488 3327 seu

1130 3347 1375 3418 Lanziae,
1407 3363 1505 3403 seu
1530 3347 1743 3412 Lancia,
1770 3349 1895 3419 272,
1918 3350 2043 3419 279,
2066 3353 2192 3422 290,
2216 3354 2339 3423 304,
2359 3357 2483 3426 342,

1131 3432 1255 3501 344,
1286 3435 1410 3499 348,
1440 3433 1565 3495 374,
1598 3433 1721 3502 407,
1754 3431 1874 3502 444,
1906 3434 2030 3504 445,
2062 3435 2187 3505 430,
2211 3435 2334 3507 487,
2353 3439 2479 3511 732,

1126 3522 1238 3572 not.
1267 3519 1331 3587 2;
1365 3519 1487 3573 942.

1055 3601 1380 3670 Μαπτίπαο,
1408 3616 1632 3674 magnae
1658 3601 1838 3657 curiae
1871 3607 1927 3658 et
1953 3602 2261 3660 Barensiurn
2292 3604 2478 3676 jndex,

1127 3687 1412 3753 368‚369.

1054 3769 1205 3826 Har.
1237 3768 1300 3824 de
1323 3769 1698 3841 Samiramim,
1723 3769 1849 3824 705.

1053 3853 1274 3912 Harmas
1301 3852 1574 3921 Minutor,
1603 3854 1725 3909 429.

1053 3934 1433 4007 Μανρατεεήα,
1454 3951 1676 3992 consors
1698 3936 1914 3993 Henrici
1938 3938 2173 4012 septimi,
2203 3941 2327 4014 687,
2348 3944 2476 4015 742,

1123 4020 1251 4084 743,
1284 4020 1407 4074 882.

1053 4101 1426 4174 Maryuardus
1441 4144 1455 4172 ,
1485 4104 1824 4176 praepositus
1849 4105 2031 4163 Sancti
2055 4106 2202 4165 Pauli
2228 4108 2284 4165 in
2306 4111 2479 4170 Wor-

1122 4185 1323 4255 macia,
1351 4185 1477 4241 744.

1049 4268 1323 4337 Neriton,
1356 4271 1480 4324 703.

1050 4353 1309 4411 Marinus
1325 4395 1339 4420 ,
1369 4350 1613 4409 Bar-ensis
1637 4353 2100 4429 archiepiscopus,
2135 4359 2259 4417 424.

1049 4439 1337 4505 Marinus,
1362 4434 1622 4493 Cloiensis
1646 4438 1956 4511 episcopus,
1985 4441 2106 4497 347.

1049 4521 1294 4577 Har-otta
1320 4519 1384 4575 de
1414 4520 1752 4592 Crescentio,
1786 4523 1908 4579 469.

1048 4607 1417 4679 Ματφιατᾱυε
1459 4606 1522 4663 de
1548 4608 1739 4665 Sneite
1759 4653 1773 4682 ,
1812 4610 1979 4682 judex
2021 4613 2472 4693 wormaciensis,

1119 4692 1246 4763 764,
1275 4694 1402 4760 763,
1434 4693 1527 4747 844
1565 4700 1621 4749 et
1642 4699 1753 4750 not.
1779 4696 1831 4751 4.

1045 4775 1413 4847 Marquardus
1443 4775 1633 4849 Cruso,
1663 4781 1788 4835 699.

2683 761 3055 836 Har-quaram
3083 762 3358 837 orfanos,
3386 769 3510 824 699.

2683 846 2998 917 Martinus,
3028 849 3314 906 Hisnensis
3342 850 3659 925 episcopus,
3690 855 3818 912 547.

2684 931 2969 989 Martinus
2989 932 3055 989 (16
3076 935 3368 990 Bonaoosis
3383 978 3397 1004 ,
3429 938 3555 1007 348,
3582 940 3706 994 353.

2685 1014 2968 1073 Martinus
2999 1016 3297 1101 Bor-bellus,
3331 1020 3454 1075 429.

2685 1098 2968 1156 Martinus
2994 1100 3171 1158 Mallo
3193 1118 3290 1159 seu
3313 1103 3616 1177 Bellienus,
3648 1107 3772 1176 426,
3801 1108 3923 1166 427.

2684 1181 3100 1255 Hatchthildis,
3129 1186 3233 1241 544
3252 1228 3266 1256 ,
3297 1189 3425 1243 624.

2684 1265 2962 1336 Mothous,
2978 1267 3088 1324 dux
3114 1269 3505 1344 Lotharingiae,
3534 1275 3658 1340 544,
3684 1276 3811 1346 548,
3833 1278 3959 1349 553,
3982 1280 4109 1349 595,

2754 1355 2868 1406 not.
2899 1353 2952 1420 4;
2982 1352 3116 1423 645,
3151 1354 3276 1424 752,
3306 1356 3431 1425 757,
3459 1357 3582 1427 799,
3610 1360 3736 1429 804,
3770 1363 3895 1417 806.

2683 1432 2968 1504 Alatheus,
2999 1435 3202 1493 Salerni
3224 1437 3407 1510 judex,
3433 1443 3558 1511 520,
3592 1444 3717 1499 524.

2682 1516 2964 1589 Mothous,
2992 1520 3266 1592 magister,
3296 1523 3420 1580 470.

2683 1599 2966 1674 Mothous,
2996 1605 3268 1674 notarius,
3302 1611 3425 1664 900.

2682 1684 2967 1756 Mothous,
2999 1689 3241 1746 notarius
3269 1691 3459 1763 (alter),
3488 1694 3612 1751 429.

2681 1769 2934 1826 Alatheus
2961 1771 3025 1828 de
3051 1773 3328 1846 Concilio,
3356 1776 3491 1834 civis
3515 1777 3798 1850 Troianus,
3824 1781 3953 1852 780,
3981 1780 4108 1840 782.

2681 1852 2935 1910 Mothous
2963 1854 3026 1912 de
3052 1857 3301 1931 Dompna
3325 1859 3615 1931 suzanna,
3646 1862 3768 1918 469.

2681 1935 2938 1994 Alatheus
2967 1938 3031 1995 de
3054 1940 3298 2014 Dompno
3325 1944 3553 2015 Mauro,
3578 1945 3701 2002 470.

2681 2021 2937 2078 Mothous
2963 2021 3277 2097 Calabro-se,
3313 2028 3435 2083 470.

2679 2104 2934 2161 Alatheus
2959 2107 3365 2181 Capuqrassus,
3397 2113 3522 2168 520.

2679 2189 2936 2246 Mothous
2960 2191 3282 2265 For-niseus,
3312 2198 3438 2252 469.

2679 2274 2934 2331 Alatheus
2963 2277 3356 2351 Marchasaba‚
3389 2281 3512 2337 463.

2679 2357 2935 2416 Alatheus
2960 2361 3250 2434 Roget-ius,
3278 2366 3403 2435 520,
3436 2368 3562 2423 524.

2679 2441 3006 2517 Mathildis,
3037 2463 3171 2505 uxor
3196 2449 3464 2506 Reinmari
3490 2450 3559 2507 (16
3586 2451 3910 2524 Grumbach,
3940 2453 4070 2511 928.

2678 2526 3024 2601 Matthaeus,
3058 2533 3263 2592 Salerni
3290 2535 3556 2605 notarius,
3590 2539 3678 2605 98,
3707 2541 3819 2593 not.
3853 2539 3906 2594 4.

2676 2610 2992 2670 Matthaeus
3038 2616 3292 2687 Gratus,
3334 2619 3717 2691 Neapolitanus
3770 2619 3948 2688 miles,
4004 2622 4106 2692 46,

2676 2779 3037 2840 Meinhardus
3068 2785 3269 2856 junior,
3296 2803 3478 2845 comes
3505 2788 3573 2845 de
3597 2788 3817 2859 Gonia,
3845 2804 3943 2846 seu
3965 2789 4108 2846 Mei·

2746 2864 2954 2922 nardus
2979 2866 3043 2924 de
3082 2869 3308 2941 Goon-ze,
3346 2875 3469 2944 348,
3503 2875 3629 2945 349,
3662 2876 3787 2945 324,
3819 2875 3944 2945 328,
3978 2875 4103 2944 329,

2677 3029 3035 3091 Μοίπὴατάυε
3056 3038 3255 3110 senior,
3281 3055 3485 3111 comes,
3519 3045 3645 3114 348,
3679 3045 3803 3099 349.

2675 3115 3038 3176 minhardus
3059 3120 3122 3177 do
3147 3123 3411 3199 Tundors,
3447 3127 3571 3183 584.

2674 3199 3061 3261 Malioi-antius
3091 3207 3154 3262 de
3187 3208 3452 3279 Trissino,
3479 3212 3605 3268 959.

2674 3283 2929 3341 Menaboi
2940 3328 2955 3357 ,
2985 3293 3162 3345 rector
3185 3306 3283 3363 pro
3309 3292 3579 3363 Ferraria,
3607 3294 3732 3351 348.

2673 3366 3045 3440 Menadrayus
3068 3370 3133 3428 de
3160 3373 3457 3445 Mandane,
3487 3376 3618 3432 707.

2671 3449 2922 3509 Μοτόοόο
2950 3451 3013 3508 de
3042 3453 3449 3528 Savelenhoim,
3477 3460 3602 3516 646.

2670 3535 3035 3608 Merwatdus,
3070 3540 3509 3613 uiscamerarius,
3541 3546 3664 3614 360,
3699 3546 3821 3600 362.

2670 3617 2911 3676 Michael
2934 3620 3152 3694 Scotm,
3183 3629 3306 3681 384.

2669 3699 2981 3773 Μίταὸίὶἰε,
3030 3706 3295 3779 notarius,
3339 3710 3592 3783 magister
3632 3711 3926 3783 rationum,
3969 3714 4032 3768 24
4044 3714 4098 3785 7,

2741 3788 2867 3843 248.

2669 3867 2940 3928 miramus
2968 3872 3244 3948 Horiqia,
3274 3875 3401 3934 707.

2667 3953 3095 4031 Πυᾶαὶὸυτριιε,
3119 3960 3289 4032 judex
3312 3963 3626 4036 Mediolani,
3655 3966 3782 4024 707.

2667 4039 2763 4108 Ν.,
2793 4038 2966 4098 abbas
2991 4042 3060 4099 de
3079 4042 3321 4115 Ahusen,
3353 4049 3480 4119 278,
3514 4050 3643 4107 745.

2666 4123 2761 4193 Ν.,
2799 4124 2971 4182 abbas
3028 4127 3096 4183 de
3140 4128 3494 4189 Bebenhusen
3533 4149 3629 4191 seu
3670 4134 4061 4194 Bebenhausen
4079 4180 4098 4206 ,

2738 4210 2864 4277 323,
2895 4210 3018 4279 324,
3048 4212 3172 4281 590,
3205 4216 3329 4270 394.

2665 4289 2760 4360 Ν.,
2787 4291 2960 4349 abbas
2986 4292 3168 4351 Sancti
3196 4297 3466 4357 Benedicti
3493 4300 3563 4358 de
3583 4301 3791 4375 Lirone,
3818 4306 3941 4361 324.

2551 4446 2556 4451 ,
2664 4374 2757 4444 Ν.,
2787 4373 2957 4432 abbas
2983 4386 3280 4439 conventus
3305 4383 3374 4439 de
3409 4384 3795 4462 Creutzlingen,
3817 4392 3942 4461 589,
3964 4392 4100 4448 590.

2665 4457 2765 4527 Ν.,
2795 4457 2965 4515 abbas
2991 4459 3345 4536 Elwacensis,
3373 4468 3499 4525 757.

2662 4541 2724 4598 N
2725 4584 2762 4612 .,
2791 4540 2958 4600 abbas
2983 4544 3164 4602 Sancti
3188 4548 3517 4622 Emmerani‚
3546 4555 3672 4611 786.

2663 4625 2725 4682 N
2725 4666 2763 4696 .‚
2791 4624 2962 4684 abbas
2981 4627 3164 4686 Sancti
3188 4631 3398 4706 Georgii
3428 4637 3571 4709 apud
3593 4637 3772 4712 stein,
3809 4641 3935 4711 565,
3962 4642 4100 4703 566.

2662 4710 2723 4768 Ν
2724 4752 2761 4781 .,
2788 4711 2958 4769 abbas
2984 4713 3054 4771 (16
3080 4716 3451 4791 Heisterbach,
3483 4723 3608 4779 800.

2662 4793 2763 4866 Ν.,
2795 4794 2966 4854 abbas
2992 4798 3442 4875 monasteriensis,
3471 4805 3596 4878 273,
3627 4810 3750 4866 275.
