4842 5802
831 3449 1065 3502 Eunonen
1074 3479 1091 3504 ,

868 3502 1046 3558 ajuuss.

1198 597 1321 659 612
2247 597 2591 659 mmmm
2641 598 2978 660 SEPTun
3644 598 3802 676 [Anu.
3839 599 4016 661 1233.

1200 731 1370 804 tiam
1405 730 1890 804 universorum
1923 730 2113 824 quod
2153 752 2282 803 nos
2323 731 2414 804 ad
2451 732 2845 804 instantiam
2874 739 2943 803 et
2975 728 3379 826 petitionem
3416 726 3647 801 dilecti
3687 731 4024 828 principis

1200 853 1415 928 nostri
1465 853 1768 927 Cunradi
1812 854 2154 949 Spirensis
2203 853 2542 950 episcopi,
2595 855 2918 932 fidelibus
2963 855 3237 928 civibus
3278 853 3529 927 nostris
3581 854 4025 951 Spirensibus

1197 999 1467 1051 necnon
1504 985 1782 1071 propter
1823 975 2077 1050 devota
2111 979 2443 1071 obsequia
2475 979 2882 1053 eorumdem
2921 1001 3060 1073 que
3101 978 3303 1052 nobis
3354 988 3425 1050 et
3471 979 3760 1073 imperio
3786 980 4022 1074 sepius

1195 1099 1666 1173 exhibuerunt
1717 1107 1786 1171 et
1843 1099 2181 1173 exhibent
2232 1101 2685 1195 incessanter,
2744 1103 2950 1175 talem
3002 1101 3295 1191 gratiam
3349 1101 3636 1174 fecimus
3690 1100 3781 1175 de
3831 1123 4023 1175 mera

1193 1223 1619 1317 benignitate
1662 1223 1855 1316 regia
1898 1232 1975 1295 ut
2010 1225 2273 1319 absque
2325 1227 2638 1320 qnalibet
2686 1227 3049 1300 exactione
3099 1226 3351 1298 telonei
3398 1247 3556 1297 cum
3609 1225 3812 1299 bonis
3871 1226 4019 1299 suis

1193 1345 1384 1441 apud
1438 1348 1870 1442 Oppenheim
1923 1356 2270 1421 transeant
2325 1350 2398 1421 in
2452 1351 2790 1425 descensu
2853 1361 2923 1424 et
2982 1371 3272 1423 ascensu
3343 1350 3557 1422 libere
3618 1359 3687 1423 et
3752 1351 4007 1445 quiete.

1194 1470 1626 1566 Quapropter
1659 1471 2059 1545 auctoritate
2094 1473 2285 1565 regia
2328 1482 2397 1545 et
2435 1475 2569 1547 sub
2619 1476 2904 1547 obtentu
2955 1474 3183 1568 gracie
3231 1481 3458 1545 nostre
3511 1472 3817 1546 districte
3855 1495 4013 1568 pre·

1193 1593 1488 1689 cipimus
1518 1592 1847 1685 quatinus
1880 1595 2112 1666 nullus
2150 1618 2324 1669 ausu
2364 1596 2616 1669 ductus
2658 1598 3017 1671 temerario
3060 1596 3250 1692 apud
3293 1598 3520 1669 locum
3565 1607 4016 1670 memoratum

1191 1737 1235 1788 a
1292 1715 1495 1788 bonis
1546 1717 1806 1788 civium
1856 1718 2346 1813 prelibatorum
2399 1722 2832 1794 exactionem
2897 1721 3194 1794 thelonei
3239 1721 3588 1813 requirere
3635 1729 4008 1817 presumat.

1194 1838 1398 1924 Quod
1437 1839 1559 1933 qui
1618 1842 2128 1936 attemptaverit
2175 1864 2460 1935 gravem
2507 1844 2837 1918 offensam
2882 1854 3114 1917 nostre
3158 1843 3581 1917 celsitudinis
3623 1865 3700 1916 se
3746 1844 4016 1917 noverit

1194 1964 1584 2036 incurrisse.
1643 1962 1756 2035 Ad
1799 1965 2131 2056 maJ'orem
2175 1966 2411 2059 itaque
2467 1967 2886 2040 evidentiam
2934 1966 3266 2063 premisse
3312 1976 3543 2038 nostre
3595 1966 4008 2055 donationiS,

1196 2087 1518 2180 sepefatis
1557 2086 1808 2161 nostris
1865 2088 2139 2162 civibus
2191 2098 2583 2184 presentem
2638 2090 2960 2186 paginam
2977 2144 2999 2183 ,
3041 2090 3262 2183 sigillo
3306 2097 3534 2161 nostre
3583 2088 4013 2162 celsitudinis

1194 2210 1711 2302 communitam,
1736 2211 2075 2303 jussimus
2104 2211 2445 2285 exhiberi.

1288 2336 1524 2408 Testes
1558 2335 1678 2429 qui
1725 2336 2179 2409 intertuerunt
2223 2336 2323 2408 hii
2356 2345 2519 2408 sunt
2563 2363 2580 2408 ε
2621 2337 2706 2409 Η.
2750 2338 3053 2412 marchio
3090 2338 3180 2412 de
3214 2338 3485 2428 Baden,
3524 2357 3752 2410 comes
3794 2337 3881 2408 Η.
3924 2336 4016 2410 de

1190 2456 1608 2532 Wirtinberc
1630 2513 1652 2552 ,
1706 2460 1791 2531 H.
1826 2461 2130 2532 Nifarius
2158 2459 2297 2556 (a),
2333 2459 2409 2533 C.
2453 2460 2592 2556 (E.)
2612 2461 2884 2556 dapifer
2922 2461 3011 2534 de
3045 2463 3408 2558 Walpurc,
3454 2460 3529 2531 C.
3565 2459 3897 2554 pincerna
3925 2456 4016 2532 de

1190 2581 1658 2674 Winterstete,
1692 2583 1780 2653 Η.
1816 2583 1906 2656 de
1951 2584 2425 2678 Ravenspurc,
2463 2584 2810 2656 Foneberc
2844 2583 2966 2679 (b),
3003 2586 3215 2657 etalii
3250 2586 3718 2680 quamplures.

1289 2705 1541 2777 Datum
1605 2703 1796 2799 apud
1864 2705 2241 2799 Ebelingen
2298 2705 2741 2801 (Ezelingen)
2767 2764 2789 2798 ,
2854 2727 3037 2778 anno
3109 2707 3451 2780 dominice
3530 2706 4018 2780 incarnationis

1191 2826 1290 2898 M⁰
1307 2825 1432 2898 CC⁰
1449 2828 1669 2898 XXX⁰
1717 2827 1961 2923 terci0,
2002 2838 2248 2924 quarto
2283 2850 2503 2903 nonas
2531 2829 2750 2923 junii,
2790 2827 3166 2904 indictione
3200 2838 3412 2904 sexta.

3162 3107 3554 3121 —

1304 3395 1713 3505 HenricuS,
1755 3397 2274 3480 Romanorum
2313 3421 2487 3502 rex,
2527 3395 3015 3479 donationem
3052 3418 3271 3476 areae
3306 3402 3379 3475 et
3413 3390 3816 3502 cujusdam
3850 3389 4013 3473 viae

1198 3528 1611 3640 adjacentis
1630 3590 1654 3637 ,
1712 3527 2076 3610 fratribus
2110 3527 2763 3611 Praedicatoribus
2819 3553 2867 3609 a
2918 3524 3210 3609 civibus
3265 3524 3424 3608 suis
3478 3524 3558 3606 in
3611 3522 4013 3633 Ezzlingen

1196 3664 1475 3748 factam
1496 3725 1520 3770 ,
1560 3673 1808 3747 ratam
1843 3663 2075 3746 habet
2107 3672 2184 3747 et
2216 3662 2644 3746 confirmat.

1348 3879 1679 3957 (Ineditum
1707 3897 1783 3941 ex
1808 3880 2076 3959 originali
2102 3881 2166 3940 in
2195 3879 2432 3941 archivo
2457 3880 2772 3958 stuttgart.
2802 3875 3156 3956 asservato.)

1293 4067 1379 4138 Η.
1400 4119 1422 4159 ,
1474 4065 1601 4138 Dei
1645 4065 1864 4159 gratia
1917 4064 2384 4138 Romanorum
2433 4086 2561 4136 rex
2617 4073 2687 4138 et
2732 4084 3002 4159 semper
3045 4068 3383 4155 augustus
3407 4112 3429 4149 ,
3483 4054 3831 4130 universis
3880 4054 4015 4127 hoc

1196 4192 1529 4286 scriptum
1576 4189 1989 4284 inspecturis
2037 4188 2323 4281 gratiam
2374 4209 2575 4260 suam
2616 4196 2686 4260 et
2729 4208 2935 4260 omne
2981 4188 3265 4260 bonum.
3306 4179 3745 4256 Universitati
3791 4187 4018 4252 vestre

1200 4327 1439 4390 notum
1492 4312 1784 4387 facimus
1819 4310 2013 4406 quod
2060 4311 2501 4385 donationem
2553 4333 2712 4385 aree
2745 4322 2815 4385 et
2872 4310 3237 4403 cujusdam
3285 4307 3400 4380 vie
3441 4305 3531 4379 ad
3529 4302 3820 4398 ⁸iacentis
3864 4303 4018 4376 fra-

1286 4484 1370 4566 (a)
1412 4486 1645 4548 Scilicet
1665 4482 1736 4544 de
1762 4480 1990 4563 szffen,
2020 4482 2132 4545 sub
2159 4481 2347 4544 forma
2366 4488 2514 4544 tunc
2536 4485 2819 4560 temporis
2846 4482 3209 4561 frequentius
3231 4482 3533 4555 usurpata.

1287 4589 1368 4670 (b)
1412 4592 1823 4654 verisimiliter
1849 4590 2005 4651 idem
2031 4592 2136 4667 qui
2162 4605 2341 4666 supra
2357 4595 2605 4652 vocatur
2623 4584 2960 4669 Rudolphm
2982 4585 3053 4648 de
3077 4583 3442 4650 ramalem:
3465 4589 3526 4646 et
3549 4582 3693 4645 altas
3709 4576 4010 4659 Favebcrq.

1199 4699 1341 4763 th.
1371 4707 1570 4775 p.eo1
1605 4704 1666 4759 et
1692 4706 1831 4760 611.
