4842 5802
831 633 1027 692 lamet.
1062 629 1148 705 8.]
1729 623 2125 684 HISTORIA
2176 624 2758 686 mPLOMA'rch.
3539 624 3655 685 755

831 765 1063 836 Sicilie
1099 783 1252 834 rex.
1292 757 1640 831 Gloriosus
1683 757 1754 828 in
1810 758 2168 849 maJ‘estate
2215 780 2344 831 sua
2379 758 2879 830 dominantium
2909 758 3246 830 Dominus
3277 759 3401 852 qui
3434 779 3647 850 regna

834 884 1187 961 constituit
1219 892 1291 957 et
1321 881 1622 953 firmavit
1651 880 2049 974 imperium,
2091 880 2181 952 de
2211 883 2410 973 cujus
2444 882 2804 954 clementia
2827 882 3167 967 vivimus,
3209 882 3299 953 de
3322 883 3524 973 cujus
3543 891 3647 952 est

834 1029 1119 1081 munere
1179 1005 1374 1100 quod
1439 1004 1721 1076 feliciter
1774 1003 2232 1097 imperamus,
2300 1003 2394 1075 ad
2449 1003 2584 1075 hoc
2630 1026 2756 1076 nos
2820 1026 3029 1098 supra
3068 1025 3264 1096 reges
3316 1012 3384 1075 et
3433 1024 3649 1097 regna

832 1131 1186 1227 preposuit
1217 1139 1287 1201 et
1320 1130 1389 1200 in
1436 1126 1770 1222 imperiali
1814 1128 1985 1199 solio
2018 1127 2419 1198 sublimavit
2457 1136 2537 1196 ut
2571 1128 2770 1199 nobis
2821 1127 3054 1198 factori
3090 1134 3320 1198 nostro
3351 1127 3646 1215 gratitu-

833 1255 997 1327 dine
1030 1254 1282 1326 devota
1310 1253 1669 1343 subjectis,
1706 1271 1945 1345 pacem
1982 1261 2049 1322 et
2072 1252 2410 1343 justitiam
2463 1251 2931 1322 moderamina
2974 1261 3202 1322 nostra
3228 1251 3644 1341 contineant,

839 1377 1057 1469 etqui
1100 1398 1344 1447 sumus
1378 1395 1500 1469 pre
1550 1372 1708 1444 filiis
1739 1372 2096 1453 hominum
2128 1372 2220 1443 ab
2255 1394 2339 1444 eo
2365 1375 2483 1465 qui
2518 1374 2855 1467 preminet
2885 1372 3035 1444 orbi
3078 1382 3254 1443 terre
3289 1372 3652 1442 sublimius

834 1499 1149 1585 exaltati,
1189 1498 1377 1568 viros
1410 1495 1659 1588 dignos
1683 1493 2064 1567 honoribus
2098 1504 2166 1566 et
2190 1516 2327 1565 non
2362 1495 2734 1566 immeritos
2766 1492 2856 1565 ad
2879 1493 3361 1565 sollicitudinis
3390 1503 3651 1588 partem

837 1621 1143 1706 admitti,
1188 1619 1560 1690 liberaliter
1592 1617 1685 1688 ad
1722 1617 1936 1689 decus
1966 1626 2036 1688 et
2066 1616 2385 1689 decorem
2419 1618 2686 1710 imperii
2715 1616 3011 1688 nominis
3039 1627 3107 1687 et
3142 1616 3418 1688 honoris
3455 1618 3652 1687 titulo

840 1743 1266 1816 decoremus.
1319 1742 1493 1812 Hinc
1542 1751 1646 1812 est
1699 1741 1908 1833 igitur
1960 1739 2149 1833 quod
2194 1761 2318 1835 per
2363 1761 2645 1834 presens
2695 1741 3024 1833 scriptum
3072 1742 3339 1812 noverit
3370 1761 3652 1834 presens

834 1876 978 1939 etas
1006 1876 1074 1936 et
1101 1867 1331 1937 futura
1371 1864 1737 1959 posteritas
1770 1863 2000 1956 quod,
2034 1884 2192 1934 cum
2230 1862 2351 1934 diu
2389 1862 2719 1957 propositi
2757 1863 2971 1935 nostri
3010 1864 3181 1935 foret
3213 1874 3290 1934 ut
3325 1863 3649 1935 dilectum

837 1988 1426 2082 consanguineum
1461 1995 1771 2059 nostrum
1804 1986 2119 2057 Ottonem
2153 1985 2243 2058 de
2277 1987 2691 2057 Luneburch
2735 1986 2828 2059 ad
2860 1984 3068 2059 fidem
3104 1987 3373 2081 imperii
3410 1997 3480 2059 et
3520 1987 3654 2059 de-

845 2113 1191 2185 votionem
1254 2121 1558 2183 nostram
1607 2109 2037 2182 efficeremus
2077 2110 2290 2182 artius
2340 2109 2718 2203 obligatum
2737 2164 2754 2196 ‚
2805 2131 2932 2181 nec
2987 2109 3115 2181 loci
3174 2111 3286 2182 vel
3335 2112 3658 2205 temporis

839 2234 1264 2329 oportunitas
1298 2232 1605 2305 affuisset
1635 2253 1776 2326 quo
1811 2242 2209 2326 conceptam
2256 2254 2421 2325 erga
2471 2255 2632 2304 eum
2672 2232 3119 2305 intentionem
3160 2242 3462 2304 nostram
3495 2255 3655 2329 pro-

840 2357 1035 2450 sequi
1064 2379 1188 2430 nos
1214 2358 1522 2446 deceret3
1566 2356 2004 2450 contingente
2033 2377 2245 2429 causa
2259 2356 2472 2428 nostri
2506 2356 2717 2428 felicis
2734 2354 3164 2428 adventusin
3180 2354 3656 2430 Alamanniam

838 2490 908 2552 et
962 2501 1088 2574 pro
1161 2480 1643 2552 reformatione
1708 2480 1931 2552 tocius
1981 2489 2159 2553 terre
2211 2489 2428 2553 status
2472 2480 2729 2552 indicta
2783 2480 3134 2572 Maguntie
3195 2481 3389 2553 curia
3443 2502 3656 2575 gene·

841 2604 1001 2692 rali,
1041 2605 1267 2676 dictus
1294 2604 1449 2676 Otto
1476 2603 1568 2676 ad
1618 2603 1934 2677 eamdem
1976 2604 2237 2676 curiam
2281 2613 2567 2678 vocatus
2599 2604 2922 2694 accessit,
2975 2603 3045 2674 in
3096 2626 3239 2697 qua
3279 2604 3447 2677 dum
3485 2606 3655 2677 assi·

842 2728 1166 2800 dentibus
1199 2728 1399 2799 nobis
1435 2728 1868 2822 principibus
1888 2737 2114 2801 nostra
2140 2729 2476 2799 serenitas
2512 2726 2873 2817 resideret,
2913 2726 3001 2799 de
3024 2727 3457 2799 reformando
3482 2739 3656 2800 terre

839 2860 1020 2923 statu
1050 2851 1450 2947 disponens,
1490 2851 1883 2925 nominatus
1911 2852 2066 2924 Otto
2085 2851 2171 2925 de
2200 2850 2614 2924 Luneburch
2634 2850 2834 2923 flexis
2850 2851 3146 2945 genibus
3174 2872 3402 2924 coram
3426 2852 3652 2942 nobiS‚

835 2975 1023 3046 omni
1055 2975 1217 3048 odio
1253 2985 1320 3046 et
1349 2996 1637 3049 rancore
1668 2975 2062 3071 postpositis
2088 2998 2228 3070 que
2260 2977 2437 3049 inter
2471 2996 2765 3071 proavos
2799 2983 3067 3047 nostros
3097 2977 3394 3049 existere
3417 2987 3656 3071 potue·

835 3109 1033 3190 runt,
1094 3121 1170 3172 se
1217 3109 1434 3172 totum
1472 3100 1545 3171 in
1578 3101 1899 3171 manibus
1937 3100 2188 3173 nostris
2228 3100 2554 3195 exposuit
2593 3099 2843 3171 nostris
2888 3108 3069 3170 stare
3117 3099 3561 3194 beneplacitis
3592 3110 3662 3172 et

839 3222 1208 3314 mandatiS,
1245 3234 1316 3295 et
1349 3224 1635 3318 insuper
1672 3224 2023 3318 proprium
2071 3234 2370 3296 castrum
2423 3244 2627 3294 suum
2661 3222 3075 3294 Luneburch
3109 3223 3301 3316 quod
3334 3223 3659 3298 idiomate

837 3347 1210 3418 teuttonico
1231 3354 1517 3418 vocatur
1529 3347 1772 3441 Eygen
1805 3368 1964 3417 cum
1980 3346 2214 3419 multis
2229 3346 2383 3418 aliis
2407 3345 2672 3433 castris,
2707 3345 2906 3416 terris
2922 3353 2990 3417 et
3001 3345 3399 3417 hominibus
3428 3347 3654 3419 eidem

837 3477 1058 3539 castro
1096 3467 1596 3561 pertinentibus
1632 3468 1702 3537 in
1742 3477 2039 3541 nostram
2069 3470 2550 3564 proprietatem
2585 3478 2655 3540 et
2687 3467 3071 3541 dominium
3107 3468 3493 3564 specialiter
3523 3449 3659 3542 as·-

836 3590 1159 3682 signavit,
1191 3598 1268 3660 ut
1295 3589 1385 3662 de
1415 3611 1496 3661 eo
1527 3591 1863 3684 quicquid
1887 3592 2085 3664 nobis
2102 3593 2400 3686 placeret
2434 3602 2758 3685 tanquam
2788 3592 2877 3665 de
2898 3602 3132 3664 nostro
3156 3593 3431 3687 proprio
3460 3595 3651 3666 face-

835 3735 1091 3786 remus,
1142 3714 1281 3784 Nos
1316 3723 1546 3786 autem
1587 3715 1708 3808 qui
1749 3724 2063 3787 tenemur
2111 3714 2339 3787 modis
2378 3716 2699 3787 omnibus
2750 3717 3115 3811 imperium
3162 3727 3638 3809 augmentare,

832 3835 1216 3930 predictum
1271 3845 1569 3908 castrum
1623 3836 1713 3910 de
1755 3838 2167 3911 Luneburch
2215 3860 2375 3911 cum
2418 3838 2741 3912 omnibus
2783 3841 3053 3927 castriS‚
3112 3841 3539 3935 pertinentiis
3576 3854 3646 3915 et

832 3953 1226 4032 hominibus
1262 3959 1433 4050 suis,
1467 3960 2053 4054 quemadmodum
2094 3983 2185 4034 ex
2228 3962 2539 4053 ejusdem
2576 3962 2842 4036 Ottonis
2878 3964 3338 4056 assignatione
3377 3966 3449 4036 in
3484 3988 3643 4060 pro-

826 4084 1182 4178 prietatem
1214 4084 1636 4177 accepimus‚
1671 4083 1740 4154 in
1777 4081 2114 4178 presentia
2141 4084 2529 4181 principum
2563 4086 2633 4157 in
2674 4086 3037 4183 imperium
3076 4090 3544 4162 transtulimus
3571 4101 3641 4164 et

830 4208 1295 4281 concessimus
1352 4216 1429 4279 ut
1466 4229 1588 4302 per
1633 4208 1996 4302 imperium
2052 4207 2386 4280 infeodari
2435 4210 2739 4283 deberet.
2796 4211 3150 4284 Civitatem
3215 4212 3494 4309 insuper
3552 4215 3642 4288 de

829 4330 1264 4420 Brunswich,
1302 4333 1501 4423 cujus
1537 4332 1973 4406 medietatem
2002 4331 2433 4427 proprietatis
2461 4333 2745 4406 dominii
2780 4354 2822 4405 a
2856 4334 3248 4406 marchione
3284 4333 3374 4408 de
3404 4336 3639 4411 Baden

829 4462 899 4523 et
955 4454 1292 4549 reliquam
1352 4455 1792 4528 medietatem
1847 4477 1888 4526 a
1960 4456 2140 4527 duce
2195 4456 2513 4528 Bawarie
2563 4456 2827 4528 dilectis
2895 4456 3324 4550 principibus
3388 4462 3635 4534 nostris

828 4559 1121 4646 emimus
1149 4598 1273 4670 pro
1310 4588 1501 4671 parte
1533 4601 1833 4652 uxorum
1880 4600 2161 4651 suarum
2190 4600 2327 4672 que
2360 4580 2632 4650 fuerunt
2664 4580 3016 4670 quondam
3056 4577 3193 4650 filie
3228 4582 3503 4656 Henrici
3542 4584 3631 4659 de

828 4696 1238 4771 Brunswich
1275 4701 1541 4779 comitis
1575 4704 1853 4796 palatini
1880 4703 2047 4775 Reni
2073 4755 2094 4793 ,
2137 4702 2360 4796 patrui
2401 4701 2567 4774 dicti
2595 4701 2891 4793 OttoniS,
2942 4702 3253 4776 similiter
3288 4706 3359 4777 in
3386 4709 3628 4782 eadem
