4842 5802
1222 609 1345 671 932
1617 609 2047 673 Fulnmucl
2096 611 2450 675 SECUNDI
2499 610 2898 673 HISTORIA
2949 607 3538 674 DIPLOMATIGA.
3654 613 3818 699 [Anu.
3855 617 4031 681 1236.

1217 745 1378 816 bata
1416 743 1740 817 fiduciam
1772 747 2077 837 gerimus
2108 748 2508 843 pleniorem.
2551 749 2800 820 Deesse
2836 756 3064 819 tamen
3101 745 3522 847 propter[ea]
3567 771 3694 823 vos
3726 753 3928 825 nobis
3962 754 4034 826 in

1222 868 1355 940 hac
1388 879 1582 962 parte
1611 869 1902 941 libenter
1940 871 2296 965 eligimuS‚
2336 870 2811 943 indubitanter
2843 869 3238 941 estimantes
3284 869 3476 963 quod
3523 854 3696 966 quid
3734 875 4034 964 gratiose

1216 992 1576 1065 vobiscum
1627 994 1878 1065 vestris
1925 995 2272 1088 parcendo
2326 993 2724 1089 corporibus
2769 992 3044 1087 agimus
3061 1045 3082 1081 ,
3126 993 3198 1064 in
3241 993 3504 1065 liberali
3543 998 4033 1071 sustentatione

1215 1138 1445 1188 rerum
1494 1124 1875 1188 vestrarum
1938 1119 2158 1211 gratie
2209 1127 2441 1191 nostre
2486 1115 2827 1211 premium
2891 1114 3197 1188 hilariter
3257 1117 3657 1209 repensetis.
3714 1119 4030 1214 Denique

1212 1263 1372 1314 cum
1417 1240 1549 1312 hac
1592 1241 1745 1312 vice
1785 1241 2216 1335 congregatis
2260 1241 2574 1332 undique
2617 1239 2922 1327 viribus,
2975 1260 3134 1311 cum
3183 1248 3369 1312 tanto
3411 1241 3719 1314 exercitu
3763 1245 4025 1316 Italiam

1206 1362 1478 1457 ingredi
1517 1362 1969 1457 disponamus
2001 1362 2057 1456 (t
2075 1364 2130 1457 ),
2169 1373 2247 1435 ut
2281 1363 2639 1435 humiliata
2683 1361 2890 1433 simul
2926 1372 2997 1435 et
3021 1364 3235 1435 semel
3267 1365 3610 1457 protervia
3638 1376 4024 1438 nostrorum

1204 1486 1567 1559 rebellium
1586 1538 1608 1575 ,
1648 1487 1950 1579 quietem
1979 1487 2179 1559 nobis
2208 1496 2278 1559 et
2311 1486 2512 1559 vobis
2543 1507 2627 1558 ac
2648 1485 2935 1580 posteris
2966 1484 3173 1557 etiam
3209 1507 3691 1581 preparemus;
3723 1510 4023 1583 cumque

1209 1621 1348 1682 tam
1377 1630 1704 1702 magnum
1742 1611 2104 1701 negocium
2139 1611 2290 1682 sine
2326 1609 2599 1702 magnis
2627 1608 2955 1703 expensis
2994 1621 3292 1702 nequeat
3324 1608 3681 1704 expediri,
3720 1612 4019 1686 univer-

1202 1734 1470 1807 sitatem
1498 1742 1796 1806 vestram
1827 1743 2059 1807 tenore
2104 1735 2528 1829 presentium
2565 1733 3037 1823 exhortamur,
3074 1731 3361 1806 firmiter
3385 1735 3820 1829 injungentes
3853 1759 4020 1831 qua-

1204 1869 1405 1930 tenus
1436 1855 1526 1929 ad
1566 1857 2112 1929 mansuetudinis
2140 1868 2372 1931 nostre
2396 1856 2727 1951 gratiam,
2760 1877 2970 1950 quam
3010 1857 3082 1929 iu
3117 1855 3752 1931 subministratione
3786 1881 4013 1932 rerum

1201 2004 1325 2078 pro
1354 2002 1803 2077 personarum
1839 1981 2222 2075 dispendiis
2257 1982 2747 2076 permittimus,
2785 2000 2914 2052 nec
2937 2000 3079 2052 non
3114 1979 3206 2053 ad
3243 1980 3790 2074 magnitudinem
3829 1993 4015 2056 tante

1199 2108 1334 2197 rei,
1374 2107 1444 2177 in
1474 2126 1612 2199 qna
1642 2106 1783 2177 fere
1815 2113 1998 2176 totus
2031 2104 2285 2177 amoris
2310 2106 2525 2177 nostri
2553 2104 2872 2176 cumulus
2903 2112 3346 2198 aggregatur,
3392 2104 3716 2177 habendo
3741 2127 4013 2202 respec-

1205 2241 1388 2320 tum,
1431 2228 1520 2301 ad
1575 2227 2092 2322 requisitionem
2149 2237 2219 2299 et
2264 2228 2765 2300 ordinationem
2821 2226 3223 2299 dilectorum
3268 2226 3575 2300 fidelium
3625 2239 4012 2303 nostrorum

1201 2408 1219 2425 .
1269 2408 1287 2426 .
1334 2407 1352 2425 .
1391 2364 1462 2427 et
1501 2406 1517 2423 .
1569 2406 1587 2423 .
1633 2407 1649 2423 .
1688 2351 1757 2422 in
1793 2353 2252 2426 subventione
2286 2353 2578 2446 pecunie
2604 2351 2705 2423 sic
2733 2349 3107 2423 honorifice
3134 2360 3342 2443 atque
3373 2351 3739 2445 magnifice
3767 2354 4013 2448 provi-

1191 2479 1359 2550 dere
1396 2477 1683 2564 curetis,
1713 2484 1792 2546 ut
1807 2484 2192 2549 vestrorum
2231 2475 2792 2569 predecessorum
2831 2474 3142 2567 vestigiis
3174 2474 3588 2563 inherentes,
3620 2476 3742 2569 qui
3783 2498 3907 2548 nos
3938 2487 4010 2549 et

1187 2601 1708 2697 predecessores
1739 2608 2007 2671 nostros
2035 2600 2401 2672 tenerrime
2429 2597 2851 2682 dilexerunt,
2888 2595 3257 2669 laudabilis
3280 2599 3509 2692 operis
3534 2600 4008 2693 experimento

1186 2723 1603 2820 probemini,
1647 2744 1910 2817 nosque
1938 2723 2418 2817 perspicaciter
2453 2722 2815 2795 videamus
2851 2740 2979 2792 vos
3011 2719 3347 2793 bonorum
3376 2731 3764 2793 nostrorum
3804 2723 4009 2795 solli-

1185 2850 1355 2922 citos
1384 2855 1454 2920 et
1491 2854 1786 2920 attentos
1817 2866 1971 2918 esse
2013 2854 2391 2936 amatores;
2434 2855 2504 2918 et
2541 2853 2618 2918 ut
2665 2843 2867 2918 nobis
2911 2840 3320 2918 absentibus
3354 2844 3738 2918 affectionis
3782 2855 4005 2921 vestre

1186 2972 1330 3043 zelo
1395 2970 1752 3042 valeamus
1827 2968 2165 3041 ascribere
2235 2967 2569 3064 quicquid
2631 2968 2833 3041 nobis
2915 2968 3351 3065 presentibus
3415 2978 3646 3041 nostre
3712 2991 4004 3065 persone

1186 3092 1568 3167 reverentie
1616 3091 2057 3164 conferretur.

1253 3391 1326 3464 (4)
1363 3391 1443 3447 Ex
1465 3389 1569 3447 hoc
1600 3389 1717 3447 loco
1746 3389 1813 3447 de
1836 3388 2070 3446 secunda
2099 3388 2155 3444 in
2195 3386 2562 3445 Lombardiam
2595 3388 2932 3461 expeditione
2974 3403 3116 3445 nunc
3146 3387 3231 3461 agi
3271 3386 3615 3458 arbitramur,
3653 3394 3709 3446 et
3739 3389 3997 3462 scriptam

1184 3490 1350 3548 fuisse
1371 3488 1652 3562 epistolam
1673 3502 1842 3560 quum
1877 3486 2164 3560 imperator
2194 3485 2433 3542 fueritin
2464 3484 2778 3542 Alemannis
2809 3500 3076 3542 reversus.
3114 3486 3245 3541 Rem
3277 3499 3406 3543 vero
3442 3486 3512 3542 ad
3549 3481 3797 3542 effectum
3837 3485 3996 3560 paulo

1181 3591 1306 3663 post
1332 3586 1546 3644 ductam
1567 3585 1945 3659 comperimus,
1976 3589 2114 3641 teste
2142 3582 2396 3640 Riccardo
2417 3583 2489 3639 de
2521 3581 2577 3638 S.
2602 3581 2897 3652 Germano,
2940 3598 3107 3655 quum
3136 3582 3316 3639 dicat:
3347 3602 3375 3635 κ
3401 3578 3605 3640 Eodem
3636 3598 3823 3642 mense
3847 3582 3989 3656 (scil.

1181 3684 1374 3745 martio
1396 3685 1574 3757 ⁴237),
1605 3683 1924 3758 imperatore
1949 3681 2256 3752 mandante,
2285 3679 2550 3754 generalis
2576 3679 2794 3738 collecta
2820 3695 2919 3754 per
2944 3686 3116 3738 totum
3141 3695 3368 3754 regnum
3391 3681 3636 3755 exigitur.
3661 3700 3689 3735 ι

1979 4162 1983 4165 ”
2115 4157 2309 4208 muts
2368 4154 2633 4206 tultus
2690 4152 3041 4213 Qmwuz.
