4842 5802
851 3463 1111 3572 Ἢ·

1217 609 1340 671 612
2265 610 2609 672 HENRICI
2658 612 2996 673 SEPTun
3662 610 3820 688 [Anu.
3857 612 4035 674 1233.

1220 743 1391 816 tiam
1425 742 1908 816 universorum
1941 743 2131 838 quod
2171 766 2301 817 nos
2340 744 2434 817 ad
2470 745 2863 818 instantiam
2892 753 2963 816 et
2991 742 3398 840 petitionem
3434 739 3665 814 dilecti
3705 744 4044 841 principis

1220 865 1435 940 nostri
1485 866 1787 940 Cuuradi
1830 867 2173 962 Spirensis
2222 868 2560 964 episcopi,
2614 868 2937 944 fidelibus
2983 868 3256 941 civibus
3297 866 3548 941 nostris
3600 867 4043 963 Spirensibus

1218 1011 1488 1063 necnon
1524 997 1801 1084 propter
1844 989 2096 1063 devota
2131 991 2462 1085 obsequia
2493 993 2900 1067 eorumdem
2939 1014 3078 1086 que
3119 991 3321 1063 nobis
3372 1001 3443 1063 et
3489 991 3779 1086 imperio
3804 992 4040 1087 sepius

1217 1111 1687 1184 exhibuerunt
1736 1121 1805 1184 et
1862 1113 2201 1187 exhibent
2250 1115 2703 1209 incessanter,
2762 1116 2968 1189 talem
3020 1114 3312 1205 gratiam
3367 1114 3654 1187 fecimus
3709 1113 3800 1188 de
3850 1136 4041 1188 mera

1214 1235 1639 1330 benignitate
1684 1237 1874 1330 regia
1917 1246 1994 1309 ut
2028 1238 2292 1333 absque
2344 1241 2656 1334 qualibet
2705 1241 3068 1313 exactione
3118 1239 3369 1311 telonei
3417 1261 3573 1311 cum
3626 1239 3829 1311 bonis
3890 1239 4037 1313 suis

1215 1359 1406 1454 apud
1458 1360 1890 1455 Oppenheim
1942 1370 2290 1435 transeant
2344 1363 2417 1435 iu
2471 1364 2810 1438 descensu
2872 1374 2942 1438 et
3002 1384 3291 1436 ascensu
3360 1363 3575 1435 libere
3637 1373 3707 1436 et
3770 1364 4026 1457 quiete.

1214 1483 1644 1579 Quapropter
1679 1485 2078 1558 auctoritate
2111 1487 2303 1579 regia
2346 1495 2414 1559 et
2454 1489 2588 1561 sub
2637 1489 2922 1561 obtentu
2974 1487 3202 1581 gracie
3248 1494 3477 1559 nostre
3530 1485 3837 1560 districte
3874 1508 4032 1581 pre·

1214 1607 1507 1702 cipimus
1538 1607 1867 1699 quatinus
1901 1609 2132 1679 nullus
2168 1632 2343 1684 ausu
2383 1610 2635 1683 ductus
2677 1611 3036 1684 temerario
3078 1609 3270 1705 apud
3312 1610 3541 1682 locum
3583 1620 4033 1683 memoratum

1211 1751 1255 1802 a
1312 1730 1515 1802 bouis
1566 1731 1826 1803 civium
1875 1732 2365 1827 prelibatorum
2419 1736 2851 1807 exactionem
2916 1735 3213 1807 thelonei
3256 1734 3608 1826 requirere
3654 1742 4027 1830 presumat.

1214 1853 1420 1938 Quod
1457 1854 1578 1947 qui
1638 1856 2147 1950 attemptaverit
2194 1879 2478 1949 gravem
2527 1858 2856 1931 offensam
2901 1865 3133 1931 nostre
3176 1856 3600 1930 celsitudinis
3642 1878 3720 1930 se
3767 1856 4037 1930 noverit

1213 1977 1604 2050 incurrisse.
1663 1976 1777 2050 Ad
1817 1980 2150 2070 majorem
2195 1980 2431 2073 itaque
2486 1980 2905 2054 evidentiam
2952 1980 3286 2076 premisse
3332 1989 3563 2052 nostre
3614 1979 4027 2068 donationis,

1215 2100 1536 2195 sepefatis
1577 2101 1828 2174 nostris
1885 2102 2158 2175 civibus
2213 2112 2603 2197 presentem
2657 2104 3018 2200 paginam,
3060 2104 3282 2197 sigillo
3325 2111 3553 2174 nostre
3603 2101 4033 2175 celsitudinis

1214 2223 1730 2316 communitam,
1755 2225 2095 2317 jussimus
2123 2225 2464 2298 exhiberi.

1307 2350 1544 2422 Testes
1577 2350 1700 2443 qui
1744 2351 2199 2423 interfuerunt
2242 2351 2340 2421 hii
2375 2358 2539 2422 suut
2582 2377 2599 2421 ε
2641 2351 2725 2423 Η.
2767 2352 3073 2425 marchio
3109 2352 3199 2425 de
3233 2352 3505 2442 Baden,
3544 2370 3771 2423 comes
3813 2351 3900 2422 H.
3943 2349 4035 2423 de

1209 2470 1627 2546 Wirtinberc
1650 2527 1671 2565 ,
1726 2475 1811 2544 Η.
1845 2475 2150 2547 Nifarius
2177 2473 2317 2570 (a),
2353 2475 2430 2546 C.
2472 2474 2611 2570 (Ε.)
2632 2474 2902 2569 dapiFer
2941 2474 3031 2547 de
3064 2476 3427 2572 Walpurc,
3473 2472 3548 2544 C.
3584 2473 3916 2567 pincerna
3945 2470 4036 2546 de

1209 2595 1678 2688 Winterstete,
1711 2597 1800 2666 Η.
1835 2597 1926 2670 de
1972 2599 2444 2693 Ravenspurc,
2483 2598 2830 2670 Foneberc
2863 2597 2985 2692 (b),
3022 2599 3234 2671 etalii
3269 2598 3737 2694 quamplures.

1308 2719 1560 2790 Datum
1624 2717 1816 2813 apud
1884 2718 2261 2812 Ehelingen
2318 2719 2761 2815 (Ezelingen)
2787 2777 2809 2811 ,
2873 2741 3056 2792 anno
3128 2720 3473 2793 dominice
3549 2719 4038 2793 incarnationis

1212 2839 1452 2915 M⁰CC⁰
1469 2842 1689 2913 XXX⁰
1737 2841 1981 2936 terci0,
2021 2852 2268 2937 quarto
2303 2864 2523 2917 nonas
2551 2841 2770 2937 junii,
2810 2841 3186 2917 indictione
3207 2852 3433 2953 sexta.

3182 3120 3574 3134 —

1323 3410 1693 3495 Henricus
1709 3472 1733 3517 ,
1775 3411 2295 3494 Romanorum
2334 3435 2468 3491 rex
2484 3471 2507 3516 ,
2548 3409 3035 3492 donationem
3073 3432 3290 3488 areae
3325 3415 3401 3489 et
3434 3403 3836 3515 cujusdam
3870 3401 4034 3485 viae

1218 3542 1631 3654 adjacentis
1650 3604 1674 3651 ,
1732 3541 2096 3624 fratribus
2130 3541 2784 3624 Praedicatoribus
2840 3566 2888 3622 a
2938 3538 3229 3623 civibus
3285 3538 3444 3622 suis
3498 3537 3578 3619 in
3631 3534 4033 3646 Ezzlingen

1216 3678 1495 3763 factam
1516 3739 1540 3784 ,
1580 3687 1829 3761 ratam
1863 3677 2095 3760 habet
2128 3685 2204 3759 et
2236 3675 2664 3759 confirmat.

1368 3893 1699 3971 (Ineditum
1726 3911 1803 3954 ex
1829 3894 2096 3973 originali
2122 3895 2186 3954 in
2213 3893 2453 3954 archivo
2478 3894 2793 3971 stuttgart.
2823 3888 3177 3969 asservato.)

1314 4082 1400 4153 H.
1421 4134 1443 4171 ,
1494 4079 1620 4152 Dei
1666 4079 1885 4172 gratia
1938 4078 2404 4152 Romanorum
2453 4100 2583 4151 rex
2638 4086 2708 4151 et
2753 4097 3022 4172 semper
3066 4081 3404 4169 augustus
3427 4125 3449 4162 ,
3504 4067 3850 4142 universis
3901 4068 4035 4140 hoc

1217 4205 1549 4299 scriptum
1596 4202 2009 4297 inspecturis
2058 4203 2345 4295 gratiam
2395 4223 2596 4274 suam
2638 4208 2708 4273 et
2750 4221 2956 4273 omne
3001 4200 3287 4272 bonum.
3327 4193 3765 4268 Universitati
3813 4199 4038 4265 vestre

1219 4340 1460 4401 notum
1513 4326 1805 4400 facimus
1839 4324 2034 4418 quod
2081 4324 2522 4398 donationem
2574 4346 2733 4398 aree
2767 4335 2837 4397 et
2895 4322 3258 4416 cujusdam
3304 4320 3421 4392 vie
3462 4316 3841 4411 adJacentis
3885 4316 4039 4388 fra-

1306 4497 1391 4579 (a)
1433 4500 1666 4563 Scilicet
1686 4495 1757 4557 de
1783 4494 2011 4577 szffen,
2041 4495 2153 4559 sub
2180 4495 2368 4557 forma
2388 4501 2535 4558 tunc
2557 4498 2840 4573 temporis
2867 4495 3231 4574 frequentius
3253 4495 3554 4569 usurpata.

1309 4604 1389 4683 (b)
1433 4605 1845 4667 verisimiliter
1868 4604 2026 4665 idem
2052 4605 2157 4680 qui
2183 4618 2364 4679 supra
2378 4608 2626 4665 vocatur
2644 4598 2981 4682 Rudolphm
3003 4599 3074 4662 de
3098 4596 3464 4663 Fuencnberc
3486 4602 3547 4659 et
3570 4595 3714 4658 alias
3730 4589 4031 4672 Faveberq.

1220 4713 1362 4776 vid.
1393 4728 1452 4787 p.
1482 4720 1592 4771 601
1627 4717 1688 4772 et
1714 4719 1853 4773 611.
