4842 5802
845 733 1047 792 Inter.
1078 727 1166 810 7.]
1744 720 2143 785 HISTORIA
2186 717 2787 781 mPLOMATch.
3554 704 3677 767 669

1330 1006 1518 1025 σ-σ-δ--όο

958 1305 1370 1410 HenricuS‚
1410 1282 1932 1395 Romanorum
1968 1327 2139 1405 rex,
2186 1300 2289 1383 ad
2345 1299 2783 1408 petitionem
2837 1295 3204 1379 Bernardi
3257 1291 3553 1377 abbatis
3596 1304 3671 1376 et

858 1448 1273 1521 conventus
1318 1434 1758 1519 monasterii
1792 1435 1889 1516 de
1931 1432 2181 1536 Buch,
2242 1432 2447 1514 idem
2501 1428 3049 1513 monasterium
3082 1444 3264 1510 'cum
3312 1425 3670 1508 omnibus

859 1569 1082 1653 bonis
1118 1568 1282 1678 ejus
1319 1569 1399 1649 in
1435 1567 1897 1677 protectione
1951 1592 2092 1649 sua
2128 1564 2470 1673 suscipit,
2511 1565 2731 1672 eique
2774 1562 2978 1644 bona
3024 1585 3163 1643 sua
3208 1559 3352 1642 sita
3404 1559 3483 1640 in
3515 1558 3668 1643 Ni-

859 1701 1339 1786 dabudowitz
1375 1710 1451 1783 et
1491 1699 1864 1809 Kogelant
1894 1698 2121 1807 pleno
2150 1696 2325 1806 jure
2358 1695 2651 1779 confert
2683 1704 2760 1777 et
2792 1695 3055 1776 donat.

1025 1870 1217 1988 (Edit.
1253 1930 1347 1990 ap.
1382 1913 1777 1975 Senon-rem
1817 1866 1878 1973 et
1903 1913 2196 1984 Knvsm,
2217 1908 2627 1990 Diplomatar„
2654 1916 2704 1970 t.
2736 1909 2817 1982 11,
2846 1925 2902 1987 p.
2940 1916 3045 1968 181
3073 1927 3090 1981 ;
3119 1908 3253 1968 coll.
3299 1923 3437 1968 cnm
3477 1908 3670 1986 origi-

1100 2018 1223 2080 nali
1247 2018 1311 2078 ln
1332 2018 1573 2080 archivo
1597 2019 1935 2091 Dresdensl,
1964 2027 2032 2077 n⁰
2062 2025 2201 2095 319,
2231 2016 2391 2076 unde
2416 2015 2632 2093 pendet
2656 2014 2851 2073 adhuc
2877 2012 3136 2090 sigillum
3162 2010 3447 2091 cereum.)

960 2202 1037 2274 In
1073 2202 1349 2274 nomine
1395 2210 1631 2275 sancte
1682 2210 1753 2274 et
1805 2200 2171 2274 individue
2215 2200 2582 2272 Trinitatis.
2638 2197 2997 2271 Heinricus
3045 2200 3377 2293 septimus
3432 2200 3674 2272 divina

863 2325 1136 2397 favente
1170 2327 1533 2399 clementia
1568 2327 2033 2398 Romanorum
2072 2346 2201 2396 rex
2255 2333 2325 2396 et
2370 2345 2641 2418 semper
2684 2331 3047 2416 augustus.
3098 2322 3208 2393 Ad
3262 2322 3393 2394 hoc
3438 2322 3675 2396 divina

866 2448 1272 2543 disponente
1301 2447 1739 2544 providentia
1768 2448 1861 2520 ad
1887 2448 2085 2541 regni
2109 2447 2575 2542 gubernacula
2604 2467 2730 2518 nos
2764 2444 3108 2517 credimus
3138 2445 3564 2536 sublimatos,
3598 2456 3674 2517 ut

864 2571 1015 2644 loca
1045 2572 1287 2645 divino
1313 2573 1530 2644 cultui
1561 2572 1951 2667 mancipata
1984 2581 2340 2643 teneamur
2365 2570 2769 2643 liberalitate
2809 2570 3001 2662 regia
3033 2590 3472 2663 promovere,
3523 2592 3675 2643 ser-

866 2717 1253 2790 vorumque
1278 2697 1402 2769 Dei
1447 2696 1858 2768 utilitatibus
1894 2696 1967 2766 in
2005 2693 2524 2767 confirmatione
2558 2693 3080 2788 privilegiorum
3124 2700 3503 2766 nostrorum
3544 2716 3675 2767 nec

870 2841 1007 2892 non
1046 2819 1117 2890 in
1155 2821 1307 2892 aliis
1341 2820 1838 2916 temporalibus
1863 2818 2190 2893 subsidiis
2216 2817 2610 2890 subvenire.
2655 2816 2936 2889 Noverit
2983 2816 3193 2910 igitur
3221 2825 3362 2888 tam
3398 2838 3676 2911 presens

873 2953 1017 3017 etas
1048 2965 1261 3038 quam
1289 2966 1693 3017 successura
1721 2944 2082 3039 posteritas
2125 2942 2315 3036 quod
2346 2963 2475 3015 nos
2514 2943 2605 3014 ob
2627 2941 3078 3014 reverentiam
3099 2942 3498 3016 intemerate
3524 2944 3678 3014 vir-

871 3067 1050 3160 ginis
1084 3068 1209 3140 Dei
1237 3068 1589 3161 genitricis
1622 3068 1869 3158 Marie,
1909 3067 2234 3162 peticioni
2261 3066 2534 3139 abbatis
2557 3065 2933 3138 Bernhardi
2965 3075 3034 3138 et
3062 3068 3479 3139 confratrum
3505 3090 3678 3140 sno-

870 3213 1023 3264 rum
1089 3191 1484 3265 monasterii
1538 3191 1631 3264 de
1701 3191 1895 3262 Buch
1948 3191 2433 3286 cysterciensis
2479 3189 2742 3262 ordinis
2797 3188 2887 3261 de
2928 3187 3362 3283 providentia
3410 3192 3678 3264 consilii

869 3315 1083 3387 nostri
1110 3316 1500 3388 satisfacere
1529 3315 1912 3410 cupientes,
1950 3315 2181 3410 ipsum
2221 3314 2707 3386 monasterium
2739 3334 2900 3385 cum
2929 3312 3251 3385 omnibus
3286 3313 3682 3388 hominibus

872 3447 942 3510 et
978 3440 1562 3533 possessionibus,
1616 3461 1794 3533 quas
1839 3439 1914 3510 in
1952 3438 2449 3533 presentiarum
2478 3437 2804 3509 canonice
2829 3435 3136 3531 possidet
3164 3445 3234 3509 et
3267 3437 3339 3507 in
3370 3440 3676 3511 futurum

867 3562 1074 3652 justis
1099 3561 1326 3634 modis
1355 3561 1602 3656 poterit
1636 3561 1967 3656 adipisci,
2012 3561 2147 3633 sub
2184 3569 2484 3633 nostram
2514 3569 2585 3631 et
2624 3559 2895 3653 imperii
2933 3559 3421 3653 protectionem
3459 3563 3679 3634 susci·

874 3685 1110 3779 pimus
1152 3706 1234 3757 ac
1277 3685 1728 3779 patrocinium
1769 3684 2097 3779 speciale,
2154 3683 2340 3756 dicta
2382 3683 2566 3755 bona
2602 3703 2763 3754 cum
2804 3681 2953 3753 suis
2997 3683 3421 3776 pertinentiis
3456 3684 3680 3758 eidem

875 3806 1275 3880 auctoritate
1289 3809 1478 3901 regia
1501 3807 2005 3881 confirmantes.
2033 3806 2147 3880 Ad
2164 3807 2293 3879 hec
2314 3826 2440 3901 pro
2453 3804 2759 3877 remedio
2773 3804 3002 3877 anime
3020 3815 3246 3878 nostre
3273 3814 3339 3878 et
3366 3806 3683 3882 divorum

875 3930 1392 4024 progenitorum
1430 3940 1851 4021 nostrorum,
1886 3939 2259 4003 memorato
2301 3928 2716 4001 monasterio
2761 3928 2954 4022 quod
3003 3929 3094 4001 ab
3152 3929 3319 4024 ipsis
3373 3931 3682 4005 dotatum

878 4049 1257 4124 dinoscitur
1299 4053 1634 4148 quodque
1667 4065 1997 4148 tanquam
2034 4052 2370 4126 familiare
2406 4062 2476 4125 et
2507 4052 2841 4125 dilectum
2875 4052 3052 4123 inter
3086 4055 3494 4127 monasteria
3522 4056 3685 4151 Cys-

878 4176 1067 4248 tercii
1094 4176 1361 4249 ordinis
1382 4177 1585 4251 nobis
1615 4177 2001 4272 specialiter
2026 4186 2451 4271 reputamus,
2494 4175 2585 4248 de
2613 4175 3033 4270 benignitate
3055 4177 3246 4270 regia
3262 4179 3490 4252 omnia
3505 4180 3687 4252 bona

879 4300 1076 4372 nobis
1106 4301 1516 4395 pertinentia
1547 4301 1678 4375 sita
1697 4302 1771 4373 in
1795 4300 2306 4374 Nidabudowiz
2330 4310 2400 4372 et
2428 4301 2799 4394 Kogelant,
2837 4321 2975 4394 que
3000 4302 3351 4373 annuatim
3383 4303 3690 4397 quinque

881 4420 1089 4495 libras
1124 4423 1593 4517 Liznikgensis
1628 4434 1901 4497 monete
1937 4424 2137 4497 nobis
2182 4424 2545 4496 taxacione
2585 4422 2889 4517 legitima
2924 4424 3439 4518 persolvebant,
3484 4428 3687 4520 pleno

877 4545 1029 4635 jure
1042 4547 1456 4619 conferimus
1481 4557 1550 4620 et
1578 4546 1944 4632 donamus,
1983 4548 2054 4619 in
2088 4570 2258 4620 usus
2291 4557 2360 4620 et
2394 4547 2781 4619 utillitatem
2815 4545 3083 4619 abbatis
3120 4556 3189 4617 et
3222 4548 3500 4620 fratrum
3523 4572 3690 4646 pre-

887 4666 1078 4739 libati
1112 4671 1509 4743 monasterii
1544 4670 1616 4741 in
1644 4679 2055 4767 perpetuum
2096 4670 2513 4767 possidenda
2561 4692 2645 4742 ac
2688 4692 2845 4741 cum
2884 4669 3071 4741 omni
3105 4669 3491 4765 integritate
3513 4675 3690 4765 juris

888 4798 954 4860 et
987 4791 1332 4880 libertate,
1386 4801 1525 4864 tam
1564 4792 1862 4887 presenti
1896 4816 2107 4888 quam
2140 4796 2405 4885 futura,
2441 4793 2587 4866 suis
2624 4793 2867 4865 usibus
2901 4792 3284 4866 retinenda.
3315 4795 3692 4869 Statuimns

3760 1299 3996 1404 ”trg'pgigm
4007 1383 4021 1404 ,

3807 1407 3858 1447 10
3868 1406 3986 1459 julli.
