4842 5802
1159 616 1281 679 780
2167 609 2589 673 Fnlnssmcl
2640 610 2988 673 SECUNDI
3602 611 3763 697 [An.
3800 615 3974 679 1235.

1259 748 1601 845 Scriptum
1662 756 1766 821 est
1813 746 1886 819 in
1929 744 2253 819 eumdem
2308 744 2598 818 modum
2653 746 2765 843 (n⁰
2811 746 2996 841 238)
3044 768 3202 820 cum
3253 746 3436 820 notis
3486 746 3987 845 chronologicis

1162 873 1425 947 eisdem
1479 869 1858 944 rectoribus
1919 868 2261 942 societatis
2332 869 2786 943 Lombardiae
2805 924 2826 962 ,
2882 892 2923 941 a
2993 868 3225 942 verbis
3259 870 3445 941 Licet
3493 872 3876 944 carissimus
3912 874 3981 944 in

1163 998 1427 1070 Christo
1464 1015 1687 1089 usque
1722 993 1815 1066 ad
1851 993 2201 1085 contiqerit
2241 992 2609 1084 imminere,
2648 992 2880 1066 verbis
2916 1001 3379 1088 competenter
3417 994 3717 1068 mutatis·

3153 1311 3535 1324 -.ῃ-...μω

1267 1590 1673 1672 Taxatores
1723 1588 2043 1671 civitatis
2098 1588 2269 1698 Troj
2279 1614 2367 1670 ae
2404 1614 2452 1669 a
2494 1589 2707 1670 curia
2752 1589 3136 1672 constituti
3194 1591 3293 1673 ad
3349 1591 3778 1702 colligenda
3835 1594 3980 1676 tria

1157 1722 1401 1803 millia
1435 1732 1511 1805 et
1553 1720 2153 1831 quadringentas
2210 1720 2475 1803 uncias
2531 1721 2699 1802 auri
2745 1748 2883 1830 pro
2937 1723 3454 1832 redemptione
3507 1725 3977 1834 captivorum

1148 1848 1235 1936 'in
1282 1854 1580 1938 obsidio
1623 1852 1856 1963 hujus
1910 1852 2163 1959 urbiS,
2202 1852 2463 1963 vigore
2516 1852 2857 1935 mandati
2895 1854 3240 1937 Riccardi
3291 1857 3389 1938 de
3431 1856 3979 1941 Montefuscolo

1155 1987 1569 2098 imperialis
1632 1984 2081 2096 justiciarii,
2156 1984 2303 2066 sub
2374 1985 2597 2066 hasta
2665 1985 3006 2068 vendunt
3076 2011 3218 2095 pro
3285 1987 3533 2070 tribus
3588 1989 3834 2071 unciis
3903 2002 3980 2072 et

1154 2121 1471 2204 dimidia
1515 2128 1812 2228 partem
1854 2129 2097 2200 terrae
2131 2116 2496 2200 Johannis
2544 2116 2804 2199 Tafuri
2858 2118 3041 2202 civis
3078 2118 3425 2230 Trojani,
3476 2122 3610 2230 qui
3658 2122 3757 2204 ad
3811 2148 3975 2204 un—

1151 2255 1397 2338 decim
1436 2253 1699 2337 uncias
1733 2252 2131 2362 impositus
2168 2251 2393 2334 exivit
2429 2252 2526 2334 de
2562 2250 2789 2362 Troja
2823 2279 2963 2335 nec
3000 2253 3247 2337 solvit.

1318 2466 1566 2543 (Inedit.
1598 2467 1663 2525 ln
1716 2465 1959 2526 archivo
2008 2469 2265 2525 monast.
2315 2464 2539 2524 Montis
2584 2465 2877 2545 Virginis,
2926 2466 3047 2528 vol.
3086 2466 3356 2541 CXXIV,
3393 2481 3652 2545 pergam.
3708 2476 3852 2546 116,
3897 2484 3973 2527 ex

1393 2572 1662 2651 orlglnall
1697 2571 1949 2632 diversis
1983 2571 2129 2632 locis
2168 2569 2553 2649 oblitterato.)

1253 2761 1327 2830 In
1359 2758 1635 2830 nomine
1664 2757 1938 2830 Domini
1973 2757 2180 2829 Jhesu
2213 2756 2506 2845 Christi,
2558 2778 2741 2829 anno
2762 2758 3071 2851 ejusdem
3099 2759 3588 2832 incarnationis
3611 2760 3974 2833 millesimo

1151 2882 1624 2955 ducentesimo
1652 2880 1994 2953 tricesimo
2027 2880 2304 2974 quinto,
2343 2880 2614 2975 imperii
2643 2900 2807 2953 vero
2835 2879 3101 2953 domini
3137 2883 3348 2955 nostri
3374 2882 3715 2955 Frederici
3754 2884 3973 2956 invic-

1147 3005 1390 3077 tissimi
1424 3008 1882 3076 Romanorum
1912 3005 2338 3099 imperatoris
2360 3018 2431 3076 et
2465 3026 2735 3099 semper
2763 3006 3036 3097 augusti
3064 3027 3248 3078 anno
3270 3004 3819 3109 quintodecimo,
3862 3008 3973 3078 sui

1145 3149 1314 3200 vero
1350 3127 1544 3219 regni
1578 3128 1944 3201 Ierusalem
1981 3148 2164 3198 anno
2194 3126 2464 3199 decimo
2492 3138 2561 3199 et
2600 3128 2793 3221 regni
2831 3126 3057 3200 Sicilie
3094 3149 3278 3200 anno
3316 3128 3655 3201 tricesimo
3688 3139 3961 3221 oetam,

1144 3263 1353 3346 atque
1381 3272 1538 3322 cum
1563 3271 1646 3322 eo
1671 3259 2004 3344 regnante
2038 3250 2320 3324 domino
2350 3260 2580 3324 nostro
2612 3250 2906 3322 Henrico
2928 3249 3423 3344 gloriosissimo
3455 3272 3618 3344 rege
3646 3251 3786 3325 filio
3813 3256 3968 3346 ejus

1149 3397 1333 3450 anno
1366 3374 1694 3447 vicesimo
1722 3373 1967 3466 tercio,
2008 3375 2251 3468 quinto
2275 3373 2536 3445 mensis
2576 3373 2906 3466 octobris,
2954 3382 3199 3446 octavo
3246 3374 3643 3448 indictionis
3668 3374 3724 3469 (⁴
3743 3376 3795 3472 ).
3830 3379 3970 3451 Nos

1147 3502 1384 3572 Simon
1426 3498 1516 3572 de
1564 3497 1958 3587 Guernisio,
1998 3498 2312 3569 Matheus
2355 3497 2447 3569 de
2481 3497 2783 3570 Concilio
2818 3509 2888 3570 et
2923 3498 3368 3589 Tholomeus,
3424 3500 3697 3573 Troiani
3734 3501 3959 3592 civeS‚

1151 3627 1445 3698 fatemur
1475 3623 1666 3716 quod
1695 3644 1853 3694 cum
1892 3621 2318 3694 universitati
2366 3622 2562 3694 Troie
2612 3621 2915 3696 sindicos
2959 3643 3122 3694 suos
3159 3623 3562 3696 constitutos
3590 3624 3681 3696 ab
3721 3625 3964 3699 eadem

1151 3750 1596 3823 universitate
1631 3747 2143 3847 [requisituros]
2178 3745 2276 3844 (a)
2317 3747 2448 3820 tria
2486 3746 2678 3820 milia
2724 3747 3084 3819 unciarum
3132 3748 3286 3821 auri
3329 3757 3396 3822 et
3431 3749 3970 3845 quadringentas

1149 3877 1390 3946 uncias
1421 3873 1574 3946 anri
1617 3894 1741 3967 pro
1781 3871 2253 3966 redemptione
2293 3872 2722 3967 captivorum
2771 3871 2842 3941 in
2878 3870 3229 3944 obsidium
3269 3871 3466 3945 Troie
3503 3872 3609 3968 (2)
3648 3871 3970 3944 dominus

1231 4049 1308 4130 (a)
1350 4050 1529 4111 Deest
1549 4049 1664 4110 hoc
1690 4048 1935 4109 verbum
1963 4054 2068 4108 aut
2090 4046 2388 4124 quoddam
2430 4045 2595 4107 allud
2614 4045 2825 4107 similis
2850 4062 3077 4107 sensus.

1796 4230 1924 4238 ..-

1225 4342 1297 4413 (l)
1334 4338 1581 4395 Notarius
1602 4335 1677 4393 ibi
1701 4333 1867 4391 utitur
1898 4331 2204 4403 indictione,
2243 4348 2349 4389 non
2369 4348 2620 4404 cesarea,
2649 4332 2735 4390 vel
2763 4348 2978 4406 graeca,
3004 4331 3100 4389 sed
3125 4329 3434 4405 pontificali.

1223 4438 1299 4512 (2)
1335 4432 1631 4492 Rebellioni
1657 4438 1711 4490 et
1737 4430 2001 4489 obsidioni
2029 4430 2221 4502 Trojae
2252 4428 2440 4484 alludit
2458 4428 2748 4485 Riccardus
2774 4429 2843 4486 de
2867 4427 3062 4485 Sancto
3086 4427 3372 4498 Germano,
3399 4441 3524 4482 cum
3546 4425 3615 4483 ad
3643 4442 3770 4483 ann.
3804 4429 3961 4500 ⁴233,

1150 4550 1336 4594 mense
1365 4533 1627 4608 januario,
1653 4530 1886 4588 breviter
1919 4528 2061 4586 dicat
2088 4545 2103 4582 ε
2139 4548 2165 4581 α
2195 4527 2382 4598 Trojae
2421 4526 2631 4584 moenia
2666 4524 2966 4582 diruuntur.
2993 4545 3019 4578 n
3044 4525 3341 4584 Seditiones
3378 4530 3557 4582 tamen
3593 4540 3693 4598 per
3718 4527 3965 4600 Apuliam

1151 4634 1352 4693 diutius
1384 4630 1646 4689 ferbuisse
1680 4627 2035 4702 suspicamur,
2063 4625 2193 4683 dum
2219 4624 2462 4696 legamus
2499 4623 2698 4680 ibidem
2733 4641 2745 4678 ε
2779 4646 2803 4674 ι
2838 4625 2977 4682 ⁴234
3004 4622 3314 4698 septembri,
3343 4623 3633 4696 imperator
3660 4621 3715 4678 in
3741 4638 3965 4695 regnum

1153 4730 1368 4786 rediens
1405 4727 1606 4785 casalia
1645 4723 1909 4798 quaedam
1942 4722 2164 4796 Apuliae
2204 4720 2517 4795 depopulari
2552 4720 2724 4794 jubet.
2765 4739 2792 4774 υ
2837 4720 2958 4780 vid.
2987 4721 3151 4778 etiam
3198 4719 3328 4795 quid
3368 4734 3532 4794 supra
3574 4720 3962 4792 notaverimuS,
