4842 5802
851 1615 904 1658 ιο
923 1612 1047 1668 jum.

1178 601 1296 661 728
2173 598 2606 660 FRIDERICI
2660 602 3007 665 SECUNDI
3617 610 3781 693 [Anu.
3822 616 3990 679 1235.

1179 734 1372 814 inter
1408 757 1601 841 quos
1664 744 1826 813 erat
1867 731 2225 813 dominus
2278 730 2694 815 Landolfus
2744 735 3167 845 episcopus.
3215 738 3462 836 Quem
3508 765 3686 823 cum
3731 745 3993 855 impe-
4064 844 4067 847 ,

1181 877 1384 948 rator
1455 864 1800 967 vidisset,
1871 874 2046 945 ante
2108 865 2655 948 monasterium
2710 869 2956 971 stetit,
2996 878 3072 950 et
3119 868 3349 979 jussit
3388 897 3566 955 eum
3634 875 3841 960 abire
3898 880 3993 962 de

1183 1008 1489 1107 aspectu
1535 1023 1702 1080 suo.
1745 999 2009 1079 Annal.
2065 1003 2459 1104 Wormat.‚
2500 998 2810 1102 Ibidem,
2854 1028 2932 1109 p.
2984 1004 3164 1085 164.
3224 1032 3235 1051 ‘

2899 1326 3539 1345 *um—06.-

1289 1595 1732 1704 Supervenit
1796 1597 2118 1681 breviter
2188 1600 2505 1682 domina
2572 1599 2960 1684 Elisabeth
3025 1602 3432 1713 (Isabella)
3503 1601 3942 1711 imperatrix
3967 1662 3991 1708 ‚

1187 1752 1401 1811 soror
1453 1729 1742 1811 domini
1814 1731 2015 1841 regis
2062 1731 2424 1843 Angliae,
2483 1759 2659 1814 cum
2703 1761 2860 1845 qua
2907 1735 3267 1818 dominus
3320 1736 3731 1845 imperator
3781 1734 3994 1816 cele—

1187 1859 1432 1942 bravit
1466 1863 1771 1969 nuptias
1806 1863 1883 1942 in
1922 1864 2346 1947 Wormatia
2391 1866 2879 1975 solempniter
2920 1868 2999 1949 in
3054 1868 3424 1951 divisione
3459 1867 3996 1977 Apostolorum

1188 1990 1336 2100 (15
1365 1992 1610 2103 julii).
1652 1999 1916 2077 Annal.
1989 2003 2382 2106 Wormat.,
2425 1999 2727 2097 Ibidem,
2782 2027 2862 2109 p.
2930 2004 3110 2085 164.
3142 2000 3547 2111 —Itaque
3600 2000 3797 2083 XVII
3838 1999 3995 2082 ka-

1184 2123 1451 2207 lendas
1507 2129 1810 2236 augusti
1860 2125 1987 2238 (1)
2042 2129 2452 2239 imperator
2514 2154 2850 2213 sororem
2905 2132 3105 2241 regis
3150 2133 3471 2242 Angliae
3531 2132 3999 2216 Wormatiae

1184 2256 1555 2365 imperiali
1628 2260 2113 2343 matrimonio
2185 2262 2329 2346 sibi
2405 2263 2923 2373 sollempniter
2990 2265 3370 2373 copulavit
3431 2265 3582 2375 (2).
3652 2264 3991 2347 chronic.

1184 2393 1606 2499 Erphord„
1637 2393 1939 2491 Ibidem,
1986 2421 2066 2502 p.
2110 2396 2295 2477 595.

1612 2712 2454 2724 *m-——ae—-mn-a—--ffl
2472 2716 2511 2723 ...-
2588 2716 2659 2725 --
2678 2718 2689 2724 -
2706 2717 2747 2725 Η.
2762 2716 2911 2724 -η--α
2929 2717 3117 2725 ---οω
3134 2717 3287 2726 ...μ-..υ
3302 2719 3363 2725 -.,.,.
3380 2719 3405 2725 -ψ
3438 2718 3567 2727 ...ψ-.-

1296 2987 1756 3094 Fridericus‚
1823 2986 2343 3068 Romanorum
2395 2986 2842 3093 imperator,
2906 2985 3369 3068 abbatissam
3423 2995 3499 3067 et
3550 2997 4002 3069 conventum

1103 3096 1115 3118 ⁹
1190 3126 1286 3207 de
1352 3124 1728 3207 Dusseren
1803 3146 1980 3203 cum
2053 3121 2410 3204 omnibus
2484 3122 2705 3203 bonis
2776 3146 3041 3203 earum
3113 3120 3259 3202 sub
3330 3121 3789 3227 protectione
3865 3146 4003 3201 sua

1191 3328 1330 3338 -..ι-ο
1336 3327 3041 3339 *mm—*fflmffl-—m
3052 3326 4000 3338 ———-·-——————————·0

1263 3444 1335 3519 (·Ι)
1375 3448 1441 3500 46
1463 3441 1608 3516 julii,
1639 3442 1736 3498 sed
1763 3441 1940 3498 minus
1968 3446 2114 3497 recte
2137 3446 2198 3496 ut
2220 3456 2287 3496 ex
2317 3440 2507 3496 litteris
2529 3439 2765 3513 episcopi
2793 3439 3245 3496 Hildeshemensis
3270 3438 3568 3496 evidentius
3591 3439 3815 3513 patebit.
3848 3440 4006 3496 Errat

1191 3558 1404 3617 quoque
1434 3540 1736 3600 Matthaeus
1771 3539 2083 3596 parisiensis
2103 3555 2270 3611 quum
2299 3537 2444 3594 dicat
2470 3556 2484 3594 :
2508 3559 2535 3591 ι
2566 3539 2916 3611 Desponsavit
2937 3553 3065 3610 ergo
3089 3537 3321 3611 puellam
3345 3536 3544 3593 ibidem
3559 3580 3572 3604 ‚
3609 3538 4003 3595 matrimonium

1191 3641 1454 3696 Initiatum
1490 3638 1907 3695 consummando
1945 3636 2287 3709 solempniter
2318 3636 2625 3709 imperator,
2654 3636 2782 3691 XIII
2822 3635 3078 3691 kalendas
3127 3636 3338 3707 augusti
3383 3636 3440 3691 in
3479 3635 3760 3695 dominica.
3800 3656 3825 3689 »
3857 3639 4002 3694 Hist.

1192 3738 1390 3810 major,
1408 3754 1462 3809 p.
1490 3741 1613 3793 385.
1647 3736 1770 3792 Dies
1789 3735 1933 3791 enim
1958 3734 2248 3791 vicesimus
2272 3733 2389 3806 julii
2410 3734 2513 3790 hoc
2542 3748 2682 3789 anno
2708 3732 3006 3790 dominicae
3032 3732 3250 3789 minime
3274 3731 3787 3804 conveniebat,dum
3817 3740 4005 3789 contra

1192 3837 1413 3908 quintus
1435 3834 1671 3890 decimus
1696 3833 1812 3890 dies
1830 3834 1974 3906 juste
1999 3832 2055 3887 in
2085 3833 2311 3905 primam
2342 3831 2528 3888 feriam
2561 3830 2834 3887 incideret.

1265 3931 1336 4003 (2)
1381 3950 1407 3983 α
1425 3931 1624 3987 Eodem
1651 3936 1891 4003 tempore
1923 3943 2076 3986 soror
2100 3928 2242 4002 regis
2268 3926 2486 4000 Angliae
2514 3931 2701 3998 rogatu
2729 3927 3063 3999 imperatoris
3099 3925 3167 3981 ab
3203 3927 3599 3997 archiepiscopo
3630 3924 3926 3982 Coloniensi
3951 3931 4007 3981 et

1196 4028 1331 4085 duce
1359 4026 1671 4083 Brabantiae
1704 4026 1773 4082 ab
1812 4026 2000 4098 Anglia
2036 4024 2334 4093 adducitur,
2366 4023 2467 4095 ipsi
2497 4022 2803 4095 imperatori
2846 4029 3098 4095 nuptura.
3127 4021 3276 4089 Quae
3312 4022 3382 4077 ab
3422 4021 3671 4078 omnibus
3704 4020 4006 4076 civitatibus

1196 4131 1254 4183 et
1273 4124 1484 4199 oppidis
1514 4139 1609 4196 per
1631 4139 1772 4196 quae
1797 4138 1918 4179 eam
1946 4121 2171 4178 transire
2198 4120 2438 4194 contigit,
2468 4118 2775 4189 honorifice,
2802 4119 2898 4175 sed
2927 4134 2961 4175 a
2992 4118 3203 4174 civibus
3226 4115 3628 4175 coloniensibus
3651 4116 3855 4187 majore
3879 4131 4008 4188 prae

1199 4222 1315 4278 aliis
1344 4219 1575 4294 tripudio
1598 4219 1782 4292 quinta
1802 4217 1932 4274 feria
1967 4217 2210 4291 proxima
2238 4222 2361 4272 ante
2388 4217 2733 4273 Pentecosten
2763 4215 2858 4288 (24
2893 4215 3047 4287 maii)
3079 4214 3386 4287 suscipitur.
3420 4213 3575 4285 Apud
3600 4227 3737 4285 quos
3764 4212 3819 4266 in
3849 4212 4007 4268 domo

1195 4319 1484 4393 praepositi
1523 4316 1690 4373 sancti
1721 4314 1977 4373 Gereonis
2011 4331 2109 4388 per
2135 4329 2376 4371 mensem
2402 4313 2459 4368 in
2487 4328 2682 4385 magna
2706 4311 3111 4369 honorificentia
3151 4312 3401 4367 continue
3429 4315 3688 4365 moratur.
3717 4307 3847 4364 Inde
3877 4322 4010 4380 pro-

1196 4415 1441 4489 grediens
1487 4415 1628 4487 apud
1655 4413 2011 4470 wormatiam
2049 4411 2357 4486 imperatori
2385 4410 2704 4483 assignatur.
2735 4409 2839 4467 Ubi
2869 4406 3172 4482 imperiales
3202 4408 3419 4480 nuptiae
3446 4405 3626 4463 debito
3651 4421 3774 4462 cum
3808 4405 4010 4463 bonore

1198 4512 1556 4569 celebrantur.
1583 4495 1884 4584 ¹Imperator
1910 4510 2101 4566 suadet
2124 4509 2455 4581 priucipibus
2481 4524 2549 4563 ne
2577 4506 2927 4564 histrionibus
2949 4506 3089 4563 dona
3111 4503 3264 4561 solito
3288 4519 3438 4560 more
3470 4502 3809 4576 prodigaliter
3831 4504 4009 4559 effun—

1197 4609 1344 4680 dant,
1368 4611 1616 4682 judicans
1640 4608 1926 4665 maximam
1952 4607 2277 4664 dementiam
2306 4605 2354 4662 si
2374 4605 2498 4679 quis
2532 4620 2631 4661 sua
2658 4604 2797 4662 bona
2832 4603 3011 4661 mimis
3039 4602 3126 4663 vel
3155 4600 3503 4659 histrionibus
3527 4599 3674 4657 fatue
3714 4599 3952 4672 largitur.
3979 4619 4005 4650 ι

1200 4705 1447 4763 Genera.
1475 4707 1675 4763 Comi«.
1695 4749 1709 4778 ,
1737 4705 2144 4778 animumn,
2173 4704 2389 4772 Fontes,
2420 4709 2461 4758 t.
2488 4702 2555 4771 11,
2587 4720 2643 4775 p.
2672 4701 2794 4756 367.
