4842 5802
922 646 1116 705 lxnrcr.
1155 645 1281 723 10.]
1825 644 2220 708 HISTORIA
2268 644 2851 706 DIPLOMATICA.
3622 644 3741 705 907

921 779 1014 852 ad
1066 780 1403 852 talliarum
1468 778 1874 852 solutionem
1925 780 2270 854 interdum
2329 780 2556 854 clerici
2610 779 3108 874 compelluntur
3169 779 3240 848 in
3294 778 3732 872 patrimonia-

921 902 1101 974 libus
1136 903 1247 974 vel
1282 904 1353 974 in
1392 902 1642 992 feudis,
1673 902 1879 975 realis
1902 904 2012 976 vel
2053 905 2431 998 personalis
2456 903 2744 976 actionis
2781 903 3052 975 delectu
3085 922 3224 974 non
3256 900 3492 972 habito
3526 923 3735 997 super

920 1026 1047 1114 eis,
1079 1025 1212 1099 hoc
1242 1047 1384 1099 non
1411 1026 1503 1097 ad
1538 1047 1787 1099 nomen
1827 1026 2103 1120 injurie,
2140 1026 2267 1100 sed
2295 1026 2386 1100 ad
2412 1026 2593 1119 juris
2620 1026 3097 1099 executionem
3131 1025 3358 1119 potius
3389 1024 3736 1097 credimus

916 1148 1419 1224 reducendum.
1478 1152 1554 1222 In
1615 1149 1971 1223 beneficiis
2014 1160 2247 1223 autem
2293 1150 2770 1223 ecclesiasticis
2822 1149 2934 1221 vel
2992 1147 3528 1241 obligationibus
3574 1169 3736 1221 con-

917 1274 1150 1347 tractis
1182 1275 1273 1347 ab
1307 1275 1410 1347 eis
1450 1275 1641 1346 nulla
1680 1275 2133 1369 permittimus
2182 1276 2469 1347 clericos
2501 1296 2729 1347 coram
2764 1273 2947 1346 civili
2977 1271 3243 1364 judicio
3280 1272 3733 1344 conventione

913 1398 1183 1488 vexari,
1219 1396 1397 1470 adeo
1428 1398 1617 1491 quod
1648 1407 1882 1470 eontra
1915 1420 2037 1471 eos
2072 1400 2143 1470 in
2179 1399 2500 1472 civilibus
2531 1397 2937 1469 criminibus
2965 1395 3199 1490 etiam,
3226 1416 3368 1489 que
3404 1395 3728 1469 lesionem

915 1530 1143 1593 nostre
1179 1544 1316 1593 non
1349 1521 1699 1595 continent
1744 1522 2141 1614 majestatis,
2187 1543 2393 1615 super
2425 1521 2680 1616 quibus
2714 1518 3100 1593 secundum
3134 1527 3448 1591 veterum
3499 1518 3729 1612 legum

912 1645 1082 1716 scita
1125 1645 1348 1716 civilis
1391 1644 1649 1737 judicis
1684 1644 1968 1717 deberet
2001 1666 2154 1718 esse
2189 1644 2517 1738 cognitio,
2569 1643 2967 1739 parcissime
2999 1644 3116 1735 jus
3164 1641 3459 1715 dicatur.
3505 1641 3619 1714 Sic
3665 1656 3734 1713 et

914 1766 986 1837 in
1032 1767 1427 1862 provisione
1472 1778 1822 1861 pastorum
1874 1768 2285 1840 vacantibus
2337 1767 2645 1841 ecclesiis
2699 1765 3043 1855 facienda,
3095 1786 3221 1838 nos
3260 1766 3377 1856 jus
3421 1775 3728 1838 nostrum

911 1890 1275 1984 antiquum
1313 1891 1514 1962 nobis
1547 1892 1638 1963 de
1677 1892 1835 1983 jure
1865 1890 2342 1983 defendimuS,
2385 1892 2457 1961 in
2501 1910 2642 1984 quo
2686 1890 2918 1962 inferri
2950 1889 3149 1963 nobis
3185 1887 3506 1979 injuriam
3535 1888 3727 1960 nullo

911 2013 1117 2085 modo
1152 2016 1266 2086 vel
1303 2023 1606 2108 tempore
1655 2015 1992 2088 sustinere
2040 2037 2438 2110 possemus;
2489 2035 2628 2087 non
2674 2014 2905 2086 minus
2954 2011 3275 2085 dedecori
3315 2033 3524 2105 quam
3577 2013 3729 2086 dis-

908 2137 1165 2231 pendio
1195 2147 1593 2232 reputantes
1639 2137 1698 2209 si
1734 2159 1818 2211 eo
1846 2138 2039 2233 quod
2085 2137 2684 2232 predecessoribus
2719 2136 2964 2211 nostris
2999 2137 3071 2207 in
3107 2156 3351 2229 regno,
3388 2157 3565 2230 quos
3598 2160 3724 2209 nec

909 2260 1209 2352 potentie
1262 2270 1446 2332 tante
1497 2262 1848 2355 fastigium
1894 2284 2022 2334 nec
2070 2263 2284 2336 decus
2331 2262 2505 2335 tanti
2555 2261 2851 2334 nominis
2903 2260 3318 2344 illustrabat,
3366 2260 3721 2332 toleratum

906 2402 1031 2474 per
1079 2382 1452 2454 Ecclesiam
1495 2384 1724 2456 extitit
1770 2385 1883 2456 vel
1938 2385 2308 2475 indultum,
2364 2406 2495 2456 nos
2545 2383 2795 2457 diebus
2842 2383 3091 2456 nostris
3137 2382 3558 2476 contingeret
3592 2382 3723 2456 de·

906 2502 1234 2578 fraudari.
1278 2506 1557 2577 Illorum
1606 2517 1835 2579 autem
1886 2507 2284 2580 officialium
2342 2507 2625 2579 nomina
2679 2528 2802 2601 per
2850 2527 3025 2601 quos
3071 2515 3368 2578 rectores
3420 2507 3725 2579 ecclesiis

904 2639 1379 2720 preponuntur
1445 2631 1555 2702 vel
1608 2631 1930 2725 prepositi
1977 2631 2429 2725 repelluntur,
2490 2651 2760 2703 necnon
2819 2640 2888 2701 et
2946 2630 3391 2702 ecclesiarum
3442 2630 3590 2703 loca
3649 2631 3721 2701 in

904 2750 1159 2843 quibus
1195 2753 1352 2826 talia
1397 2762 1902 2849 perpetrantur,
1938 2754 2115 2826 scire
2160 2754 2450 2828 libenter
2500 2754 2833 2827 vellemus
2867 2775 2909 2825 a
2942 2753 3180 2841 vobis,
3219 2762 3298 2823 ut
3351 2763 3725 2847 transgres-

901 2873 1165 2948 sionem
1223 2877 1529 2973 ipsorum
1585 2900 1765 2974 pena
1819 2878 2129 2973 legitima
2180 2878 2625 2974 puniremus,
2664 2877 2797 2951 nisi
2841 2878 3123 2951 forsitan
3176 2878 3442 2974 perpeti
3483 2880 3725 2974 preju-

903 2996 1163 3071 dicium
1214 3000 1584 3074 crederetis
1630 3003 1702 3073 in
1745 3001 1879 3073 illis
1915 3023 2210 3096 quarum
2240 3003 2536 3093 collati0,
2568 3002 2782 3075 veluti
2820 3002 3284 3098 cappellarum
3335 3012 3724 3076 nostrarum

900 3121 974 3192 in
1029 3125 1270 3196 castris
1322 3134 1391 3198 et
1442 3125 1837 3198 civitatibus
1896 3125 2093 3219 regni
2142 3126 2391 3217 nostri,
2453 3125 2813 3198 occasione
2874 3125 3082 3197 etiam
3132 3125 3426 3199 tertiarie
3492 3124 3724 3200 debite

897 3246 1159 3341 capelle
1207 3261 1440 3321 nostre
1484 3249 1993 3341 Panormitane,
2035 3250 2110 3320 in
2161 3249 2675 3323 cathedralibus
2708 3249 3017 3322 ecclesiis
3049 3249 3279 3323 Sicilie
3320 3261 3388 3324 et
3416 3249 3724 3323 Calabrie

898 3367 1014 3448 ad.
1041 3391 1168 3441 nos
1201 3373 1358 3462 J‘ure
1393 3372 1585 3464 regio
1623 3374 1931 3444 noscitur
1986 3374 2353 3467 pertinere.
2413 3375 2491 3445 In
2530 3372 2933 3445 vacantibus
2988 3382 3215 3445 autem
3256 3374 3565 3447 ecclesiis
3600 3396 3722 3447 va·

899 3490 1125 3562 cantia
1158 3490 1497 3564 beneficia
1524 3504 1593 3566 et
1628 3506 1956 3566 vacatura
1993 3497 2435 3586 conferimus,
2474 3505 2676 3590 prout
2707 3516 2800 3567 ex
2838 3496 3167 3568 memoria
3198 3494 3554 3589 dignitatis
3593 3518 3718 3568 an-

898 3610 1087 3704 tique
1122 3614 1595 3708 percepimus,
1636 3638 1847 3710 quam
1890 3617 2129 3690 deberi
2165 3619 2367 3691 nobis
2403 3618 2477 3689 in
2509 3616 2838 3713 predictis
2869 3619 3179 3691 ecclesiis
3218 3616 3526 3692 fidelium
3565 3642 3720 3693 nos-

896 3741 1158 3806 trorum
1205 3737 1594 3811 testimonia
1641 3740 1907 3835 liquido
1955 3751 2435 3837 protestantur.
2477 3741 2973 3814 Abominamur
3011 3756 3319 3837 preterea
3360 3753 3430 3816 et
3471 3745 3719 3840 punire

897 3857 1334 3933 decrevimus
1380 3882 1778 3955 processum
1832 3865 2100 3938 illorum
2149 3867 2272 3960 qui
2327 3865 2862 3960 predicationem
2915 3866 3245 3938 catholice
3282 3865 3439 3939 fidei
3477 3868 3549 3938 in
3578 3890 3716 3962 qua

893 3983 1184 4078 nosipsi
1236 3984 1309 4055 in
1358 3996 1594 4058 sancto
1637 3988 1984 4082 proposito
2024 3990 2262 4063 vivere
2295 3999 2735 4085 peroptamus
2785 3999 2855 4061 et
2905 3988 3121 4078 mori,
3156 4000 3226 4063 et
3277 3989 3368 4062 de
3402 3991 3712 4064 subsidio

890 4106 1096 4179 Terre
1143 4110 1390 4181 Sancte
1435 4110 1626 4203 quod
1673 4113 1924 4183 nostris
1967 4122 2070 4185 est
2111 4113 2415 4185 humeris
2452 4112 2817 4208 specialius
2860 4112 3300 4208 deputatum,
3347 4114 3710 4207 prepedire

889 4239 1314 4321 presumant.
1361 4233 1437 4302 In
1475 4243 1771 4327 utroque
1818 4244 2329 4326 verumtamen,
2378 4236 2547 4330 quia
2584 4234 2716 4307 sub
2756 4244 3075 4330 pretextu
3113 4235 3279 4306 liciti
3316 4236 3707 4329 frequenter

889 4351 1201 4424 illicitum
1233 4355 1488 4449 agitur,
1532 4358 1763 4430 futura
1787 4359 1988 4431 nobis
2013 4369 2083 4431 et
2108 4380 2324 4454 regno
2352 4357 2716 4453 dispendia
2759 4379 3236 4452 precavemus.
3279 4357 3553 4429 Illorum
3598 4365 3700 4428 et·

888 4475 1072 4546 enim
1096 4479 1413 4572 exempla
1445 4501 1573 4553 nos
1596 4490 1850 4553 terrent
1867 4482 1989 4577 qui
2012 4483 2373 4555 occasione
2397 4481 2886 4577 predicationis
2906 4480 3307 4572 hujusmodi
3335 4480 3407 4552 in
3437 4479 3701 4553 detrac-

887 4594 1139 4670 tionem
1180 4602 1392 4673 nostri
1436 4604 1736 4676 nominis
1781 4605 2049 4699 linguas
2090 4614 2477 4695 exacuunt,
2516 4615 2829 4677 catervas
2872 4605 3229 4677 hominum
3282 4612 3702 4697 congregant

887 4720 1018 4790 sub
1048 4723 1351 4815 vexillis,
1397 4726 1520 4818 qui
1557 4726 1727 4799 dum
1764 4749 1840 4801 se
1879 4726 2419 4803 discordantium
2462 4727 2750 4801 arbitros
2778 4729 3067 4817 faciunt,
3097 4726 3268 4801 dum
3305 4728 3531 4800 caveri
3567 4727 3698 4798 sibi
