4842 5802
1219 615 1335 676 738
2211 618 2636 680 munnam!
2689 619 3036 680 SECUNDI
3663 618 3819 699 [An.
3857 622 4026 684 1235.

1212 759 1436 842 geret,
1467 751 1663 843 quasi
1687 760 1864 824 esset
1883 752 2085 825 nobis
2106 751 2293 824 illata
2315 753 2592 845 injuria,
2623 753 2855 848 gravis
2884 775 2999 826 cor
3032 766 3340 827 nostrum
3367 755 3664 828 turbatio
3686 757 4025 849 fatigaret,

1211 872 1742 945 succedentibus
1774 875 2053 948 ultionis
2088 875 2430 970 condigne
2463 878 2713 952 studiis
2764 899 2903 971 que
2929 876 3166 951 haberi
3193 878 3522 953 condecet
3565 880 3636 951 in
3667 880 4031 976 presump-v

1211 1005 1435 1069 torum
1460 998 1862 1070 excessibus
1887 999 2331 1092 corrigendis.

1308 1121 1557 1192 Datum
1591 1121 1894 1206 Perusii,
1934 1122 1991 1195 V
2019 1122 2348 1196 kalendas
2373 1126 2684 1218 augusti,
2724 1124 3158 1220 pontificatus
3180 1125 3392 1199 nostri
3416 1147 3599 1199 anno
3631 1148 3840 1200 nono.

1308 1243 1385 1313 In
1421 1243 1740 1317 eumdem
1788 1244 2070 1318 modum
2097 1248 2426 1342 scriptum
2460 1258 2565 1321 est
2612 1250 2938 1343 magistro
2969 1260 3037 1324 et
3074 1251 3398 1323 fratribus
3452 1249 3700 1324 domus
3741 1252 4021 1326 militiae

1206 1367 1468 1461 Templi
1523 1368 2124 1464 Hierosolymitani
2195 1381 2262 1443 et
2326 1375 2750 1469 praeceptori
2804 1384 2873 1447 et
2925 1375 3248 1448 fratribus
3316 1373 3674 1473 hospitalis
3729 1376 4019 1448 Sanctae

1205 1492 1462 1565 Mariae
1494 1493 2068 1567 'theutonicorum
2104 1495 2175 1566 in
2208 1495 2439 1589 Accon
2471 1495 2602 1592 (⁴).

1701 1814 3269 1824 n———sso———amfflm—-—
3281 1816 3385 1824 -m-
3398 1813 3583 1824 ---0--·

864 2121 1063 2174 ΡΜ·
1299 2114 1707 2226 Gregorius
1770 2143 1967 2227 papa
2019 2118 2368 2227 episcopo
2414 2118 2941 2228 Ratisponensi
2986 2119 3303 2202 mandat
3345 2126 3432 2202 ut
3483 2116 3805 2201 Henrico
3846 2117 4005 2203 filio

829 2176 851 2218 ι
900 2178 1097 2231 amm.
1190 2246 1546 2333 Friderici
1567 2312 1591 2358 ‚
1657 2250 2177 2334 Romanorum
2229 2253 2705 2362 imperatoris
2731 2316 2753 2361 ,
2813 2253 2911 2336 ab
2974 2254 3534 2363 archiepiscopo
3596 2251 4006 2336 Salzebur-

1189 2407 1420 2491 gense
1463 2384 2154 2490 excommunicato,
2211 2411 2390 2467 cum
2437 2385 2533 2468 sit
2584 2386 2685 2467 ad
2746 2387 2982 2494 patris
3046 2386 3374 2495 gratiam
3401 2384 3567 2494 jam
3614 2411 3995 2491 reversus,

1188 2514 1584 2598 sufficienti
1659 2515 1757 2598 ab
1828 2542 1917 2600 eo
1989 2517 2337 2600 cautione
2398 2529 2734 2627 recepta,
2777 2518 3226 2602 beneficium
3281 2519 3778 2603 absolutionis
3831 2519 3996 2599 im-

1187 2648 1493 2755 pendat.

1346 2882 1528 2965 (Edit.
1558 2904 1656 2964 ap.
1685 2886 2256 2961 mmun.,anna1„
2282 2887 2499 2965 eccles„
2522 2890 2602 2952 ad
2624 2906 2768 2951 ann.
2795 2887 3027 2971 1235,§
3056 2891 3133 2964 X,
3163 2907 3197 2950 e
3222 2896 3434 2970 regest.
3461 2890 3733 2969 Gregor„
3757 2891 3863 2952 lib.
3883 2890 3992 2964 lx,

1427 3001 1493 3051 n·
1528 2994 1689 3072 ιη.)

1280 3218 1644 3312 Gregorius
1662 3275 1682 3310 ‚
1709 3230 1874 3311 etc.,
1904 3222 2228 3316 episcopo
2251 3221 2764 3314 Ratisponensi,
2794 3221 3168 3317 imperialis
3196 3220 3356 3295 aule
3381 3219 3816 3307 cancellario,
3856 3229 3989 3292 etc.

1183 3344 1351 3415 Cum
1390 3343 1638 3415 nobilis
1676 3345 1785 3416 vir
1816 3345 2148 3417 Henricus
2175 3354 2377 3418 natus
2418 3344 2797 3417 charissimi
2831 3345 2904 3416 in
2941 3343 3205 3417 Christo
3242 3344 3364 3417 filii
3402 3345 3615 3417 nostri
3669 3342 3993 3416 Friderici

1181 3467 1637 3539 Romanorum
1668 3468 2092 3563 imperatoris
2123 3489 2249 3563 pro
2283 3468 2585 3563 perjurio
2609 3468 2801 3562 quod
2833 3469 3119 3542 incurrit
3150 3490 3230 3541 se
3275 3469 3450 3564 patri
3484 3477 3735 3541 temere
3774 3489 3992 3564 oppo-

1182 3591 1446 3682 nendo,
1503 3593 1590 3663 sit
1626 3612 1751 3687 per
1792 3591 2258 3665 venerabilem
2310 3594 2586 3666 fratrem
2631 3601 2942 3666 nostrum
2987 3593 3596 3686 Salzeburgensem
3642 3592 3995 3687 archiepi-

1182 3736 1470 3810 scopum
1501 3715 1899 3790 auctoritate
1930 3726 2160 3791 nostra
2192 3717 2924 3790 excommunicationis
2955 3718 3235 3790 vinculo
3260 3717 3657 3806 innodatuS‚
3698 3736 3996 3811 presen-

1180 3838 1353 3911 tium
1409 3839 1532 3911 tibi
1586 3840 1991 3913 auctoritate
2046 3841 2461 3914 mandamus
2520 3850 2863 3934 quatenus
2927 3840 3196 3934 eidem,
3265 3862 3424 3913 cum
3486 3842 3577 3913 sit
3621 3838 3716 3911 ad
3776 3840 3994 3934 ipsius

1182 3964 1606 4058 imperatoris
1642 3964 1927 4056 gratiam
1948 3967 2091 4057 jam
2127 3985 2446 4037 reversus
2479 3964 2619 4060 (2),
2669 3966 2875 4059 juxta
2907 3965 3194 4037 formam
3238 3963 3540 4036 Ecclesie
3582 3961 3992 4034 heneficium

2351 4187 2567 4195 --μω

1252 4323 1325 4396 (4)
1364 4321 1532 4378 Adest
1552 4322 1714 4379 etiam
1751 4337 1838 4396 ap.
1867 4322 2171 4392 Rumam,
2199 4322 2396 4378 Annal-
2427 4321 2597 4379 eccles.
2637 4321 2706 4378 ad
2739 4337 2864 4377 ann.
2897 4321 3066 4390 ⁴235,
3113 4318 3342 4391 §XL11‚
3388 4315 3489 4373 sub
3526 4314 3667 4371 notis
3702 4312 3989 4369 chronolo-

1178 4418 1309 4490 gicis
1337 4418 1539 4474 eisdem
1566 4418 1667 4474 alia
1696 4418 1917 4491 epistola
1956 4417 2120 4476 nobili
2145 4418 2259 4475 viro
2292 4417 2479 4475 Joanni
2517 4417 2585 4472 de
2625 4415 2829 4473 Ibelino
2873 4416 3102 4486 directa,
3145 4429 3267 4470 cum
3308 4411 3639 4469 invocatione
3677 4431 3703 4462 ·‹
3735 4409 3988 4482 Spiritum

1176 4515 1379 4574 consilii
1406 4515 1661 4586 sanioris,
1695 4533 1722 4566 n
1754 4531 1862 4587 qua
1885 4516 2117 4588 graviter
2143 4515 2290 4570 illurn
2317 4529 2459 4587 papa
2481 4513 2726 4586 objurgat
2752 4529 2818 4569 ex
2841 4527 2906 4569 eo
2934 4511 3077 4584 quod
3109 4523 3198 4567 res
3222 4509 3469 4584 Syriacas
3494 4507 3726 4564 infestet.

1245 4617 1321 4685 (2)
1358 4612 1486 4671 Inde
1514 4613 1772 4671 discimus
1804 4628 2031 4686 papam,
2061 4612 2276 4669 ineunte
2307 4618 2532 4685 augusto
2554 4653 2569 4682 ,
2604 4610 2841 4668 nondum
2877 4609 3204 4684 comperisse
3242 4607 3474 4682 qualiter
3499 4604 3786 4676 HenricuS,
3816 4604 3987 4678 primo

1174 4713 1228 4768 in
1261 4711 1483 4784 gratiam
1510 4715 1785 4783 receptus,
1813 4724 1938 4768 mox
1962 4726 1994 4767 e
2028 4709 2160 4767 solio
2189 4709 2245 4766 in
2271 4724 2541 4768 carcerem
2567 4709 2804 4783 dejectus
2828 4706 3005 4766 fuerit.
