4842 5802
1229 614 1351 678 802
2156 658 2164 665 -
2242 617 2677 680 rmmtmcl
2723 617 3075 681 suenum
3669 626 3834 705 [Am.
3870 628 4048 692 1235.

1701 950 3536 963 mmm-‘mmm-
3547 951 3578 963 ο

836 1254 1168 1356 Βῗὲξζζῇς,
1338 1253 1794 1362 FridericuS,
1824 1253 2345 1338 Romanorum
2381 1253 2821 1364 imperator,
2851 1253 3184 1337 dominis
3215 1254 3440 1339 villae
3475 1254 3806 1365 Insulae,
3839 1257 4048 1340 Car-

1234 1386 1646 1496 pentoratis
1667 1448 1691 1494 ,
1747 1385 1974 1469 castri
2023 1385 2121 1468 de
2171 1385 2627 1495 Interaquis,
2666 1396 2741 1469 et
2793 1384 3120 1469 aliorum
3171 1385 3517 1471 locorum
3560 1389 4047 1472 donationem

1234 1518 1748 1627 supradictam
1781 1526 2047 1601 notam
2082 1518 2291 1625 facit,
2321 1528 2409 1601 ut
2443 1517 2700 1601 comiti
2737 1518 3113 1603 Tolosano
3151 1529 3521 1630 tanquam
3556 1520 3868 1605 domino
3906 1547 4047 1605 suo

1226 1654 1322 1735 de
1356 1662 1649 1735 caetero
1683 1651 2066 1735 obediant.

1393 1892 1582 1970 (Edit.
1613 1893 1678 1951 ln
1703 1889 1928 1954 Bullar.
1960 1891 2117 1954 civit.
2148 1888 2450 1966 Ananim,
2478 1908 2536 1969 p.
2574 1901 2712 1968 138,
2741 1899 2801 1954 et
2825 1909 2922 1969 ap.
2950 1892 3220 1968 Eoum,
3261 1891 3417 1954 Hire.
3447 1890 3519 1954 de
3541 1892 3847 1971 Provence,
3875 1901 3926 1957 t.
3958 1896 4040 1970 Π,

1466 2015 1529 2075 p.
1562 2006 1739 2075 1066,
1767 2014 1841 2060 ex
1870 1997 2026 2060 arch.
2058 2000 2260 2059 comit.
2288 1995 2590 2078 Venales.)

1324 2207 1748 2301 Fredericus,
1802 2209 1927 2282 Dei
1970 2209 2188 2304 gratia
2232 2210 2694 2282 Romanorum
2744 2211 3111 2306 imperator
3155 2233 3424 2308 semper
3468 2221 3841 2308 augustae,
3883 2212 4046 2286 Hie-

1228 2332 1524 2406 rusalem
1559 2342 1628 2405 et
1661 2333 1895 2406 Sicilie
1921 2355 2074 2421 rex,
2108 2331 2410 2405 dominis
2440 2332 2600 2407 ville
2625 2333 2883 2422 Insule‚
2916 2333 3216 2408 civitatis
3238 2335 3800 2431 carpentoractiS,
3837 2335 4041 2408 castri

1227 2455 1319 2529 de
1362 2456 1773 2551 Interaquis,
1826 2457 1988 2530 ville
2028 2456 2438 2546 Caderosse,
2480 2456 2680 2530 castri
2724 2456 2817 2531 de
2857 2458 3340 2532 Montemauiis
3383 2459 3519 2556 (⁴),
3562 2459 3763 2532 castri
3815 2460 4042 2533 Petre-

1225 2580 1360 2653 late
1409 2588 1479 2652 et
1519 2580 1724 2653 castri
1773 2578 1867 2654 de
1908 2580 2286 2654 lutei-callis
2328 2589 2680 2674 presentes
2711 2580 2970 2652 litteras
3013 2580 3448 2677 inspecturiS,
3487 2580 3811 2655 fidelibus
3861 2583 4038 2670 suis,

1225 2702 1513 2795 gratiam
1550 2725 1749 2775 suam
1779 2713 1847 2776 et
1874 2703 2126 2776 bonam
2158 2705 2606 2777 voluntatem.
2646 2704 2900 2776 Notum
2936 2704 3226 2777 facimus
3251 2702 3563 2778 fidelitati
3600 2715 3826 2778 vestre
3850 2703 4044 2799 quod

1226 2848 1355 2901 nos
1388 2848 1512 2922 pro
1558 2827 1770 2922 gratis
1811 2835 1881 2899 et
1930 2827 2231 2924 acceptis
2265 2827 2561 2900 servitiis
2596 2848 2738 2922 que
2785 2827 3242 2924 Raymundus
3298 2849 3528 2901 comes
3572 2827 4037 2919 Tholosanus‚

1226 2949 1517 3023 dilectus
1553 2950 1778 3024 affinis
1809 2959 1874 3023 et
1919 2950 2145 3025 fidelis
2192 2961 2455 3037 noster,
2508 2950 2708 3023 nobis
2751 2960 2821 3024 et
2859 2949 3147 3045 imperio
3183 2950 3434 3025 devote
3466 2950 3799 3024 hactenus
3842 2951 4043 3025 exhi·

1224 3071 1377 3144 buit
1424 3081 1494 3145 et
1543 3073 1875 3147 exhibere
1923 3074 2171 3169 poterit
2215 3074 2289 3146 in
2333 3074 2679 3162 futurum,
2726 3095 2855 3147 vos
2901 3074 3031 3169 ipsi
3079 3074 3312 3146 comiti
3364 3082 3436 3146 et
3484 3072 3855 3147 heredibus
3897 3074 4048 3148 suis

1223 3203 1557 3290 perpetuo
1616 3197 2079 3270 concessimus
2131 3197 2222 3271 de
2276 3206 2508 3272 nostra
2560 3197 2781 3292 gratia
2831 3195 2904 3269 in
2945 3196 3315 3290 vassallos,
3375 3197 3573 3271 salvo
3619 3195 3925 3272 dominio
3975 3209 4047 3271 et

1218 3322 1377 3413 jure
1424 3329 1655 3393 nostro
1706 3330 1775 3393 et
1818 3320 2129 3418 imperii,
2182 3320 2520 3417 imperiali
2567 3322 2769 3414 juxta
2812 3319 3010 3415 quod
3061 3320 3136 3392 in
3181 3321 3544 3417 privilegio
3597 3329 3832 3395 nostro
3878 3321 4048 3395 inde

1226 3444 1364 3518 sibi
1406 3442 1678 3518 indulto
1726 3445 2079 3542 appel-tius
2117 3445 2530 3518 continetur.
2582 3443 2813 3529 Quare
2864 3442 3177 3517 fidelitati
3217 3454 3447 3519 vestre
3496 3443 3780 3518 firmiter
3822 3445 4045 3540 preci-

1225 3567 1485 3664 piendo
1517 3568 1928 3642 mandamus
1960 3576 2303 3663 quatenus
2346 3567 2536 3642 dicto
2575 3567 2812 3642 comiti
2853 3565 3107 3641 dilecto
3148 3565 3336 3641 fideli
3386 3579 3621 3642 nostro
3653 3569 4042 3661 juramenta

1225 3691 1564 3788 prestetiS,
1599 3692 1733 3788 ipsi
1769 3701 2098 3787 tanquam
2129 3691 2410 3766 domino
2439 3700 2667 3765 vestro
2705 3687 2807 3785 (a)
2841 3689 2937 3764 ad
2967 3688 3292 3764 honorem
3339 3700 3409 3765 et
3448 3690 3847 3766 fidelitatem
3880 3710 4047 3762 nos·

1225 3825 1400 3888 tram
1432 3821 1502 3888 et
1540 3815 1809 3912 imperii
1839 3813 1929 3889 de
1953 3824 2181 3889 cetero
2208 3814 2666 3889 intendentes.
4125 3835 4130 3838 ¹

1326 3942 1573 4012 Datum
1603 3939 1865 4034 Agen„
1890 3939 2138 4013 ultimo
2162 3938 2285 4014 die
2309 3938 2721 4032 decembris,
2754 3940 2872 4013 lx·
2896 3938 3297 4012 indictione.

1317 4129 1400 4211 (a)
1444 4131 1553 4209 Ap.
1582 4129 1820 4192 Bouche
1843 4135 2040 4191 nostro
2066 4130 2250 4208 male,
2279 4131 2434 4192 sicut
2467 4136 2528 4192 et
2551 4146 2728 4210 supra
2758 4146 2862 4190 noe
2884 4145 2989 4208 pro
3015 4145 3128 4190 vos.

2234 4325 2358 4333 ——-
2371 4325 2648 4333 --—-—-
2661 4325 2734 4333 ——0—
2753 4326 2766 4331 n
2789 4325 2819 4332 -ι
2841 4325 2956 4332 ..m-

1748 4326 2030 4334 -φ--σ--ο

1305 4453 1375 4526 (⁴)
1411 4453 1499 4512 Sic
1521 4453 1578 4509 in
1610 4451 1840 4509 duobus.
1871 4451 2048 4520 Quum
2072 4456 2251 4506 tamen
2272 4449 2478 4506 nullum
2500 4449 2643 4506 circa
2667 4454 2850 4523 partes
2873 4446 2989 4504 illas
3013 4446 3190 4503 locum
3218 4444 3549 4502 inveniamus
3573 4442 3666 4517 qui
3689 4441 3820 4500 huic
3840 4441 4045 4500 nomini

1230 4550 1429 4607 rectius
1452 4548 1761 4619 conveniat,
1787 4547 1942 4606 alteri
1978 4547 2214 4617 formae,
2246 4547 2389 4604 sicut
2410 4546 2470 4602 in
2493 4544 2771 4619 privilegio
2797 4543 3150 4619 pramdente
3169 4557 3291 4602 eam
3314 4540 3648 4615 interpretati
3669 4539 3896 4609 fiiimm,
3922 4554 4040 4596 ma-

1228 4649 1403 4722 jorem
1432 4646 1789 4706 adhibendam
1812 4643 1972 4704 fldem
1995 4660 2299 4703 censemus.
2334 4645 2457 4700 Non
2483 4642 2813 4701 diffitendum
2848 4657 2982 4701 vero
3020 4640 3153 4714 quin
3185 4638 3558 4714 interpretatio
3590 4637 3819 4697 nominis
3844 4635 4038 4709 hujus,

1237 4746 1440 4805 scilicet
1461 4744 1521 4803 de
1547 4746 1936 4817 Nemotamiis,
1968 4744 2192 4802 difficilis
2219 4742 2392 4800 adhuc
2419 4745 2707 4799 remaneat.
