4842 5802
1814 546 2068 604 INDEX
2117 543 2807 605 DOCUMENTORUM.
3605 545 3724 606 973

914 747 1141 823 1234

1745 873 2030 934 nitatibus
2056 873 2432 933 ecclesiarum
2449 874 2742 949 judicium
2769 863 3029 949 usurpet,
3054 874 3169 933 nisi
3188 872 3375 948 judex
3406 872 3480 932 de
3508 874 3723 934 volun·

1746 977 1867 1032 tate
1894 973 2151 1048 episcopi
2176 972 2564 1041 constitutus,
2594 976 2709 1030 etc.
3433 979 3572 1044 507,
3605 978 3721 1031 508

891 1069 1170 1130 novemb.
1202 1067 1636 1145 ApAEoggiam.
1666 1101 1747 1132 ,-
1783 1068 1879 1128 Ad
1920 1084 2124 1144 preces
2148 1067 2406 1127 Heinrici
2434 1069 2688 1142 episcopi
2721 1067 3080 1143 Eystetensis
3108 1065 3472 1147 (Eichstiidt)
3491 1112 3509 1141 ,
3542 1070 3720 1143 privi-

1746 1165 1966 1242 legium
2011 1163 2265 1239 Philippi
2315 1165 2470 1240 regis
2515 1165 2709 1238 patrui
2757 1165 2849 1222 sui
2895 1179 3049 1223 anno
3101 1171 3287 1241 1199,
3339 1171 3412 1224 14
3465 1171 3724 1240 septem·
3803 1187 3820 1236 2

1745 1261 1896 1334 bris,
1928 1259 2202 1321 ecclesiae
2238 1259 2573 1338 Eystetensi
2618 1275 2982 1333 concessum,
3023 1259 3334 1321 confirmat
3356 1276 3425 1320 ac
3450 1269 3717 1323 renovat.

3431 1366 3719 1434 509,510

935 1464 969 1514 9
995 1454 1125 1514 dec.
1278 1453 1555 1531 Foggiae.
1664 1483 1746 1499 —
1785 1452 2065 1531 Gregorio
2099 1469 2286 1531 papae
2328 1451 2536 1514 scribit
2568 1453 2758 1529 quod,
2790 1469 2925 1512 cum
2961 1453 3204 1512 Petrum
3241 1453 3316 1512 de
3345 1453 3554 1531 Vinea,
3592 1470 3717 1514 ma-

1744 1571 1895 1632 gnae
1921 1570 2062 1615 suae
2088 1556 2288 1624 curiae
2306 1554 2590 1630 jndicem,
2622 1552 2700 1613 ad
2725 1569 2921 1630 regem
2948 1552 3198 1628 Angliae
3224 1553 3423 1611 mittat
3449 1569 3554 1628 pro
3579 1569 3717 1612 con-

1744 1654 2135 1712 summatione
2162 1652 2523 1710 matrimonii
2548 1651 2704 1708 inter
2731 1666 2796 1709 se
2821 1655 2881 1708 et
2918 1648 3229 1708 Isabeliam
3263 1664 3521 1708 sororem
3557 1653 3721 1725 ejus-

1743 1748 1878 1807 dem
1897 1749 2075 1824 regis,
2089 1748 2387 1823 negotium
2411 1749 2427 1802 i
2435 1762 2604 1821 psum
2624 1751 2747 1805 tam
2764 1744 2838 1804 de
2852 1745 3179 1820 quantitate
3195 1744 3721 1819 promittendamm

1741 1859 1920 1920 quam
1949 1842 2024 1902 de
2048 1849 2311 1918 tempore
2348 1841 2767 1902 solvendarum
2802 1841 3030 1901 dotium
3055 1838 3374 1916 pontificali
3403 1843 3721 1916 provisioni

1742 1940 2057 1999 commisit.
3603 1947 3719 1998 515

920 2043 987 2094 31
1014 2032 1138 2093 dec.
1275 2032 1556 2111 Foggiae.
1666 2067 1744 2079 —
1784 2034 2080 2094 Defuncto
2122 2033 2269 2094 duce
2303 2031 2604 2092 Meraniae
2621 2074 2640 2104 ,
2669 2030 2746 2091 ab
2773 2031 3027 2090 Henrico
3071 2030 3283 2090 abbate
3307 2032 3723 2109 'tegernseensi

1743 2133 1807 2191 in
1832 2131 2187 2192 advocatum
2211 2131 2549 2189 monasterii
2577 2128 2827 2200 electus,
2861 2129 3210 2188 sententiam
3238 2130 3570 2206 principum
3608 2147 3720 2191 co-

1743 2243 1871 2287 ram
1910 2225 2034 2286 filio
2073 2241 2181 2286 suo
2222 2226 2479 2285 Henrico
2525 2240 2662 2302 rege
2706 2224 2887 2283 latam
2927 2222 3265 2297 confirmat,
3312 2241 3434 2300 qua
3482 2225 3720 2288 libertas

1742 2323 2005 2400 ejusdem
2031 2323 2308 2383 ecclesiae
2335 2339 2373 2383 a
2395 2324 2680 2383 servitute
2707 2321 2979 2382 advocati
3004 2320 3353 2381 declaratur.
3603 2333 3717 2384 516

911 2429 980 2480 31
1016 2419 1144 2481 dec.
1277 2420 1555 2498 Foggiae.
1663 2452 1744 2463 —
1781 2420 1926 2479 Post
1950 2418 2177 2479 obitum
2202 2419 2373 2479 ducis
2407 2420 2736 2491 Meraniae,
2767 2416 2844 2477 ab
2882 2417 3093 2477 abbate
3131 2425 3191 2478 et
3218 2434 3254 2478 a
3280 2417 3561 2480 fratribus
3588 2437 3719 2482 mo-

1741 2503 1981 2576 nasterii
2007 2517 2459 2593 Tcgernseensis
2482 2518 2545 2576 in
2573 2515 2924 2576 advocatum
2953 2516 3174 2576 electus
3191 2559 3209 2588 ,
3246 2517 3393 2577 iilud
3424 2525 3720 2580 monaste-

1740 2616 1897 2673 rium
1924 2614 2038 2673 sub
2063 2613 2300 2689 speciali
2328 2629 2438 2673 sua
2463 2619 2524 2672 et
2553 2613 2781 2688 imperii
2808 2614 3013 2688 recipit
3036 2615 3415 2688 protectione.
3601 2625 3713 2677 517

908 2720 975 2771 31
1006 2711 1137 2773 dec.
1272 2712 1555 2790 Foggiae.
1663 2742 1740 2755 —
1781 2712 1986 2772 Ottoni
2011 2708 2136 2770 filio
2162 2710 2331 2770 ducis
2357 2710 2659 2786 quondam
2692 2709 2989 2769 Meraniac
3014 2715 3074 2769 et
3099 2709 3338 2770 Alberto
3365 2714 3562 2772 comiti
3590 2714 3716 2792 Ty-

1739 2808 1956 2869 rolensi
1970 2851 1989 2881 ‚
2018 2809 2370 2868 sententiam
2396 2808 2731 2883 principum
2758 2803 2832 2865 in'
2858 2806 3117 2867 savorem
3146 2807 3420 2868 ecclesiae
3455 2810 3717 2888 Tegern-

1735 2907 1959 2966 seensis
1986 2906 2166 2966 iatam
2198 2904 2488 2965 nuncians
2504 2946 2523 2976 ‚
2562 2904 2845 2981 praecipit
2870 2909 2940 2963 ut
2965 2920 3002 2963 a
3029 2903 3279 2963 laesione
3311 2911 3373 2964 et
3407 2909 3718 2968 vexatione

918 2966 961 3040 1
974 2966 1143 3043 255
1734 3003 2070 3078 impetendo
2102 3002 2550 3063 advocationem
2578 3006 2822 3062 cessent.
3598 3013 3714 3066 518

907 3102 982 3153 25
1007 3098 1136 3172 jan.
1302 3096 1518 3158 Baroli.
1664 3128 1737 3146 --
1775 3098 2025 3160 Mandat
2041 3099 2365 3175 stratigotis
2382 3097 2610 3157 Salerni
2627 3103 2697 3156 ut
2713 3096 3039 3168 Leonardo,
3051 3096 3297 3158 Cavensi
3314 3097 3534 3171 abbati,
3557 3100 3715 3161 deci·

1734 3212 1862 3257 mas
1874 3197 2109 3257 solvant
2120 3211 2271 3273 quas
2284 3194 2360 3255 de
2378 3194 2740 3271 bajulatione
2757 3192 2979 3254 Salerni
2998 3194 3214 3255 habere
3222 3198 3552 3258 consuevit.
3597 3207 3713 3260 519

906 3287 1131 3401 281an.
1188 3290 1303 3366 Ap.
1325 3291 1625 3352 Barolum.
1656 3325 1737 3339 —
1774 3294 1873 3354 Ad
1908 3294 2201 3369 principes
2243 3294 2474 3368 imperii
2502 3292 2707 3352 scribit
2731 3291 2807 3351 de
2833 3290 3169 3352 excessibus
3210 3292 3450 3352 Henrici
3494 3293 3714 3354 Boma-

1736 3404 1945 3449 norum
1972 3391 2126 3465 regis
2157 3385 2269 3447 filii
2294 3390 2425 3460 sui;
2455 3386 2725 3446 notificat
2747 3387 2998 3463 qualiter
3022 3386 3121 3446 illc
3146 3390 3400 3463 coeperit
3424 3391 3716 3467 principes

1735 3483 2077 3556 molestare,
2103 3488 2163 3542 et
2188 3487 2419 3542 contem
2425 3488 2526 3557 pto
2553 3482 2712 3557 quod
2740 3482 2813 3541 de
2841 3497 2998 3543 novo
3024 3485 3313 3557 praestitit
3344 3486 3708 3562 juramento,

1735 3596 1836 3639 eos
1876 3581 2092 3640 iterum
2137 3594 2353 3638 vexare
2393 3583 2456 3636 et
2500 3583 2707 3637 contra
2737 3581 2875 3654 jura
2918 3583 3161 3655 paterna
3202 3587 3490 3640 attentare
3533 3599 3715 3659 prae—

1736 3678 2070 3752 sumpserit.
2781 3718 2784 3721 ·
3360 3686 3476 3737 524
3507 3688 3565 3738 et
3595 3688 3711 3741 944

936 3762 1110 3839 [febr.
1221 3805 1625 3831 .......
1658 3802 1737 3817 —-
1774 3772 2005 3834 Civium
2031 3771 2559 3832 wormatiensium
2584 3776 2645 3831 et
2668 3771 2919 3831 aliorum
2947 3770 3286 3832 fidelitatem
3312 3777 3707 3855 commendat,

974 3862 1068 3921 vel
1733 3884 1922 3945 quum
1947 3866 2425 3945 suggestionibus
2458 3870 2586 3928 sive
2612 3868 2789 3927 11111113
2814 3868 3054 3928 Henrici
3079 3871 3233 3946 regis
3267 3868 3373 3929 filii
3404 3874 3495 3931 sui
3523 3873 3713 3933 rebel-

896 3960 1160 4035 martio.]
1384 3996 1413 4019 .
1734 3966 1831 4042 113,
1867 3965 2259 4024 constanciam
2300 3980 2418 4023 non
2454 3965 2899 4024 immutaverint
2931 3971 2992 4024 et
3011 3967 3418 4041 juramentum
3449 3984 3570 4044 quo
3600 3969 3715 4031 sibi

1732 4067 2007 4122 tenentur
2026 4061 2426 4134 servaverint;
2456 4076 2631 4120 suum
2655 4062 2719 4120 111
2740 4060 3129 4122 Alamanniae
3154 4069 3351 4138 partes
3373 4066 3713 4142 proximum

1732 4157 2059 4217 adventum
2083 4158 2381 4216 nuntians.
3593 4171 3708 4224 527

900 4252 1132 4310 martio.
1202 4251 1320 4329 Ap.
1341 4251 1609 4330 Fogiam.
1653 4285 1734 4299 —
1771 4254 1843 4313 In
1870 4261 2218 4330 perpetuum
2258 4251 2573 4313 confirmat
2606 4251 2986 4313 diffinitivam
3026 4256 3373 4315 sententiam
3414 4273 3524 4317 nec
3564 4259 3714 4337 legi-

1732 4352 1881 4410 tima
1928 4349 2320 4425 appellatione
2368 4364 2747 4424 suspensam,
2790 4363 2827 4406 a
2855 4349 3171 4410 Thomasio
3220 4351 3294 4411 dc
3341 4352 3713 4431 Montenigro

1724 4447 2046 4523 justitiario
2065 4445 2438 4522 Principatus
2464 4452 2525 4505 et
2553 4451 2742 4506 terrae
2768 4446 3214 4506 Beneventanae
3240 4448 3443 4522 latam,
3455 4465 3562 4525 pro
3581 4452 3715 4510 uni·

1732 4543 2005 4602 versitate
2031 4540 2241 4602 casalis
2266 4541 2469 4603 Sancti
2497 4542 2656 4602 Petri
2684 4542 2760 4603 de
2785 4542 2952 4602 Polla
2976 4548 3181 4603 contra
3205 4544 3573 4608 Theodoram
3600 4548 3713 4608 do·

1732 4642 1958 4700 minam
1987 4639 2187 4702 Pollae
2212 4645 2274 4701 et
2298 4641 2745 4700 universitatem
2775 4640 2885 4700 loci
2913 4641 3195 4716 ejusdem.
3595 4655 3711 4707 533
