4842 5802
839 610 1040 671 lxm.
1071 605 1155 691 8.]
1743 604 2134 665 ηιετοιιιΑ
2184 605 2767 668 υιΡιοΜΑτιοΑ.
3150 584 3175 593 “
3550 615 3669 675 7⁴5

840 763 969 815 suo
996 739 1372 814 convicerit
1406 747 1865 830 sacramento,
1906 740 2217 811 omnium
2242 740 2583 812 bonorum
2598 743 3031 816 successione
3047 754 3183 817 tam
3221 754 3659 841 paternorum

843 887 1054 959 quam
1122 871 1624 952 maternorum,
1675 861 2037 934 mobilium
2107 871 2176 934 et
2212 862 2707 954 immobilium,
2787 866 3039 954 feodis,
3107 870 3519 963 proprietate
3582 892 3667 943 ac

842 987 1223 1060 hereditate
1254 983 1346 1058 sit
1379 994 1711 1081 perpetuo
1747 985 1899 1079 ipso
1926 988 2084 1077 jure
2109 986 2457 1081 privatus;
2509 986 2605 1057 ita
2647 987 2843 1081 quod
2872 1013 3000 1060 nec
3033 992 3244 1084 patris
3295 1014 3424 1065 nec
3458 995 3665 1065 ullius

837 1112 1096 1204 judicis
1122 1110 1548 1183 restitutione
1567 1109 1679 1181 vel
1703 1106 2039 1181 beneficio
2072 1109 2214 1181 ullo
2230 1131 2543 1203 unquam
2576 1119 2879 1205 tempore
2899 1113 3219 1207 potiatur.
3264 1116 3474 1189 Filius
3506 1141 3666 1190 vero

847 1236 969 1330 qui
1025 1246 1313 1308 mortem
1372 1233 1584 1329 patris
1643 1233 1847 1304 fuerit
1900 1232 2366 1322 machinatus,
2435 1242 2557 1304 aut
2608 1235 3040 1309 vulnerando
3091 1248 3213 1308 aut
3246 1240 3666 1314 vinculando

850 1383 1097 1435 manus
1124 1360 1461 1432 violentas
1495 1357 1566 1429 in
1604 1379 1766 1429 eum
1797 1356 2143 1450 injecerit,
2186 1358 2242 1427 si
2277 1356 2367 1430 de
2398 1356 2531 1428 hoc
2558 1378 2789 1429 coram
2821 1380 2949 1431 suo
2974 1358 3214 1451 judice
3250 1361 3455 1434 fuerit
3487 1386 3670 1436 con-

851 1485 1115 1571 victus,
1165 1482 1561 1578 supradicto
1611 1480 1818 1554 modo
1853 1480 2040 1553 omni
2080 1482 2239 1571 jure
2280 1481 2610 1573 omnique
2664 1491 2815 1552 actu
2865 1483 3171 1575 legitimo
3206 1497 3535 1579 perpetuo
3582 1489 3672 1560 sit

852 1610 1005 1704 ipso
1025 1608 1181 1699 jure
1210 1607 1546 1701 privatuS,
1570 1602 1764 1699 quod
1797 1604 2013 1694 vulgo
2042 1602 2297 1675 dicitur
2321 1605 2588 1675 erenlos
2617 1613 2685 1675 et
2708 1605 2987 1696 rehtlos,
3019 1608 3210 1679 nulla
3230 1608 3411 1680 circa
3441 1611 3668 1704 ipsum

855 1731 1284 1806 restitutione
1319 1731 1548 1802 locum
1587 1728 1906 1800 habente.
1949 1726 2186 1799 Testes
2221 1747 2385 1799 vero
2431 1748 2881 1820 quoscunque
2929 1739 3120 1823 pater
3165 1752 3395 1803 coram
3431 1733 3671 1822 judice

855 1854 1221 1949 superbiis
1253 1850 1753 1938 nominaverit,
1808 1871 1949 1922 non
1997 1849 2314 1922 obstante
2356 1851 2950 1944 consanguinitate
2999 1875 3137 1945 qua
3167 1855 3344 1946 patri
3378 1856 3490 1926 vel
3529 1854 3671 1930 filio

858 1987 1022 2052 sunt
1055 1978 1348 2067 astricti,
1390 1976 1581 2049 omni
1610 1996 1889 2069 prorsus
1919 1971 2460 2046 contradictione
2485 1982 2555 2046 et
2599 1976 3005 2069 exceptione
3045 1977 3512 2069 cessantibuS,
3569 1988 3672 2051 te-

858 2112 1154 2177 neantur
1187 2102 1455 2173 veritati
1516 2099 1982 2173 testimonium
2022 2098 2406 2192 perhibere.
2443 2097 2647 2182 Quod
2696 2099 2750 2170 si
2813 2100 3198 2191 renuerint,
3261 2112 3590 2194 cogantur
3632 2126 3672 2174 a

854 2226 1092 2321 judice
1136 2229 1294 2319 jure
1346 2225 1582 2298 debito
1639 2233 1710 2296 et
1775 2233 2137 2315 consueto,
2198 2220 2332 2295 nisi
2397 2244 2593 2294 suam
2661 2222 3158 2295 declaraverint
3211 2225 3673 2314 ignorantiam

861 2356 1311 2424 sacramento.

956 2473 1436 2549 Ministeriales
1461 2493 1628 2546 vero
1660 2481 1731 2545 et
1763 2470 2032 2544 servilis
2064 2469 2477 2542 conditionis
2505 2468 2816 2541 homines
2841 2469 3150 2562 ejusdem
3182 2492 3480 2564 quorum
3517 2494 3678 2547 con-

866 2597 1022 2671 silio
1051 2606 1122 2670 et
1150 2596 1417 2669 auxilio
1444 2596 1629 2668 filius
1661 2593 1943 2689 aliquod
1974 2595 2390 2689 prefatorum
2423 2594 2757 2665 scelerum
2795 2596 3248 2687 perpetravit,
3291 2617 3521 2668 coram
3549 2619 3677 2670 suo

859 2719 1100 2812 judice
1139 2719 1521 2792 secundum
1558 2721 1848 2792 formam
1894 2716 2356 2812 supradictam
2401 2739 2444 2788 a
2492 2727 2685 2811 patre
2719 2718 3016 2788 convicti
3063 2719 3455 2812 supradicte
3505 2742 3679 2815 pene

868 2866 1008 2939 que
1034 2843 1248 2938 vulgo
1277 2843 1532 2917 dicitur
1564 2844 1834 2916 erenlos
1855 2852 1924 2916 et
1946 2842 2228 2932 rehtIOS,
2258 2850 2592 2936 perpetuo
2618 2841 3073 2913 cuminfamie
3105 2850 3266 2915 nota
3285 2843 3684 2937 subjaceant

872 2970 1021 3064 ipso
1040 2969 1222 3060 jure.
1248 2968 1492 3041 Contra
1515 2988 1691 3061 quos
1714 2977 1945 3039 tamen
1974 2986 2113 3038 non
2148 2966 2244 3038 ita
2262 2965 2566 3039 districte
2589 2962 3025 3059 procedatur,
3064 2965 3197 3037 nisi
3230 2966 3420 3060 prius
3449 2977 3682 3040 contra

872 3091 1086 3165 filium
1120 3094 1209 3165 sit
1242 3113 1639 3189 processum
1680 3100 1753 3161 ut
1792 3089 2080 3162 maliciis
2109 3099 2178 3161 et
2209 3089 2572 3161 fraudibus
2607 3097 3026 3161 occurratur.

811 3191 822 3202 ’
967 3220 1147 3290 Sane
1195 3237 1435 3289 omnes
1485 3216 1598 3287 alii
1637 3236 1936 3309 quorum
1979 3213 2264 3286 consilio
2301 3223 2369 3285 et
2416 3212 2683 3284 auxilio
2725 3210 2910 3284 filius
2941 3220 3175 3285 contra
3212 3223 3474 3307 patrem
3504 3237 3691 3287 com-

875 3340 1171 3429 miserit,
1213 3339 1511 3411 convicti
1542 3360 1667 3436 per
1693 3348 1901 3410 toetes
1927 3338 2132 3428 juxta
2167 3338 2456 3409 formam
2491 3334 2864 3430 predictam
2901 3359 2941 3409 a
2964 3335 3202 3427 judice
3238 3338 3310 3408 in
3344 3339 3543 3427 cujus
3570 3340 3689 3431 ju-

874 3462 1270 3534 risdictione
1302 3460 1375 3532 id
1410 3461 1713 3532 evenerit
1739 3460 2292 3554 proscribantur3
2336 3481 2465 3531 nec
2499 3460 2943 3531 absolvantur
2968 3480 3010 3530 a
3038 3461 3532 3553 proscriptione
3560 3464 3690 3534 nisi

878 3582 1132 3655 damna
1163 3604 1401 3654 eorum
1437 3582 1722 3654 consilio
1770 3592 1835 3654 et
1871 3582 2135 3654 auxilio
2180 3583 2367 3654 illata
2423 3583 2907 3677 persolverint,
2966 3583 3143 3677 patri
3201 3584 3270 3653 in
3305 3584 3593 3679 duplum
3623 3598 3691 3659 et

870 3705 1092 3798 judici
1129 3703 1318 3797 quod
1342 3712 1657 3775 tenentur
1678 3702 1999 3776 videlicet
2020 3712 2257 3776 wette.
2284 3703 2352 3773 Si
2374 3705 2535 3796 quis
2550 3726 2718 3777 vero
2739 3703 3139 3777 eorumdem
3167 3705 3465 3778 vasallus
3483 3709 3695 3802 patris

880 3829 1120 3918 fuerit,
1165 3827 1659 3900 nichilominus
1694 3828 1845 3922 ipso
1869 3830 2030 3919 jure
2081 3838 2408 3922 perpetuo
2447 3828 2649 3903 cadat
2691 3852 2733 3901 a
2779 3828 3005 3901 feodo.
3047 3830 3118 3901 Si
3169 3850 3337 3902 vero
3372 3832 3692 3905 dominus

878 3953 1063 4025 idem
1099 3950 1379 4025 feodum
1412 3952 1474 4024 ei
1515 3949 2078 4045 quandocunque
2113 3952 2521 4043 restituerit,
2564 3951 2991 4024 tantumdem
3021 3951 3110 4024 de
3139 3951 3343 4025 bonis
3378 3955 3521 4026 suis
3556 3956 3693 4026 im-

879 4077 1252 4150 mobilibus
1279 4074 1389 4147 vel
1417 4074 1475 4145 si
1502 4074 1631 4146 hec
1658 4095 1798 4147 non
1822 4075 2139 4147 habuerit
2159 4129 2177 4163 ,
2218 4075 2711 4149 estimationem
2748 4098 2988 4148 eorum
3017 4075 3238 4166 judici
3267 4099 3395 4149 suo
3428 4080 3689 4172 persol-

880 4220 1042 4271 vere
1076 4207 1418 4271 teneatur.
1449 4198 1525 4268 In
1550 4198 1877 4271 omnibus
1910 4207 2141 4271 tamen
2185 4198 2413 4270 causis
2439 4200 2827 4272 memoratis
2864 4199 2954 4271 sit
2994 4201 3218 4272 omnis
3252 4202 3441 4273 testis
3479 4202 3682 4295 liber,

880 4322 1126 4413 integri
1161 4332 1382 4394 status
1403 4332 1474 4394 et
1510 4323 1691 4394 bone
1725 4324 1937 4413 fame,
1983 4323 2054 4393 iu
2089 4321 2317 4394 causis
2348 4323 2622 4418 parium
2658 4323 3045 4417 principum
3072 4334 3140 4395 et
3181 4325 3500 4412 aliorum,
3539 4326 3690 4400 sive

881 4441 1238 4517 inferiores
1269 4447 1419 4540 ipso
1446 4445 1619 4537 sint,
1664 4446 1869 4518 etiam
1906 4445 2436 4518 ministerialiter
2469 4442 2599 4538 (a).
2650 4444 3121 4518 Ministeriales
3155 4469 3323 4519 vero
3364 4449 3437 4518 in
3468 4451 3692 4522 causis

884 4567 1428 4640 ministerialium
1460 4579 1529 4640 et
1554 4570 1987 4661 inferiorum,
2029 4568 2155 4641 sed
2177 4589 2314 4641 non
2344 4568 2416 4637 in
2450 4566 2673 4638 causis
2709 4567 3121 4657 liberorum3
3169 4572 3403 4642 rustici
3433 4594 3599 4645 vero
3625 4586 3695 4648 et

970 4712 1053 4791 (a)
1094 4715 1164 4774 Id
1191 4721 1281 4775 est
1304 4713 1416 4777 sive
1457 4718 1633 4778 etiam
1662 4718 1784 4778 sint
1821 4713 2218 4778 minata-talis
2254 4712 2630 4789 εοπᾱίιίοηίες
2677 4717 3006 4793 germanice
3037 4735 3147 4778 von
3173 4717 3687 4786 dienscmanmart.

1049 4818 1150 4881 IV.
1195 4835 1307 4880 Para
1331 4840 1374 4881 Β.
3298 4834 3373 4886 94
