4842 5802
1029 568 1150 632 808
2019 568 2460 631 FRIDERICI
2507 569 2860 633 SECUNDI
3471 573 3631 652 [Asu.
3673 574 3854 639 1236.

1193 700 1393 783 (Edit.
1438 719 1537 780 ap.
1580 703 1891 780 Rumon,
1927 702 2064 766 Cod.
2116 701 2350 786 diplom.
2403 704 2602 767 histor.
2651 703 3115 788 Meqapolitanae
3152 703 3296 768 med.
3338 706 3497 783 aevi,
3547 706 3745 769 fascic.
3789 710 3853 783 1,

1271 826 1335 887 p.
1367 817 1443 870 26
1476 807 1799 887 (Schwerln
1828 820 2004 887 1789,
2034 813 2117 892 4⁰)
2144 828 2220 873 ex
2246 811 2686 873 confirmatione
2709 812 2998 874 Ludovlci
3025 815 3390 891 imperatoris
3416 813 3491 873 de
3512 828 3668 873 anno
3701 822 3854 875 1314

1272 915 1338 975 in
1365 914 1608 976 archivo
1632 917 1828 977 ducali
1859 916 2306 979 Schwerlnensi.
2336 918 2532 995 Hujns
2557 918 2847 997 privilegi!
2874 920 3102 995 coptam
3139 919 3313 980 sollta
3349 934 3458 980 sua
3490 916 3859 979 humanitate

1271 1019 1443 1081 nobis
1467 1019 1606 1082 fecit
1630 1021 2038 1098 Boehmerus.)

1129 1186 1549 1279 Fridericus,
1587 1188 1710 1263 Dei
1741 1190 1975 1284 gracia
2008 1191 2469 1263 Romanorum
2509 1192 2873 1286 imperator
2920 1212 3190 1287 semper
3236 1202 3614 1286 angustus,
3658 1195 3859 1267 Jeru-

1034 1312 1249 1383 salem
1300 1320 1370 1384 et
1410 1312 1660 1407 Sycilie
1707 1334 1831 1385 rex
1859 1367 1878 1403 ,
1931 1313 2274 1386 universis
2322 1323 2670 1411 presentes
2722 1314 2977 1387 litteras
3028 1315 3479 1410 inspecturis,
3533 1315 3858 1390 fidelibus

1036 1435 1226 1526 suis,
1293 1436 1594 1526 graciam
1661 1457 1855 1510 suam
1912 1447 1982 1511 et
2042 1459 2246 1512 omne
2310 1439 2597 1511 bonum.
2669 1438 3100 1535 Supplicavit
3164 1438 3555 1513 celsitudini
3624 1450 3860 1515 nostre

1036 1558 1386 1632 Iohannes
1421 1557 1513 1632 de
1546 1559 2147 1655 Mechkelinburg,
2207 1559 2432 1634 fidelis
2476 1569 2740 1653 noster,
2783 1569 3124 1657 quatenus
3177 1561 3362 1635 bona
3411 1571 3480 1635 et
3507 1563 3663 1655 jura
3695 1586 3850 1655 sna,

1034 1702 1175 1776 qne
1212 1690 1348 1754 tam
1381 1682 1452 1753 in
1486 1684 1687 1777 aquis
1714 1706 1925 1778 quam
1963 1684 2036 1756 in
2071 1684 2267 1757 terris
2297 1686 2488 1778 justo
2512 1684 2711 1757 titulo
2742 1685 3106 1779 hucusque
3136 1684 3468 1781 possedit,
3511 1686 3645 1759 sibi
3685 1709 3859 1760 con-

1033 1803 1309 1878 firmare
1354 1828 1481 1901 pro
1534 1816 1730 1903 parte
1775 1818 2004 1880 nostra
2053 1818 2121 1880 et
2160 1808 2430 1904 imperii
2483 1808 2575 1881 de
2618 1817 2848 1882 nostra
2900 1809 3133 1901 gracia
3189 1809 3655 1905 dignaremur.
3716 1812 3860 1885 Nos

1035 1928 1247 2024 igitur
1282 1929 1430 2002 suis
1465 1930 1785 2024 precibus
1820 1942 2226 2022 annuentes,
2284 1932 2466 2006 bona
2502 1942 2570 2005 et
2598 1932 2757 2024 jura
2789 1953 2916 2004 sua
2938 1986 2959 2024 ,
2999 1932 3177 2004 sicut
3214 1954 3298 2005 ea
3336 1934 3567 2007 omnia
3607 1943 3748 2006 tam
3780 1935 3855 2005 in

1032 2054 1238 2148 aquis
1278 2077 1487 2149 quam
1542 2055 1614 2125 in
1663 2055 1857 2127 terris
1898 2056 2081 2147 juste
2131 2064 2201 2128 et
2253 2056 2746 2129 rationabiliter
2795 2057 3129 2128 hactenns
3182 2054 3564 2131 dinoscitur
3609 2078 3858 2152 posse-

1035 2176 1249 2267 disse,
1289 2178 1692 2251 auctoritate
1731 2190 1960 2250 nostra
1992 2188 2062 2252 et
2088 2179 2352 2274 imperii
2391 2180 2524 2251 sihi
2551 2178 2884 2253 duximus
2914 2179 3410 2253 confirmanda.

1134 2302 1382 2373 Datum
1436 2301 1627 2398 apud
1683 2303 2062 2397 Hagenow,
2125 2324 2308 2376 anno
2356 2303 2703 2377 dominice
2753 2304 3238 2378 incarnationis
3291 2304 3855 2396 M⁰CC⁰XXXV⁰,

1039 2446 1276 2498 mense
1310 2425 1680 2517 februario,
1721 2427 1815 2497 IX
1853 2426 2251 2500 indictione.

656 2971 959 3070 mvffiffls’a
1149 2964 1557 3073 Gregorius
1629 2990 1825 3071 papa
1878 2963 2294 3070 Friderico‚
2344 2962 2865 3047 Romanorum
2924 2964 3395 3072 imperatori,
3456 2962 3714 3046 scribit
3766 2964 3864 3043 de

1039 3097 1445 3181 concordia
1517 3121 1754 3205 quam
1807 3095 1976 3177 iniit
2027 3095 2223 3177 inter
2274 3095 2530 3203 ipsum
2593 3105 2669 3178 et
2734 3097 2930 3179 cives
2985 3095 3456 3178 Acconenses
3520 3095 3863 3203 aliosque

1039 3230 1256 3340 regni
1302 3228 1936 3338 ierosolymitani,
1978 3238 2351 3339 quantum
2391 3230 2490 3311 ad
2518 3228 2696 3338 jura
2730 3228 2968 3338 ipsius
3010 3229 3269 3339 regni3
3308 3255 3544 3340 quam
3588 3228 3866 3312 obser-

1043 3363 1376 3447 vandam
1413 3360 1728 3444 mandat
1766 3359 1917 3470 (1).

1213 3547 1451 3627 (incdit.
1481 3555 1541 3610 et
1567 3555 1816 3610 extract.
1849 3566 1922 3609 ex
1950 3545 2143 3609 indice
2168 3544 2458 3628 epistolar.
2498 3547 2760 3630 (ἔναρον-εἳ
2782 3548 2890 3625 IX,
2919 3565 3058 3609 ann.
3092 3549 3180 3610 IX
3196 3593 3216 3628 ,
3243 3559 3310 3609 n⁰
3349 3557 3484 3623 390,
3504 3565 3599 3627 ap.
3630 3549 3860 3610 collect.

1288 3655 1540 3733 Laporte
1566 3655 1647 3717 du
1673 3656 1868 3733 Theti,
1899 3656 1962 3714 in
1989 3655 2271 3716 Biblioth.
2299 3657 2511 3733 imper.
2541 3656 2909 3729 Parisiensi.)

1143 3818 1396 3887 Datum
1423 3814 1733 3906 Viterbii,
1766 3815 1945 3886 VIIII
1973 3814 2309 3889 kalendas
2341 3814 2595 3905 martii,
2628 3835 2810 3887 anno
2844 3835 3051 3887 nono.

1734 4008 1815 4015 ——.
1830 4008 1942 4015 ,Μ-

1124 4112 1197 4186 (4)
1233 4111 1443 4169 Adsunt
1464 4126 1676 4186 quoque
1697 4111 1751 4167 in
1778 4110 1952 4168 indice
1975 4112 2272 4168 litterarum
2290 4110 2533 4184 Gregorii
2567 4118 2881 4184 argumenta
2907 4111 3134 4168 duarum
3163 4111 3387 4168 aliarum
3420 4108 3764 4182 epistolarum
3795 4109 3866 4164 de

1046 4208 1234 4267 eodem
1275 4209 1487 4281 negotio
1527 4226 1541 4265 :
1573 4209 1731 4265 unius
1762 4209 2098 4283 praeceptori
2132 4213 2189 4266 et
2217 4208 2473 4265 fratribus
2513 4208 2790 4282 hospitalis
2829 4208 3052 4264 Sanctae
3095 4207 3293 4265 Mariae
3327 4206 3772 4264 Theutonicorum
3811 4206 3869 4260 in

1047 4308 1257 4378 Accon3
1287 4306 1473 4380 incipit
1498 4323 1512 4361 :
1540 4307 1714 4363 Juxta
1740 4305 1991 4379 somam.
2018 4306 2139 4362 Dat.
2161 4305 2409 4376 viterbii,
2436 4306 2514 4362 xl
2539 4304 2646 4363 kal.
2673 4305 2847 4362 martii
2880 4305 2965 4378 (⁴9
2996 4303 3180 4376 febr.),
3209 4314 3272 4359 n⁰
3300 4307 3392 4359 39⁴
3409 4321 3423 4374 ;
3443 4334 3517 4345 —
3541 4301 3756 4359 alterius
3782 4317 3872 4358 ar·

1046 4402 1387 4477 cbiepiseopo
1416 4404 1692 4461 Nazareno
1720 4408 1777 4459 et
1816 4402 2067 4478 episcopo
2094 4402 2418 4473 Acconensi,
2464 4418 2573 4476 qua
2607 4401 2865 4474 significat
2901 4417 3040 4475 papa
3064 4401 3384 4458 discordiam
3410 4414 3550 4473 quae
3588 4404 3706 4456 erat
3732 4398 3872 4454 inter

1045 4499 1372 4557 Fridericum
1398 4499 1772 4573 imperatorem
1796 4506 1853 4556 et
1876 4499 2023 4557 cives
2044 4499 2382 4557 Acconenses
2405 4498 2642 4572 aliosque
2672 4499 2919 4556 homines
2951 4498 3101 4571 regni
3124 4497 3421 4554 ienisalem
3449 4495 3711 4552 amicabili
3742 4512 3773 4553 a
3809 4511 3872 4553 se

1042 4595 1209 4653 fuisse
1234 4596 1613 4669 compositione
1640 4596 1889 4670 sopitam.
1918 4597 2110 4670 Incipit
2142 4614 2155 4650 ε
2188 4597 2325 4654 Cum
2352 4596 2565 4652 divina.
2616 4597 2732 4652 Dat.
2773 4594 3025 4667 viterbii,
3056 4595 3150 4653 vn
3188 4594 3295 4652 kal.
3339 4593 3517 4650 martii
3550 4592 3646 4665 (23
3685 4591 3870 4666 febr.),

1047 4707 1111 4751 n·
1138 4697 1262 4752 389.
