4842 5802
907 628 1105 689 lsnrcr.
1141 626 1232 705 9.]
1806 624 2200 688 HISTORIA
2250 627 2841 690 DIPLOMATICA.
3616 626 3741 688 817

903 761 1183 858 piantur
1209 758 1463 835 amodo
1499 760 1570 832 in
1606 759 1886 833 civitate
1912 770 1983 834 et
2018 761 2262 856 burgis
2295 762 2608 856 ejusdem
2651 761 2955 857 episcopi
2990 770 3058 832 et
3098 759 3386 832 ecclesie
3430 779 3557 831 sue
3604 780 3731 854 pro

908 885 1208 958 civibus.
1257 884 1581 957 Similiter
1615 884 1930 959 homines
1963 885 2275 980 ejusdem
2305 887 2606 982 episcopi
2643 897 2711 959 et
2748 885 3031 958 ecclesie
3063 906 3213 976 sue,
3250 882 3731 955 ministeriales

910 1007 1021 1079 sui
1053 1017 1124 1081 et
1157 1008 1470 1080 homines
1498 1029 1740 1080 eorum
1777 1028 1917 1079 non
1953 1009 2372 1104 recipiantur
2423 1011 2494 1081 in
2537 1011 2776 1101 burgis
2807 1007 3056 1081 nostris
3099 1017 3169 1080 et
3203 1005 3534 1080 heredum
3572 1030 3733 1081 nos-¹

910 1141 1172 1205 trorum
1206 1153 1336 1228 pro
1369 1131 1641 1205 civibus
1676 1153 1718 1205 e
1754 1152 2112 1206 converso.
2152 1133 2223 1204 Si
2259 1155 2423 1206 vero
2461 1132 2673 1226 aliqui
2710 1130 2969 1204 suntin
3001 1129 3242 1223 burgis
3274 1131 3521 1202 nostris
3564 1131 3737 1203 resi-

909 1255 1150 1328 dentes
1179 1277 1356 1351 quos
1383 1255 1825 1327 residentiam
1860 1256 2255 1327 continuam
2294 1265 2362 1329 et
2394 1257 2825 1330 mansionem
2860 1263 3115 1327 certam
3150 1275 3339 1326 more
3376 1255 3634 1326 civium
3659 1256 3733 1326 in

909 1379 1151 1471 burgis
1187 1379 1353 1474 ipsis
1385 1378 1688 1452 tenuisse
1715 1379 2114 1470 constiterit,
2140 1380 2341 1452 nobis
2358 1381 2831 1475 relinquentur
2856 1378 3142 1469 ibidem,
3168 1378 3263 1449 ita
3294 1387 3519 1450 tamen
3545 1373 3737 1474 quod

913 1501 1005 1575 de
1036 1504 1237 1575 bonis
1256 1512 1454 1575 extra
1472 1503 1863 1596 jacentibus
1899 1501 2183 1577 domino
2217 1501 2386 1576 ville
2415 1504 2486 1574 in
2524 1526 2662 1598 qua
2684 1504 2815 1576 sita
2850 1514 3013 1575 sunt
3048 1502 3311 1574 ratione
3338 1503 3548 1575 banni
3575 1524 3737 1575 cum

915 1626 1322 1699 convillanis
1355 1626 1502 1698 suis
1536 1626 1607 1696 in
1646 1628 2087 1720 generalibus
2124 1627 2426 1700 collectis
2457 1627 2716 1699 servire
2747 1634 3147 1716 teneantur,
3187 1634 3257 1699 et
3285 1625 3471 1698 idem
3496 1625 3740 1700 homi-

915 1749 1122 1821 nibus
1157 1748 1470 1841 ejusdem
1508 1751 1813 1845 episcopi
1868 1759 1937 1823 et
1991 1752 2282 1823 ecclesie
2329 1773 2456 1823 sue
2489 1750 2998 1823 observabitur.
3055 1750 3220 1822 Item
3263 1750 3743 1824 ministeriales

915 1894 1039 1944 seu
1068 1873 1384 1944 homines
1407 1872 1717 1965 eJusdem
1758 1874 2063 1969 episcopi
2103 1883 2172 1947 et
2194 1875 2480 1948 ecclesie
2516 1897 2642 1946 sue
2671 1895 2808 1947 non
2843 1874 3340 1946 convenientur
3372 1874 3484 1945 vel
3519 1875 3744 1970 impe·

916 2006 1146 2071 tentur
1179 2020 1220 2071 a
1254 1998 1688 2070 consortibus
1716 1998 1864 2069 suis
1897 2019 2126 2069 coram
2159 2000 2466 2070 scultetis
2502 2008 2569 2070 et
2589 1998 2945 2071 advocatis
2977 1998 3259 2088 nostriS,
3297 1998 3429 2070 nisi
3464 2020 3573 2071 res
3603 1998 3740 2069 liti-

916 2122 1108 2215 giose
1145 2121 1381 2192 sintin
1417 2120 1843 2193 districtibus
1874 2121 2304 2211 eorumdem,
2344 2143 2476 2193 nec
2509 2121 2986 2193 ministeriales
3021 2129 3143 2192 aut
3176 2120 3489 2193 homines
3525 2123 3739 2193 nostri

917 2245 1413 2317 convenientur
1466 2265 1695 2316 coram
1757 2244 2109 2340 episcopo,
2162 2245 2470 2317 scultetis
2503 2245 2616 2317 vel
2650 2242 3003 2316 advocatis
3045 2244 3191 2316 suis
3231 2266 3273 2315 a
3310 2245 3740 2317 consortibus

917 2388 1187 2455 eorum,
1209 2366 1341 2438 nisi
1363 2387 1469 2438 res
1499 2366 1789 2460 litigiose
1813 2367 1948 2439 sint
1978 2367 2049 2437 in
2077 2366 2390 2440 districtu
2415 2389 2544 2439 suo
2571 2367 2905 2461 corporali
2938 2375 3007 2439 et
3028 2367 3314 2440 ecclesie
3346 2389 3497 2439 sue.
3513 2368 3746 2440 Omni·

920 2490 1053 2561 bus
1076 2490 1207 2562 illis
1221 2490 1705 2563 nichilominus
1729 2491 1851 2584 qui
1883 2491 2330 2585 pfalburgarii
2354 2500 2842 2585 nuncupantur
2870 2498 2993 2562 aut
3008 2491 3160 2562 aliis
3183 2491 3747 2585 quibuscumque

920 2612 1243 2707 superius
1281 2612 1683 2701 nominatiS,
1721 2612 1780 2683 si
1819 2611 2121 2684 dimissis
2156 2613 2324 2685 locis
2357 2613 2479 2685 ubi
2519 2611 2917 2685 residebant
2955 2611 3047 2684 ad
3096 2633 3222 2685 nos
3267 2614 3378 2686 vel
3428 2611 3745 2687 dominos

919 2754 1085 2807 suos
1109 2733 1585 2806 ministeriales
1610 2742 1880 2807 nostros
1914 2733 2139 2807 redire
2163 2735 2535 2824 voluerint,
2574 2734 2840 2829 absque
2875 2733 3131 2807 damno
3170 2735 3279 2808 vel
3318 2757 3493 2830 pena
3518 2738 3744 2830 quali·

919 2867 1298 2953 tercunque
1349 2858 1449 2931 eis
1480 2866 1756 2955 propter
1799 2858 1932 2931 hoc
1967 2860 2366 2945 constituta,
2407 2856 2586 2932 cum'
2618 2858 2959 2932 universis
2998 2859 3208 2932 rebus
3264 2859 3412 2932 suis
3457 2859 3744 2934 liberam

920 2981 1258 3055 redeundi
1287 2981 1589 3054 habeant
1622 2982 2052 3071 facultatem;
2090 2990 2159 3053 et
2187 2981 2373 3054 idem
2403 2982 2800 3055 hominibus
2834 2983 3147 3075 ejusdem
3178 2984 3481 3078 episcopi
3511 2984 3748 3058 condi-

920 3105 1125 3177 tionis
1155 3116 1225 3177 et
1249 3105 1537 3177 ecclesie
1561 3126 1685 3176 sue
1717 3105 2265 3195 conservabitur,
2286 3106 2465 3178 sicut
2499 3106 2567 3176 in
2599 3106 2902 3200 generali
2933 3106 3121 3178 curia
3144 3106 3497 3201 Maguntie
3515 3109 3749 3180 extitit

920 3229 1389 3301 constitutum.
1429 3231 1771 3301 Statutum
1800 3238 1902 3300 est
1938 3229 2223 3324 insuper
2256 3239 2325 3302 et
2353 3231 2776 3326 propositum
2798 3230 2989 3324 quod
3015 3230 3205 3327 apud
3234 3231 3620 3305 Schletstatt
3655 3232 3747 3307 de

921 3359 1149 3424 cetero
1183 3362 1458 3425 moneta
1485 3374 1624 3425 non
1662 3351 1995 3441 cudatur,
2037 3374 2165 3424 nec
2203 3353 2374 3425 alias
2403 3354 2477 3424 in
2515 3354 2920 3450 episcopatu
2951 3376 3106 3447 suo,
3152 3354 3286 3426 nisi
3324 3356 3443 3427 ubi
3476 3356 3565 3430 de
3588 3359 3748 3450 jure

924 3471 1089 3543 cudi
1120 3472 1351 3546 debet.
1382 3476 1547 3547 Item
1582 3474 1672 3547 de
1698 3477 1845 3548 soro
1883 3475 2271 3549 Ettenheim
2308 3487 2377 3551 et
2409 3477 2499 3551 de
2524 3478 2826 3551 Malberc
2862 3477 3111 3552 diebus
3136 3479 3395 3573 quibus
3422 3482 3565 3572 jam
3594 3504 3750 3554 ser-

922 3602 1128 3667 vatur
1156 3595 1406 3668 amodo
1450 3606 1890 3670 conservetur
1917 3595 2051 3693 (l).
2091 3600 2178 3672 Ut
2220 3608 2452 3673 autem
2480 3622 2760 3696 presens
2788 3601 3201 3690 infeudatio,
3243 3604 3650 3699 compositio
3676 3615 3750 3678 et

923 3719 1336 3813 permutatio
1364 3718 1844 3793 inviolabiliter
1880 3719 2338 3796 observentur
2372 3732 2443 3796 et
2478 3724 2692 3796 robur
2718 3725 3061 3818 accipiant
3090 3726 3609 3817 inconcussum,
3656 3727 3751 3801 ad

923 3849 1327 3935 perpetuam
1352 3842 1413 3932 ej
1422 3841 1661 3915 nedem
1686 3841 1785 3914 rei
1814 3844 2216 3917 memoriam
2245 3855 2314 3918 et
2341 3846 2654 3919 stabilem
2672 3845 3084 3942 firmitatem,
3107 3870 3391 3945 presens
3418 3852 3749 3946 scriptum

928 3962 1075 4036 fieri
1114 3973 1180 4037 et
1216 3964 1438 4058 sigillo
1468 3977 1696 4038 nostre
1728 3967 2105 4059 majestatis
2121 3968 2454 4060 jussimus
2485 3970 2918 4043 communiri.

1025 4089 1247 4180 Hujus
1274 4088 1374 4159 rei
1412 4097 1616 4161 testes
1651 4099 1815 4161 sunt
1849 4116 1866 4160 ε
1912 4088 2143 4163 dilecti
2186 4093 2538 4189 principes
2578 4095 2796 4167 nostri
2827 4092 3121 4168 Sifridus
3165 4097 3575 4183 venerabilis
3606 4098 3757 4171 Mo·

926 4211 1362 4302 guntinensis
1416 4213 2007 4308 archiepiscopus,
2074 4215 2432 4289 Conradus
2501 4217 2717 4292 abbas
2772 4219 3002 4292 Sancti
3053 4220 3263 4307 Galli,
3323 4222 3756 4294 Hermannus

926 4335 1235 4408 marchio
1279 4332 1369 4408 de
1408 4335 1681 4427 Baden,
1749 4337 2106 4411 Conradus
2159 4340 2577 4434 burgravius
2632 4341 2721 4415 de
2756 4343 3182 4436 Nuremberg
3202 4397 3220 4430 ‚
3283 4343 3634 4418 Gotfridus
3661 4346 3754 4420 de

927 4457 1407 4551 Hochenloch,
1449 4461 1784 4533 Henricus
1817 4470 1885 4533 et
1924 4461 2249 4535 Albertus
2272 4465 2512 4538 fratres
2550 4465 2641 4539 de
2664 4466 2901 4559 Nisen,
2956 4467 3289 4539 Henricus
3313 4478 3379 4540 et
3403 4465 3755 4542 Gotfridus

2897 4652 2994 4662 -.-

3284 4655 3419 4664 κ...

3647 4656 3753 4667 ..4

1003 4762 1076 4837 (t)
1114 4765 1196 4823 cf.
1225 4781 1389 4841 supra
1407 4771 1820 4845 compositiones
1841 4774 1955 4846 jam
1985 4772 2143 4831 initas
2171 4774 2328 4832 annis
2357 4775 2496 4832 ⁴223
2522 4781 2579 4832 et
2603 4778 2764 4849 ⁴226,
2794 4782 2836 4834 t.
2865 4778 2935 4852 11,
2959 4795 3017 4852 p.
3043 4781 3150 4838 756
3175 4785 3233 4838 et
3257 4783 3380 4838 900.

1089 4863 1196 4926 IV.
1242 4875 1356 4925 Pan
1381 4884 1426 4927 2.
3323 4888 3436 4941 103
