4842 5802
849 659 1049 716 lnntcr.
1085 655 1208 731 10.]
1735 652 2142 717 ffls'ronm
2189 655 2773 719 mPLoMA'rmA.
3553 654 3667 715 931

848 796 1046 883 reges
1072 798 1140 861 et
1174 787 1492 861 dominos
1526 785 1868 882 adoptatis
1884 842 1904 880 ,
1938 798 2007 861 et
2046 788 2335 863 fideliter
2370 791 2707 886 acquisita
2743 789 3226 879 defenderent,
3258 797 3328 861 et
3357 789 3662 862 virtuose

848 915 1185 1007 subjicere
1213 913 1504 1008 populos
1528 912 1858 986 barbaros
1886 922 2317 986 conarentur.
2350 916 2437 987 Et
2460 915 2730 988 licetex
2757 923 3127 987 memorate
3152 913 3428 987 virtutis
3450 913 3666 985 initiis

845 1035 1757 1132 progenitorum'fecundata
1789 1046 2175 1111 nostrorum
2202 1041 2369 1113 satis
2397 1040 2699 1112 extiterit
2726 1060 3053 1132 generosa
3085 1039 3451 1134 plantati03
3484 1038 3664 1111 hanc

846 1173 1076 1234 tamen
1115 1163 1247 1234 sub
1278 1162 1641 1235 creationis
1681 1183 1862 1233 nove
1900 1163 2319 1258 propagine,
2357 1185 2499 1258 qne
2534 1162 2970 1234 nascentibus
3004 1161 3075 1234 in
3114 1182 3328 1257 regno
3364 1161 3656 1251 coaluit,

847 1309 976 1360 nec
1021 1288 1407 1360 inferiorem
1453 1287 1790 1361 industria
1833 1288 2178 1362 credimus
2235 1309 2366 1361 nec
2410 1288 2815 1360 strenuitate
2861 1287 3221 1359 minorem.
3264 1287 3444 1359 Sane
3502 1307 3661 1358 cum

845 1421 1097 1485 etatem
1128 1421 1427 1485 nostram
1458 1412 1696 1485 divina
1724 1412 2024 1508 potentia
2061 1420 2247 1484 tanta
2273 1411 2591 1483 felicitate
2622 1410 2965 1484 dotaverit
2998 1418 3077 1481 ut
3108 1408 3199 1482 ad
3231 1430 3464 1503 regem
3492 1429 3661 1482 ves-

848 1546 1031 1609 trum
1057 1545 1286 1609 vestre
1313 1536 1703 1609 dilectionis
1730 1536 1902 1608 lacte
1933 1536 2265 1607 nutritum
2294 1546 2362 1610 et
2396 1535 2645 1607 vestris
2681 1533 3016 1606 uberibus
3038 1533 3447 1606 ablactatum
3467 1586 3484 1620 ,
3524 1533 3663 1604 Ro-

853 1660 1038 1733 mani
1086 1662 1358 1732 culmen
1407 1659 1673 1755 imperii
1718 1659 1948 1732 celesti
2002 1658 2286 1731 consilio
2330 1658 2786 1754 pervenisset,
2843 1677 2970 1728 vos
3011 1665 3289 1730 strenue
3331 1657 3661 1730 bellantes

848 1785 1189 1878 cumipse
1221 1783 1312 1856 ad
1344 1782 1854 1877 subjugandam
1890 1782 2022 1854 sibi
2058 1781 2321 1876 perfide
2348 1782 2738 1854 rebellionis
2764 1780 3161 1865 audaciam,
3199 1780 3384 1853 vires
3413 1790 3483 1854 et
3512 1781 3663 1853 ani-

850 1928 999 1979 mos
1034 1906 1522 2001 assumpsistis.
1567 1905 1911 1999 Cumque,
1951 1905 2205 1977 collisis
2241 1907 2613 1977 multorum
2646 1906 3030 2000 potentium
3068 1905 3336 1977 viribus
3371 1906 3494 1998 qui
3527 1925 3663 1977 non

851 2030 1052 2100 nobis
1073 2082 1092 2116 ‚
1132 2030 1273 2100 imo
1307 2029 1552 2101 divino
1580 2028 1846 2120 judicio
1878 2038 2180 2102 nostram
2208 2030 2558 2122 justiciam
2589 2028 2949 2122 dirigenti,
2992 2028 3350 2101 temerarie
3383 2028 3665 2100 resiste-

848 2152 1049 2234 bant,
1081 2154 1173 2225 ad
1199 2153 1646 2226 obtinendam
1675 2153 1963 2226 Romani
1992 2152 2260 2247 imperii
2293 2151 2758 2225 monarchiam
2782 2205 2800 2239 ‚
2834 2152 3027 2224 Italie
3052 2151 3353 2245 quedam
3385 2152 3662 2224 factiosa

849 2277 1194 2362 collecti0,
1239 2278 1430 2349 velut
1460 2278 1529 2348 in
1559 2278 1877 2371 granario
1911 2277 2149 2349 lolium
2184 2286 2253 2348 et
2291 2275 2587 2371 putredo
2626 2276 3025 2348 remanserit
3053 2275 3124 2346 in
3151 2275 3457 2367 sentina3
3511 2297 3660 2366 nos,
3722 2366 3747 2375 κ

851 2399 941 2472 ad
985 2403 1186 2494 cujus
1221 2400 1806 2494 expugnationem
1850 2401 2161 2473 animosa
2208 2399 2574 2472 Germania
2614 2399 2814 2493 plene
2857 2400 3104 2471 nostris
3146 2398 3464 2494 exposita
3506 2421 3668 2471 ma-

850 2524 1061 2595 nibns
1110 2546 1186 2597 se
1220 2525 1386 2597 satis
1429 2525 1715 2597 viriliter
1765 2532 1835 2596 et
1873 2532 2190 2619 potenter
2231 2524 2570 2617 accingit,
2621 2531 2941 2618 expertes
2987 2543 3117 2594 vos
3164 2531 3353 2595 tante
3386 2524 3671 2595 victorie

848 2650 994 2721 fore
1019 2668 1157 2720 non
1193 2649 1523 2740 sinimus,
1567 2668 1697 2720 nec
1716 2647 2115 2740 judicamus
2156 2648 2480 2741 indignos
2502 2702 2519 2736 ,
2563 2647 2869 2719 maxime
2902 2667 3059 2718 cum
3100 2645 3448 2719 credimus
3478 2647 3669 2743 quod

852 2773 1032 2845 inter
1060 2772 1268 2844 totius
1305 2770 1578 2867 imperii
1612 2772 1823 2845 nostri
1864 2771 2201 2867 presidia,
2243 2770 2634 2844 hereditarii
2676 2771 2869 2862 regni
2902 2771 3112 2842 nostri
3146 2770 3348 2843 nobis
3385 2770 3670 2843 effectus

847 2896 1149 2971 lucidius
1191 2896 1443 2970 debeat
1476 2918 1844 2992 apparere,
1892 2919 2021 2970 nec
2061 2896 2563 2969 successionem
2602 2904 2903 2968 nostram
2935 2894 3408 2990 generositatis
3441 2917 3483 2968 a
3512 2896 3672 2988 jure

846 3024 947 3096 sic
976 3022 1301 3095 volumus
1333 3021 1589 3093 habere
1618 3019 2031 3115 degenerem
2050 3073 2069 3109 ,
2105 3030 2182 3091 ut
2217 3020 2309 3093 ad
2336 3018 2817 3093 conterendam
2857 3018 3220 3114 perfidiam
3250 3018 3669 3091 Lombardo·

844 3169 1001 3218 rum
1034 3168 1164 3219 vos
1198 3155 1560 3240 parentum
1598 3153 1980 3217 vestrorum
2026 3142 2321 3237 vestigia
2359 3143 2692 3236 subsequi
2742 3163 2877 3215 non
2922 3141 3148 3214 velitis
3188 3150 3259 3214 et
3299 3139 3664 3236 Aphricam

844 3275 968 3338 aut
1012 3267 1184 3338 alias
1222 3275 1497 3340 exteras
1532 3263 1847 3337 nationes
1886 3261 2448 3357 predecessorum
2490 3272 2879 3335 nostrorum
2918 3282 3106 3335 more
3156 3260 3399 3334 ditioni
3437 3271 3665 3335 nostre

843 3389 1220 3479 subjicere,
1257 3387 1380 3482 qui
1414 3409 1505 3459 ne
1534 3387 1703 3458 dnm
1738 3388 2009 3459 fortune
2053 3394 2317 3461 terrene
2353 3385 2778 3478 discrimina,
2820 3384 2945 3458 sed
2979 3394 3048 3458 et
3078 3385 3341 3458 marine
3377 3386 3663 3479 naviga-

846 3511 1054 3583 tionis
1076 3509 1406 3603 ambigua
1436 3519 1900 3581 tentaverunt.
1922 3510 1999 3579 In
2023 3509 2140 3580 illo
2165 3519 2638 3581 verumtamen
2665 3509 2973 3602 priorum
2998 3516 3387 3580 nostrorum
3416 3506 3567 3579 vias
3591 3518 3660 3580 et

851 3636 1132 3708 semitas
1170 3631 1503 3727 subsequi
1542 3633 1972 3720 devitamus,
2019 3633 2300 3728 quando
2332 3633 2770 3704 innumerosa
2815 3630 3255 3704 multitudine
3303 3631 3661 3736 sepissime

845 3779 1136 3851 regnum
1174 3756 1244 3828 in
1272 3755 1671 3830 hominibus
1702 3754 2129 3843 vacuabant,
2161 3776 2388 3826 rerum
2436 3775 2570 3824 non
2617 3753 2915 3824 contenti
2944 3752 3303 3845 subsidiis,
3343 3752 3468 3826 sed
3492 3752 3659 3826 fide-

844 3882 1015 3954 lium
1051 3900 1334 3973 corpora
1376 3877 1654 3949 remotis
1690 3877 2070 3971 plerunque
2098 3876 2367 3948 fortune
2398 3873 2781 3968 dispendiis
2814 3875 3250 3969 exponendo.
3292 3876 3544 3948 Verum
3580 3889 3656 3949 ut

843 4005 1148 4098 ipsorum
1196 3998 1483 4071 intentio
1529 3997 1719 4093 apud
1768 4018 1894 4070 nos
1942 3998 2388 4070 excusatione
2433 3991 2575 4068 nou
2624 4007 2894 4085 careat,
2946 3997 3149 4068 nobis
3195 3996 3328 4070 hoc
3374 4020 3512 4072 non
3549 4010 3654 4073 est

841 4127 1301 4201 necessarium
1329 4176 1348 4213 ,
1410 4124 1587 4195 sicut
1636 4124 2097 4198 necessarium
2154 4131 2300 4222 erat
2353 4122 2490 4213 eis3
2552 4121 2803 4228 multas
2858 4142 3017 4192 nam
3072 4120 3272 4193 nobis
3323 4144 3653 4218 personas

840 4249 1203 4321 Germania
1239 4246 1612 4339 germinat,
1652 4268 1775 4341 per
1806 4225 1981 4340 quas
2012 4245 2213 4318 vobis
2238 4266 2519 4340 parcere
2547 4265 2943 4340 possumus,
2978 4267 3067 4316 ex
3101 4245 3356 4338 quibus
3382 4247 3483 4317 uti
3511 4248 3651 4346 de·-

838 4376 1082 4448 bemus
1113 4394 1354 4447 secure
1388 4374 1463 4443 in
1503 4372 1754 4445 talibus
1800 4392 1936 4444 non
1981 4372 2257 4466 ignotis.
2313 4373 2566 4444 Tacere
2611 4380 3061 4443 veruntamen
3103 4371 3237 4443 hoc
3282 4372 3432 4445 sine
3475 4395 3647 4446 con-

838 4499 1135 4571 sciencie
1192 4497 1497 4592 pondere
1557 4517 1696 4568 non
1740 4517 2131 4591 possemus,
2183 4496 2373 4591 quod
2416 4496 2591 4568 inter
2635 4497 2806 4567 alios
2865 4517 3040 4589 quos
3089 4496 3288 4568 nobis
3337 4497 3648 4592 undique

840 4619 1076 4693 divine
1118 4620 1417 4714 potentie
1459 4618 1748 4691 dextera
1785 4619 2221 4714 subjugavit,
2267 4640 2592 4714 personas
2623 4629 2885 4691 vestras
2921 4617 3280 4690 nobiscum
3323 4619 3646 4694 libentius

838 4745 1246 4816 haberemus
1281 4769 1297 4812 ε
1350 4751 1586 4837 utpote
1614 4742 1736 4837 qui
1769 4741 1860 4815 de
1892 4752 2118 4816 vestre
2148 4741 2777 4838 circumspectionis
2827 4741 3159 4814 industria
3195 4751 3265 4813 et
3300 4740 3438 4814 fide
3470 4767 3645 4838 pro-
