4842 5802
1227 619 1349 681 890
2224 615 2652 676 Fnlnltmm
2695 614 3040 676 SECUNDI
3677 613 3836 692 [Anu.
3874 613 4044 674 1236.

1229 752 1513 826 studeas
1563 770 1888 824 exercere
1909 808 1929 840 ,
1985 749 2250 822 felicem
2316 749 2695 822 adventum
2749 759 3056 822 nostrum
3093 748 3165 819 in
3207 748 3527 844 proximo
3580 748 4043 843 prestolando.

1328 877 1578 948 Datum
1613 871 1804 968 apud
1836 870 2217 968 Angustam
2238 932 2255 961 ,
2297 874 2392 947 XI
2423 874 2606 967 julii,
2640 873 3017 947 indictione
3044 872 3250 944 VIIII.

853 1470 1125 1578 ῥῶ,
1333 1460 1791 1565 FridericuS,
1819 1458 2339 1543 Romanorum
2375 1460 2816 1569 imperator,
2846 1460 3191 1569 Philippo
3226 1460 3323 1543 de
3349 1459 3836 1570 Rychenberc
3868 1484 4047 1568 pro-

890 1579 944 1621 ¹⁸
964 1577 1089 1632 '²¹¹¹‘
1226 1592 1556 1675 curatori
1618 1592 1916 1673 comitis
1967 1591 2266 1673 Henrici
2321 1592 2418 1674 de
2470 1593 2755 1676 Werda
2798 1592 3263 1702 caeterisque
3299 1590 3687 1700 judicibus
3731 1590 4048 1673 mandat

1227 1732 1314 1806 ut
1357 1748 1542 1833 erga
1584 1722 1783 1807 cives
1825 1723 2412 1833 Argentinenses
2455 1724 2850 1835 privilegia
2884 1725 3170 1807 eisdem
3215 1749 3571 1807 concessa
3615 1725 4040 1831 observent,

1227 1856 1644 1967 specialiter
1698 1882 1795 1939 ne
1845 1869 2060 1939 extra
2115 1856 2386 1940 urbem
2424 1857 2503 1937 in
2559 1856 2689 1969 jus
2740 1857 3143 1941 trahantur
3194 1883 3373 1940 cum
3409 1858 3489 1939 in
3553 1857 3852 1942 civitate
3907 1882 4044 1940 sua

1217 1989 1595 2099 justitiam
1633 1989 1880 2072 facere
1916 1988 2067 2070 sint
2100 1988 2373 2098 parati.

1385 2198 1655 2278 (Edider.
1685 2199 2095 2272 Senonrrmv,
2119 2195 2350 2260 Atracia
2374 2195 2703 2278 diplomat„
2731 2204 2782 2261 t.
2817 2202 2868 2274 1,
2897 2219 2960 2278 p.
2984 2209 3125 2262 878.
3145 2231 3227 2247 —
3248 2201 3559 2275 Omnem,
3588 2196 3896 2263 Prodrom,
3918 2216 4037 2260 rer.

1462 2302 1680 2380 Altae„
1708 2323 1772 2382 p.
1803 2304 1971 2382 296.)

1319 2490 1740 2580 FridericuS,
1775 2489 1898 2561 Dei
1932 2490 2149 2583 gratia
2202 2491 2657 2561 Romanorum
2703 2490 3074 2585 imperator
3115 2512 3386 2587 semper
3421 2501 3795 2584 augustuS,
3836 2492 4043 2564 Jeru-

1222 2616 1433 2689 salem
1470 2622 1539 2687 et
1573 2613 1802 2685 Sicilie
1833 2635 1990 2702 τοι,
2032 2613 2344 2708 Philippo
2377 2613 2467 2685 de
2501 2612 2948 2708 Rychenberc
2985 2614 3405 2708 procuratori
3439 2614 3708 2688 comitis
3739 2614 4039 2685 Heinrici

1224 2739 1314 2812 de
1361 2736 1617 2809 Werda
1669 2745 1738 2807 et
1782 2736 2026 2806 ceteris
2069 2735 2423 2826 judicibus
2478 2757 2602 2831 per
2653 2737 3017 2831 imperium
3079 2737 3462 2810 constitutis
3522 2736 3847 2809 fidelibus
3896 2736 4042 2808 suis

1224 2867 1579 2958 presentes
1621 2858 1876 2930 litteras
1930 2858 2336 2953 inspecturis
2383 2859 2672 2953 gratiam
2725 2879 2922 2931 suam
2968 2868 3038 2933 et
3078 2881 3283 2932 omne
3329 2860 3621 2932 bonum.
3667 2859 4042 2957 Supplica-

1226 2994 1389 3054 runt
1436 2980 1827 3054 celsitudini
1875 2991 2105 3052 nostre
2159 2981 2349 3053 cives
2381 2980 2940 3075 Argentinenses,
2984 2982 3222 3057 fideles
3254 2984 3501 3076 nostri,
3542 2993 3622 3055 ut
3655 2984 4039 3057 libertatem

1225 3105 1397 3200 ipsis
1432 3126 1473 3177 a
1514 3104 1695 3177 divis
1744 3103 2298 3198 progenitoribus
2335 3105 2583 3175 nostris
2626 3105 2944 3177 traditam
2981 3116 3050 3179 et
3080 3128 3474 3179 concessam
3522 3128 3646 3204 per
3679 3107 4038 3202 privilegia

1227 3249 1310 3301 ac
1347 3228 1435 3300 de
1467 3237 1694 3299 nostra
1731 3227 1951 3318 gratia
1984 3227 2420 3321 postmodum
2456 3238 2851 3300 renovatam
2899 3237 2969 3301 et
3007 3229 3475 3303 confirmatam
3495 3284 3515 3323 ‚
3552 3240 3624 3302 et
3658 3230 4042 3324 specialiter

1226 3375 1316 3425 ne
1350 3360 1545 3425 extra
1581 3374 1779 3424 suam
1814 3351 2160 3424 civitatem
2204 3372 2326 3445 per
2357 3372 2484 3423 vos
2517 3351 2873 3424 trahantur
2907 3352 3000 3425 ad
3027 3352 3395 3446 judicium,
3441 3376 3598 3425 cum
3652 3355 3723 3424 in
3760 3353 4039 3427 civitate

1224 3499 1353 3550 sua
1379 3475 1725 3570 justiciam
1763 3476 1984 3548 facere
2026 3475 2165 3547 sint
2202 3474 2456 3570 parati,
2495 3477 2685 3548 salva
2735 3477 2805 3547 in
2839 3477 3160 3548 omnibus
3199 3477 3583 3549 reverentia
3619 3487 3689 3548 et
3710 3476 4039 3569 Jurisdic·

1228 3602 1414 3674 tione
1448 3600 1769 3673 culminis
1801 3598 2195 3694 imperialis,
2232 3620 2356 3693 per
2380 3619 2510 3670 vos
2536 3598 2797 3672 eisdem
2832 3600 3184 3672 observari
3213 3599 3303 3674 de
3333 3608 3560 3672 nostra
3597 3600 3815 3693 gratia
3846 3620 4038 3671 man-

1226 3726 1575 3799 daremus.
1615 3725 1756 3795 Nos
1789 3723 2024 3816 itaque
2054 3722 2289 3794 habito
2324 3732 2638 3818 respectu
2671 3722 2766 3795 ad
2809 3723 3061 3796 devota
3102 3723 3385 3797 servitia
3427 3744 3566 3816 que
3602 3723 3813 3796 iidem
3851 3722 4040 3793 cives

1225 3849 1554 3920 hactenus
1640 3856 1868 3918 nostre
1929 3845 2318 3917 celsitudini
2383 3847 2824 3940 prestiterunt
2896 3855 2967 3919 et
3025 3868 3165 3940 que
3231 3846 3566 3919 exhibent
3626 3846 4039 3918 incessanter

1225 3994 1503 4068 queque
1545 3971 1747 4043 nobis
1800 3971 1872 4041 in
1918 3981 2123 4042 antea
2177 3970 2511 4043 exhibere
2554 3979 2876 4064 poterunt
2924 3972 3258 4066 gratiora,
3299 3993 3539 4044 eorum
3585 3969 4038 4066 supplicatio-

1225 4099 1433 4170 nibus
1467 4094 1800 4184 inclinati,
1842 4094 2275 4167 universitati
2309 4101 2536 4167 vestre
2572 4094 2982 4167 mandamus
3013 4117 3136 4190 per
3165 4095 3523 4168 obtentum
3556 4092 3772 4187 gratie
3812 4102 4038 4165 nostre

1227 4219 1509 4292 firmiter
1561 4216 2017 4312 precipientes
2072 4224 2413 4309 quatenus
2463 4215 2842 4288 libertatem
2879 4218 3207 4312 predictis
3250 4217 3524 4291 civibus
3559 4238 3600 4288 a
3641 4216 4037 4310 progenito-

1225 4346 1421 4417 ribus
1449 4342 1699 4414 nostris
1730 4341 1914 4413 divis
1955 4341 2415 4411 Romanorum
2455 4339 2981 4434 imperatoribus
3016 4343 3337 4415 traditam
3378 4349 3448 4413 et
3491 4361 3883 4412 concessam
3914 4361 4038 4435 per

1226 4465 1589 4564 privilegia
1632 4486 1713 4536 ac
1761 4463 1852 4536 de
1891 4472 2120 4535 nostra
2151 4461 2623 4535 munificentia
2656 4476 3053 4539 renovatam
3093 4464 3530 4561 postmodum
3571 4472 3642 4535 et
3673 4459 4035 4535 confirma-

1226 4601 1401 4681 tam,
1443 4597 1511 4662 et
1544 4587 1928 4683 specialiter
1972 4608 2061 4659 ne
2106 4594 2305 4658 extra
2345 4587 2691 4661 civitatem
2728 4611 2924 4662 suam
2961 4590 3314 4664 trahantur
3348 4587 3438 4661 ad
3477 4595 3709 4661 vestra
3736 4585 4031 4679 judicia,

1226 4737 1386 4787 oum
1421 4712 1794 4806 unicuique
1825 4712 1897 4783 in
1934 4710 2211 4783 civitate
2237 4733 2364 4785 sua
2401 4734 2633 4787 coram
2662 4735 2789 4787 suo
2809 4715 3046 4807 judice
3072 4714 3423 4807 justiciam
3463 4713 3685 4785 facere
3727 4710 3867 4781 sint
3898 4730 4034 4804 pa-
