4842 5802
838 632 1033 694 lnnrcr.
1066 629 1150 714 9.]
1723 629 2120 692 HISTORIA
2174 628 2759 693 mPLOMATch.
3536 628 3657 690 849

836 768 1030 840 velut
1074 769 1145 839 in
1184 766 1505 861 speculO,
1549 764 1947 856 collocatur,
1999 776 2187 839 tanto
2239 767 2611 862 perfectius
2656 764 2856 836 zelari
2905 784 3141 858 pacem
3192 764 3648 857 compellitur,

839 900 1099 984 quanto
1147 900 1419 963 tenetur
1481 889 1848 961 instantius
1902 910 2154 962 vacare
2196 891 2472 982 justicie
2520 888 2992 977 subditorum,
3046 896 3122 957 ut
3183 909 3390 980 quam
3448 887 3655 958 totius

841 1013 1026 1085 orbis
1083 1012 1384 1085 ambitus
1437 1011 1953 1105 quodammodo
2007 1011 2240 1085 debita
2291 1013 2660 1086 devotione
2714 1010 3052 1105 deposcit,
3107 1012 3307 1103 quasi
3354 1032 3398 1083 a
3456 1010 3656 1082 nobis

841 1136 1277 1231 presentibus
1307 1134 1679 1224 obtineret;
1713 1138 1913 1228 cujus
1949 1156 2113 1208 vere
2143 1146 2283 1208 tam
2320 1138 2604 1231 spiritus
2639 1155 2849 1229 quam
2886 1133 3170 1205 affectus
3204 1134 3395 1205 velut
3430 1132 3654 1206 fidelis

841 1269 912 1332 et
960 1259 1270 1354 prudens
1304 1258 1404 1354 (a)
1447 1258 1695 1353 spiritu
1740 1258 1916 1329 vivit
1971 1259 2278 1354 imperii,
2324 1267 2403 1330 ut
2448 1281 2532 1332 eo
2580 1259 2949 1352 languente
3004 1256 3328 1351 langueat
3371 1264 3441 1329 et
3504 1257 3655 1351 ipso

843 1391 1284 1477 prosperante
1320 1383 1591 1455 letetur.
1635 1382 1777 1453 Nec
1811 1382 2036 1454 solum
2074 1382 2148 1452 in
2186 1382 2676 1478 temporalibus
2709 1379 2971 1453 solatiis
3007 1375 3100 1475 (b)
3132 1379 3477 1451 christiani
3517 1400 3656 1473 po-

844 1505 989 1599 puli
1044 1506 1361 1577 tenebras
1421 1505 1708 1576 Romani
1764 1504 2011 1599 sceptri
2071 1506 2297 1596 fulgor
2346 1505 2690 1577 illuminat
2739 1529 2758 1573 t
2816 1501 2943 1575 sed
2991 1511 3059 1575 et
3106 1503 3437 1573 catholice
3496 1500 3656 1573 fidei

847 1624 1246 1701 fulcimenta
1283 1650 1417 1700 non
1461 1628 1640 1700 levia
1694 1628 2202 1718 subministrat,
2251 1628 2419 1700 dum
2480 1637 2690 1723 caput
2746 1635 2815 1698 et
2875 1635 3160 1705 matrem
3219 1624 3662 1697 ecclesiarum

849 1752 1184 1842 omnium,
1215 1749 1698 1844 Apostolorum
1749 1751 2034 1841 Sedem,
2075 1752 2253 1824 intra
2294 1752 2505 1824 totins
2541 1750 2807 1845 imperii
2836 1749 3136 1844 potentie
3163 1748 3427 1820 viscera
3455 1749 3663 1820 collo-

850 1884 1110 1962 catam,
1148 1896 1189 1946 a
1232 1897 1370 1968 qua
1409 1875 1692 1947 ecclesie
1729 1874 2006 1946 urbium
2040 1875 2467 1967 singularum
2511 1882 2581 1945 et
2624 1873 2927 1945 locorum
2967 1871 3433 1965 quorumlibet
3464 1879 3666 1942 auto-

851 1998 1070 2069 ritatis
1101 1997 1399 2090 iusignia
1447 1997 1724 2068 trahunt
1759 2009 1828 2070 et
1856 1997 2289 2068 instruuntur
2322 1996 2686 2090 exemplis,
2717 1994 3168 2067 hereticorum
3206 1993 3514 2088 perfidiis
3554 1994 3667 2065 vel

852 2121 1235 2213 aliquorum
1296 2120 1563 2211 injuriis
1611 2120 1886 2192 concuti
1933 2141 2071 2191 non
2112 2120 2459 2213 permittat
2494 2118 2602 2214 (c).
2644 2120 2923 2213 Propter
2967 2117 3156 2213 quod
3200 2118 3662 2212 gratissimum

854 2243 1101 2315 offerre
1173 2244 1339 2315 vivo
1402 2245 1546 2315 Deo
1610 2254 1934 2338 putamus
1987 2245 2395 2338 obsequium
2424 2296 2444 2333 ,
2500 2244 2560 2314 si
2620 2245 2765 2316 zelo
2821 2242 3154 2315 laudabili
3210 2251 3279 2314 et
3328 2243 3665 2314 constanti

856 2364 1203 2459 proposito
1257 2366 1348 2438 ad
1409 2367 1614 2438 totius
1652 2366 1925 2462 imperii
1967 2375 2216 2439 statum
2257 2365 2624 2461 pacificum
2659 2375 2851 2438 tanto
2887 2367 3210 2438 libentius
3256 2367 3663 2461 aspiremus,

855 2497 1112 2582 quanto
1140 2489 1405 2561 clariori
1440 2490 1756 2583 presagio
1797 2490 1930 2561 hoc
1964 2490 2054 2563 de
2090 2490 2320 2562 celesti
2353 2489 2738 2582 colligimus
2773 2489 3150 2561 voluntate.
3185 2490 3324 2561 Nec
3355 2489 3539 2561 enim
3573 2490 3666 2563 ob

856 2612 1050 2684 aliud
1099 2612 1448 2685 credimus
1492 2611 1685 2705 quod
1717 2612 2154 2708 providentia
2192 2614 2566 2685 Salvatoris
2618 2613 2718 2684 sic
2753 2610 3153 2705 magnifice,
3200 2613 3338 2685 imo
3383 2611 3671 2686 mirifice

858 2735 1191 2808 direxerit
1219 2757 1495 2828 gressus
1523 2746 1790 2808 nostros
1821 2736 1945 2830 (d),
1984 2737 2151 2809 dum
2180 2737 2272 2808 ab
2302 2737 2628 2810 Orientali
2662 2758 2835 2809 zona
2867 2758 3155 2830 regnum
3184 2737 3671 2833 Hierosolymi-

860 2868 1124 2949 tanum,
1165 2858 1456 2932 Conradi
1506 2857 1889 2931 charissimi
1929 2859 2069 2932 nati
2102 2861 2312 2932 nostri
2349 2869 2655 2933 materna
2692 2860 3058 2947 successio,
3099 2880 3182 2932 ac
3224 2858 3502 2933 demum
3546 2882 3671 2933 re-

859 3004 1075 3075 gnum
1097 2982 1352 3072 Sicilie,
1386 2985 1694 3077 preclara
1732 2992 2034 3055 materne
2067 2993 2296 3055 nostre
2327 2984 2779 3056 successionis
2806 2983 3171 3074 hereditaS,
3206 2994 3276 3056 et
3305 2994 3671 3079 prepotens

860 3104 1220 3178 Germanis
1259 3105 1682 3203 principatus
1723 3106 1825 3178 sic
1856 3128 2068 3179 manu
2112 3107 2382 3178 celestis
2427 3106 2685 3178 arbitrii
2724 3107 2925 3178 nobis
2960 3107 3353 3195 assistente,
3410 3108 3674 3201 pacatis

862 3229 1175 3323 undique
1205 3229 1519 3324 populis,
1556 3229 1690 3300 sub
1746 3226 2116 3301 devotione
2153 3229 2364 3302 nostri
2412 3230 2709 3301 nominis
2753 3213 3228 3325 perseverant,
3281 3231 3413 3301 nisi
3462 3241 3542 3303 ut
3573 3231 3674 3303 sic

863 3350 1040 3423 illud
1073 3352 1264 3422 Italie
1300 3351 1647 3442 medium,
1690 3352 1938 3423 nostris
1974 3351 2287 3445 undique
2322 3352 2591 3423 viribus
2618 3351 3116 3424 circumdatum
3156 3351 3281 3448 (e),
3317 3353 3408 3426 ad
3447 3365 3674 3428 nostre

864 3474 1249 3544 serenitatis
1279 3474 1612 3567 obsequia
1662 3484 1729 3546 et
1778 3475 2042 3568 imperii
2077 3474 2318 3548 redeat
2347 3475 2680 3547 unitatem
2723 3501 2742 3546 ε
2782 3475 2971 3568 quod
3014 3476 3181 3546 nihil
3226 3477 3430 3549 nobis
3469 3487 3677 3550 restat

865 3594 978 3666 vel
1015 3595 1362 3667 modicum
1410 3595 1884 3691 peragendum
1915 3595 2041 3691 (s).
2081 3598 2224 3670 Nec
2263 3598 2338 3669 in
2372 3597 2505 3670 hoc
2549 3597 2916 3693 providere
2957 3598 3431 3672 tantummodo
3473 3621 3676 3673 com-

951 3793 1034 3874 (a)
1078 3796 1238 3856 Haec
1279 3812 1316 3856 a
1367 3796 1551 3857 verbo
1579 3795 1771 3858 debita
1810 3796 2100 3858 devotione
2139 3800 2351 3860 desunt
2388 3815 2486 3876 ap.
2515 3801 2685 3862 Pertz
2718 3806 2778 3860 et
2819 3804 2882 3859 in
2921 3800 3047 3861 cod.
3081 3801 3242 3863 Harl.
3270 3811 3421 3863 3678
3441 3846 3460 3882 ,
3487 3821 3681 3883 neque

866 3902 1143 3978 prodesse
1166 3903 1441 3964 videntur
1475 3906 1594 3964 nisi
1619 3904 1779 3981 quod
1807 3921 2048 3965 sensum
2072 3905 2434 3982 perturbent.

952 4007 1033 4089 (b)
1082 4006 1323 4071 Solatiis
1348 4011 1514 4072 deest
1538 4027 1637 4088 ap.
1660 4012 1852 4072 Pertz.

954 4114 1027 4193 (c)
1065 4119 1183 4192 Ap.
1214 4117 1390 4177 Pertz
1410 4116 1781 4195 per-mittam,
1812 4119 2008 4177 minus
2033 4125 2214 4179 recte.

951 4218 1041 4299 (d)
1082 4221 1193 4281 ch
1216 4221 1518 4283 adduntur
1543 4225 1605 4281 in
1630 4222 1788 4281 Petr.
1820 4222 1896 4281 de
1919 4224 2057 4283 Vin.
2084 4222 2382 4299 epistolis:
2411 4242 2446 4280 α
2473 4222 2606 4285 Nisi
2629 4219 2785 4301 quod
2802 4218 3090 4284 voluntati
3121 4221 3398 4287 dominice
3423 4225 3685 4308 dispositi

871 4324 939 4383 in
963 4325 1107 4385 votis
1145 4342 1213 4385 ea
1237 4324 1517 4404 perficere
1550 4327 1801 4407 qerimus
1829 4343 1945 4405 per
1970 4345 2079 4407 que
2110 4326 2328 4389 Christi
2358 4345 2568 4408 sponsa
2609 4325 2913 4389 eradicatis
2937 4329 3213 4405 zizaniis,
3239 4329 3548 4394 salubriter
3569 4354 3681 4417 qa-

875 4427 1173 4490 bernatur.
1202 4429 1311 4490 Sic
1337 4431 1491 4512 quod
1513 4430 1685 4507 dum,
1715 4439 1822 4493 etc.
1858 4434 2081 4494 Locum
2106 4440 2307 4495 tamen
2332 4435 2751 4512 interpolatum
2777 4450 3103 4509 censemus,
3128 4436 3269 4499 dum
3302 4454 3399 4517 ap.
3427 4440 3599 4502 Perta
3624 4448 3683 4503 et

872 4535 936 4594 in
963 4536 1263 4596 codicibus
1297 4538 1723 4600 Parisienslbus
1747 4545 1807 4599 et
1832 4540 2142 4600 Harleiano
2165 4556 2402 4617 quoque
2427 4541 2602 4602 desit.

961 4639 1039 4718 (e)
1080 4643 1243 4701 Alias
1268 4642 1658 4704 conculcatum
1668 4690 1690 4720 ,
1717 4643 2149 4722 concordatum,
2179 4647 2351 4706 male.

963 4742 1061 4821 (s).
1090 4746 1252 4805 Haec
1280 4763 1315 4806 a
1342 4746 1496 4827 quod
1517 4747 1692 4825 nihil,
1722 4756 1864 4825 etc„
1893 4766 1991 4828 ap.
2019 4751 2187 4811 Pertz
2215 4750 2454 4813 desunt.

1040 4848 1143 4909 1v.
1188 4864 1300 4909 rm
1324 4869 1366 4909 2.
3257 4869 3366 4920 107
