4842 5802
882 676 1077 736 lamet.
1114 672 1205 751 9.]
1775 674 2167 736 HISTORIA
2219 674 2806 741 MPLOMATICA.
3179 664 3192 671 ”
3578 665 3700 728 859

885 813 1170 885 moriam
1218 820 1288 882 et
1335 810 1649 883 stabilem
1704 809 2121 898 firmitatem,
2167 833 2450 905 presens
2497 810 2827 906 scriptum
2879 808 3028 881 fieri
3078 816 3148 880 et
3187 804 3412 898 sigillo
3459 813 3692 875 nostro

875 936 1214 1029 jussimus
1247 935 1683 1025 communiri,
1715 957 1924 1024 anno,
1969 957 2229 1022 mense,
2265 935 2642 1009 indictione
2675 932 3102 1027 subscriptis.

985 1057 1206 1147 Hujus
1241 1055 1339 1128 rei
1392 1038 1808 1127 testes'sunt
1853 1053 2081 1126 dilecti
2135 1055 2478 1150 principes
2507 1053 2720 1125 nostri
2768 1078 2786 1123 ε
2831 1051 2958 1123 Th.
2998 1045 3411 1122 venerabilis
3452 1044 3696 1117 Trevi-

885 1177 1108 1252 rensis
1134 1178 1714 1274 archiepiscopus,
1751 1179 1836 1249 H.
1873 1178 2298 1271 lantgravius
2331 1176 2709 1269 Thuringie
2739 1184 2810 1248 et
2837 1195 3066 1247 comes
3099 1172 3441 1267 palatinus
3474 1171 3695 1241 Saxo·

889 1304 1035 1394 nie,
1078 1304 1490 1376 Frithericus
1534 1323 1765 1374 comes
1800 1300 1889 1374 de
1926 1302 2157 1391 Zolre,
2200 1322 2431 1374 comes
2472 1300 2963 1390 TheodericuS,
2999 1306 3069 1370 et
3102 1297 3219 1369 alii
3252 1294 3702 1389 quamplures

885 1429 1007 1523 qui
1041 1428 1515 1500 interfuerunt.

988 1552 1159 1623 Data
1206 1549 1549 1647 Bopardie
1573 1602 1593 1636 ‚
1655 1568 1837 1620 anno
1884 1547 2228 1620 dominice
2277 1545 2770 1618 incarnationis
2820 1541 3185 1615 millesimo
3228 1539 3708 1612 ducentesimo

895 1674 1243 1748 tricesimo
1268 1684 1495 1760 sexto,
1545 1692 1783 1744 mense
1819 1670 2059 1761 madii,
2095 1690 2276 1741 none
2308 1667 2727 1741 indictionis.

1320 1972 2157 1988 ————-——-—-—0—-—----—

1004 2288 1431 2371 Fridericus
1453 2350 1477 2396 ,
1538 2288 2056 2372 Romanorum
2127 2288 2568 2396 imperator,
2619 2286 2880 2370 scribit
2938 2283 3262 2368 Iohanni
3324 2282 3715 2366 Leodiensi

906 2420 1258 2529 episcopo
1303 2446 1385 2503 se
1437 2422 1535 2504 ad
1591 2419 2214 2529 supplicationem
2277 2420 2546 2503 decani
2600 2430 2677 2502 et
2726 2418 3035 2527 capituli
3093 2415 3347 2499 Sancti
3402 2415 3717 2499 Servatii

902 2554 999 2636 de
1044 2553 1423 2664 Trajecto,
1473 2553 1715 2662 ipsius
1763 2553 2173 2661 provisioni
2218 2565 2295 2636 et
2346 2551 2768 2635 defensioni
2820 2551 3168 2632 eamdem
3212 2548 3582 2657 capellam
3635 2547 3715 2629 in

905 2686 1423 2796 spiritualibus
1486 2696 1561 2767 et
1611 2684 2156 2794 temporalibus
2217 2686 2688 2769 committere
2708 2748 2732 2794 ,
2796 2693 2878 2766 ut
2920 2681 3122 2765 hanc
3174 2680 3273 2764 ab
3325 2679 3715 2763 incursio—

905 2818 1134 2901 nibus
1176 2817 1694 2929 malignorum
1731 2829 2057 2900 tueatur.

1051 3060 1296 3139 (Inedit.
1328 3077 1406 3122 ex
1442 3061 1714 3141 originali
1738 3078 1835 3140 ap.
1869 3059 2104 3123 Archiv.
2140 3058 2209 3120 de
2234 3043 2430 3122 l'sstat
2453 3056 2493 3119 ἀ
2512 3060 2715 3141 Lieqe,
2755 3057 3055 3137 quondam
3096 3063 3329 3118 servato
3372 3057 3434 3115 iu
3472 3056 3722 3117 chartu-

1145 3168 1293 3228 lario
1320 3169 1535 3228 veteris
1560 3169 1801 3246 capituli
1826 3169 2027 3229 Sancti
2054 3167 2349 3228 Lamberti
2376 3165 2583 3246 (capsa
2609 3174 2668 3238 4,
2690 3182 2806 3226 sec.
2837 3166 3115 3238 armar.);
3141 3168 3355 3240 atergo
3381 3161 3563 3240 hujus
3589 3177 3724 3238 per-

1145 3289 1431 3351 gamenae
1472 3272 1723 3335 affixum
1768 3279 1857 3334 est
1904 3272 2281 3334 membraneo
2326 3275 2538 3350 laqueo
2583 3273 2648 3332 in
2702 3277 3103 3331 transversum
3156 3268 3410 3330 deducto
3464 3268 3725 3347 sigillum

1144 3395 1376 3439 cereum
1403 3379 1599 3439 adhuc
1623 3381 2093 3457 integerrimum,
2124 3378 2227 3439 ubi
2266 3379 2634 3456 imperatoris
2670 3376 2893 3454 effigies
2920 3374 3032 3436 sub
3073 3375 3243 3434 solita
3267 3373 3463 3452 figura
3503 3373 3727 3435 inscul-

1146 3484 1326 3561 pitur.
1356 3484 1544 3545 Adest
1569 3485 1834 3560 eJusdem
1877 3485 2142 3545 mandati
2180 3485 2482 3561 exemplar
2522 3486 2586 3543 in
2630 3478 2894 3543 Chai-tul.
2927 3482 2995 3542 S.
3027 3480 3282 3542 Seu-vatic·
3304 3496 3404 3555 ap.
3442 3479 3719 3543 Biblioth.

1147 3588 1360 3665 imper.
1385 3590 1601 3662 Paris„
1632 3595 1681 3650 t.
1711 3590 1823 3662 ΙΙΙ,
1854 3590 1961 3650 sol.
1992 3599 2066 3651 42
2101 3606 2292 3663 verso,
2322 3597 2385 3651 et
2409 3597 2525 3650 239
2552 3587 2775 3668 verso.)

1008 3795 1444 3889 Fredericus,
1480 3801 1603 3873 Dei
1640 3801 1860 3894 gratia
1890 3802 2350 3873 Romanorum
2384 3801 2751 3896 imperator
2795 3820 3066 3893 semper
3103 3810 3480 3895 augustus,
3520 3804 3724 3875 Jeru-

914 3920 1124 3990 salem
1154 3930 1224 3992 et
1257 3919 1488 3993 Sicilie
1523 3944 1684 4013 rex,
1722 3922 2016 3995 Iohanni
2049 3923 2426 3996 venerabili
2459 3922 2816 3995 Leodiensi
2858 3923 3185 4019 episcopo
3231 3924 3479 3997 dilecto
3523 3926 3726 4022 prin-

914 4043 1047 4139 cipi
1083 4067 1211 4118 suo
1248 4046 1537 4138 gratiam
1575 4068 1772 4119 suam
1822 4057 1890 4119 et
1938 4069 2143 4119 omne
2193 4049 2480 4121 bonum.
2534 4047 3018 4141 Supplicarunt
3056 4049 3443 4121 celsitudini
3499 4061 3726 4124 nostre

913 4167 1217 4242 decanus
1262 4179 1332 4243 et
1373 4172 1750 4265 capitulum
1795 4172 2027 4243 Sancti
2062 4173 2364 4245 Servacii
2399 4174 2887 4266 Trajectenses,
2931 4174 3310 4269 cappellani
3363 4182 3432 4246 et
3484 4173 3725 4246 fideles

917 4294 1167 4385 nostri,
1218 4304 1295 4366 ut
1331 4295 1516 4389 ipsos
1557 4306 1626 4368 et
1669 4295 2052 4392 cappellam
2084 4297 2377 4369 eandem
2415 4318 2554 4390 que
2595 4297 2667 4367 iu
2712 4295 3016 4367 terminis
3061 4307 3177 4367 tue
3215 4296 3506 4368 diocesis
3543 4318 3723 4370 con-

916 4417 1151 4488 stituta
1204 4427 1273 4488 te
1322 4420 1598 4513 respicit
1645 4421 1718 4490 iu
1765 4420 2276 4515 spiritualibuS,
2328 4444 2486 4493 cum
2533 4421 2875 4493 universis
2925 4420 3359 4513 hominibus,
3414 4423 3612 4494 bonis
3656 4433 3725 4495 et

913 4540 1185 4629 juribus
1222 4542 1367 4613 suis
1419 4544 1910 4637 temporalibus
1959 4565 2098 4637 que
2148 4566 2272 4617 uos
2318 4554 2387 4617 et
2431 4545 2797 4640 imperium
2845 4544 3257 4638 respiciunt,
3308 4568 3467 4617 cum
3517 4568 3726 4643 super

923 4661 1217 4734 diversis
1248 4667 1769 4757 gravaminibus
1805 4667 1950 4738 suis
1986 4678 2055 4740 et
2086 4667 2381 4760 singulis
2413 4667 2505 4740 ad
2555 4688 2681 4739 nos
2722 4677 3145 4740 recurrerent
3189 4668 3625 4743 incommode
3658 4679 3728 4744 et

925 4783 1312 4878 difficulter,
1348 4786 1747 4862 deffensioui
1801 4800 1914 4863 tue
1951 4791 2071 4884 qui
2108 4789 2394 4863 comode
2435 4801 2628 4886 potes
2666 4788 3054 4882 intendere,
3091 4794 3516 4866 committere
3567 4795 3728 4888 dig-

3807 2300 4076 2347 wianbaden
4089 2318 4104 2345 ο

3852 2359 3903 2402 18
3923 2357 4048 2401 nan.
