4842 5802
1152 596 1275 658 aas
2187 595 2529 659 flammei
2576 594 2913 657 serum
3609 591 3766 674 [An.
3804 591 3974 651 1234.

1163 729 1582 811 sensionem
1647 741 1992 810 mutuam
2059 728 2439 833 spondens
2459 791 2482 835 ,
2532 736 2991 837 protestatur
3046 726 3250 833 quod
3312 723 3854 831 promissiones
3907 735 3981 804 et

1157 860 1592 969 juramenta
1613 921 1638 966 ,
1697 861 1797 942 ad
1859 858 2224 940 honorem
2294 860 2716 969 majestatis
2777 859 3030 969 regiae
3084 867 3159 938 et
3220 855 3642 964 specialiter
3703 855 3982 938 intuitu

1168 1017 1535 1099 personae
1605 1017 1787 1073 suae
1859 989 2056 1071 facta
2079 1053 2104 1095 ‚
2200 1017 2601 1101 nunquam
2675 993 2880 1074 ultra
2963 991 3377 1071 instantem
3457 987 3979 1069 necessitatem

1164 1125 1535 1206 extendet.

1326 1336 1518 1417 (Edit.
1549 1353 1647 1415 ap.
1676 1338 1939 1400 Hoetu.
1966 1337 2157 1412 Boio„
2185 1343 2333 1401 tom.
2363 1338 2560 1412 XXX,
2585 1354 2726 1416 pars
2764 1345 2843 1411 1⁸,
2873 1354 2935 1413 p.
2964 1344 3110 1409 2t8,
3138 1344 3207 1396 η’
3239 1343 3389 1406 724,
3416 1350 3494 1394 ex
3531 1332 3804 1410 originali
3830 1331 3988 1392 unde

1402 1443 1662 1521 sigillum
1686 1444 1860 1503 valde
1883 1444 2109 1505 lactum
2134 1444 2430 1521 appendet
2454 1461 2534 1505 ex
2559 1443 2677 1505 fllls
2703 1443 2902 1506 sericis
2928 1441 3095 1502 rubri
3120 1446 3181 1501 et
3206 1439 3466 1501 suhflavl
3488 1440 3717 1500 coloris.
3743 1469 3822 1484 —
3847 1437 3988 1499 Me-

1402 1554 1697 1609 mor-atum
1723 1566 1960 1627 quoque
1985 1566 2024 1611 a
2049 1550 2240 1611 Frlslo
2264 1567 2365 1627 ap.
2392 1551 2720 1625 Lnnswte,
2756 1545 3084 1612 Gescltscltr.
3113 1564 3224 1607 von
3261 1543 3510 1618 Wirzb„
3539 1563 3600 1623 p.
3637 1548 3804 1617 558.)

1263 1734 1670 1822 Heinricus,
1721 1734 1846 1806 Dei
1902 1735 2121 1827 gratia
2177 1737 2638 1808 Romanorum
2698 1758 2826 1809 rex
2855 1744 2926 1807 et
2957 1755 3232 1828 semper
3285 1740 3667 1826 augasma,
3727 1731 3994 1803 dilectis

1174 1855 1494 1929 fidelibus
1525 1857 1674 1928 suis
1710 1855 1997 1929 domino
2040 1858 2436 1931 Hermanno
2480 1859 2863 1932 venerabili
2919 1858 3280 1953 episcopo,
3339 1853 3568 1927 Ottoni
3608 1854 3986 1948 preposito,

1171 1979 1480 2051 Arnoldo
1525 1979 1790 2051 decano
1842 1980 2108 2073 totique
2154 1983 2456 2076 capitulo
2504 1982 2780 2075 majoris
2814 1980 3105 2054 ecclesie
3151 1976 3665 2071 Herbipolensis
3701 1976 3991 2068 gratiam

1172 2125 1368 2175 suam
1404 2113 1474 2173 et
1507 2123 1714 2175 omne
1744 2104 2031 2174 bonum.
2070 2103 2522 2196 Confitemur,
2571 2105 3037 2201 promittimus
3068 2112 3135 2175 et
3174 2100 3476 2198 presenti
3524 2098 3780 2194 pagina
3817 2118 3993 2192 pro-

1170 2236 1499 2298 testamur
1528 2226 1720 2318 quod
1757 2226 2240 2319 promissiones
2269 2237 2333 2298 et
2359 2229 2753 2318 juramenta
2782 2248 2921 2321 que
2955 2225 3050 2299 ad
3076 2226 3410 2298 honorem
3440 2233 3510 2295 et
3540 2221 3996 2294 reverentiam

1174 2350 1364 2441 regie
1391 2349 1765 2439 majestatis
1792 2359 1862 2420 et
1890 2351 2280 2443 specialiter
2305 2352 2557 2422 intuitu
2588 2371 2880 2447 persone
2905 2357 3137 2421 nostre
3148 2348 3481 2435 barones,
3525 2343 3999 2417 ministeriales

1177 2480 1246 2542 et
1277 2471 1467 2542 cives
1498 2471 2023 2565 Herbipolenses
2053 2486 2432 2565 spontanea
2487 2476 2840 2546 voluntate
2891 2480 2962 2545 et
2993 2472 3372 2544 liberaliter
3403 2470 3815 2556 emiserunt,
3872 2486 3999 2538 nec

1177 2593 1412 2666 dolose
1449 2594 1560 2664 vel
1594 2593 2067 2666 fraudulenter
2092 2596 2165 2666 in
2195 2598 2526 2668 lesionem
2557 2599 2673 2670 vel
2710 2616 3083 2688 gravamen
3131 2595 3440 2690 ipsorum
3482 2593 3855 2686 petivimus
3888 2588 4003 2660 vel

1177 2717 1573 2811 accepimus
1614 2738 1744 2786 nec
1778 2717 1986 2788 etiam
2018 2718 2354 2811 captiose,
2406 2741 2536 2791 nec
2573 2719 2999 2793 intendimus
3034 2718 3150 2790 vel
3199 2717 3529 2788 volumus
3572 2714 3819 2786 honori
3889 2720 4009 2785 aut

1172 2839 1633 2931 jurisdictioni
1664 2840 1952 2912 ecclesie
1978 2850 2205 2915 vestre
2233 2843 2342 2915 vel
2373 2863 2611 2915 eorum
2642 2866 2768 2939 per
2797 2841 3108 2937 predicta
3144 2841 3216 2911 in
3246 2839 3482 2933 aliquo
3515 2837 3858 2930 derogari,
3879 2856 4009 2907 nec

1179 2963 1537 3033 occasione
1562 2964 1936 3051 juramenti
1971 2965 2084 3035 vel
2118 2967 2593 3059 promissionis
2623 2970 2797 3039 facte
2828 2967 3169 3054 collectis,
3206 2961 3755 3049 extorsionibus,
3791 2979 4006 3049 anga-

1180 3085 1300 3154 riis
1330 3094 1452 3154 aut
1479 3083 1904 3177 perangariis
1932 3095 2055 3157 aut
2084 3089 2567 3161 exactionibus
2594 3099 2715 3161 aut
2747 3089 2902 3162 aliis
2931 3087 3357 3183 quibuslibet
3380 3080 4009 3155 machinationibus

1184 3226 1312 3276 vos
1343 3216 1466 3276 aut
1493 3207 1678 3299 ipsos
1707 3207 2157 3297 gravabimus
2188 3211 2301 3281 vel
2339 3211 2601 3282 turbari
2636 3209 2966 3283 volumus
3004 3211 3119 3282 vel
3152 3206 3535 3296 molestari,
3571 3226 3702 3276 nec
3735 3205 3810 3274 in
3844 3225 4012 3299 per-

1186 3329 1373 3400 sonis
1399 3330 1511 3403 vel
1547 3331 1614 3400 in
1643 3330 1853 3402 rebus
1886 3333 1997 3404 vel
2014 3332 2291 3424 juribus
2319 3336 2568 3406 vestris
2602 3356 2728 3407 vos
2758 3335 2871 3406 vel
2906 3334 3096 3430 ipsos
3122 3334 3198 3405 in
3236 3332 3472 3426 aliquo
3511 3328 3865 3424 impediri.
3900 3328 4014 3400 ln-

1190 3473 1396 3545 super
1431 3454 1502 3523 in
1547 3454 1870 3525 omnibus
1913 3456 1984 3526 in
2020 3458 2279 3548 quibus
2308 3458 2512 3530 nobis
2542 3459 2932 3549 juramenta
2966 3467 3037 3531 et
3068 3456 3562 3554 promissiones
3597 3456 3774 3525 facte
3815 3462 4012 3539 sunt,

1196 3577 1657 3669 promittimus
1693 3599 1820 3649 vos
1864 3588 1934 3649 et
1963 3579 2148 3672 ipsos
2184 3582 2470 3672 juvare,
2508 3582 2881 3655 defendere
2911 3590 2982 3654 et
3023 3581 3344 3654 assistere
3382 3577 3711 3665 fideliter,
3763 3576 3942 3647 sicut
3978 3595 4020 3644 a

1199 3700 1398 3770 vobis
1424 3711 1494 3772 et
1526 3701 1618 3774 ab
1655 3702 1824 3797 ipsis
1860 3702 2170 3797 predicta
2195 3706 2519 3778 volumus
2554 3706 2946 3796 observari,
2994 3727 3125 3778 nec
3151 3705 3444 3778 ulterius
3472 3699 3880 3793 juramentis
3907 3698 4016 3769 vel

1202 3823 1769 3917 promissionibus
1792 3847 1914 3898 eos
1943 3829 2389 3919 gravabimus
2429 3852 2559 3902 nec
2589 3852 2672 3903 ea
2697 3830 2986 3902 ulterius
3014 3839 3371 3925 petemus;
3413 3828 3507 3898 ita
3544 3822 3733 3917 quod
3772 3843 3859 3893 ea
3904 3839 4022 3912 pet·

1205 3948 1764 4037 consequentiam
1810 3970 1935 4043 pro
1967 3951 2470 4023 consuetudine
2505 3953 2644 4025 ullo
2679 3952 2891 4026 modo
2937 3954 3337 4046 exigamus,
3392 3946 3515 4019 sed
3550 3966 3631 4017 ea
3677 3944 3861 4014 ultra
3901 3942 4021 4010 in-

1207 4075 1501 4139 stantem
1537 4071 2012 4143 necessitatem
2047 4072 2332 4145 extendi
2378 4074 2703 4147 volumus
2749 4077 2892 4147 ullo
2932 4075 3168 4148 modo.
3219 4070 3620 4163 Recepimus
3649 4061 3859 4136 etiam
3896 4080 4020 4129 VOS

1207 4210 1366 4260 cum
1399 4190 1725 4261 universo
1770 4191 1953 4264 clero
1981 4203 2251 4282 vestro,
2289 4194 2625 4283 barones,
2687 4196 3167 4267 ministeriales
3202 4202 3272 4265 et
3318 4191 3502 4261 cives
3541 4192 3809 4253 vestros
3856 4180 4019 4249 uni-

1209 4332 1445 4383 versos
1476 4321 1545 4382 et
1590 4312 1900 4404 singulos
1930 4314 2065 4386 sub
2102 4326 2403 4387 nostram
2452 4318 2939 4411 prome-tionem
2982 4326 3053 4390 et
3094 4314 3392 4408 graciam
3428 4303 3830 4401 specialem3
3890 4319 4011 4369 VO·

1213 4435 1427 4505 lentes
1448 4434 1606 4524 jura
1642 4435 1928 4507 ecclesie
1953 4447 2181 4509 vestre
2214 4448 2284 4510 et
2311 4438 2660 4511 libertates
2702 4440 2793 4511 ab
2846 4440 3135 4532 antiquo
3165 4450 3519 4508 concessas
3549 4435 3617 4497 et
3648 4419 4014 4516 privilegia

1213 4556 1305 4628 ab
1341 4560 1885 4631 antecessoribus
1913 4562 2162 4632 nostris
2183 4573 2253 4635 et
2282 4584 2325 4635 a
2357 4563 2556 4634 nobis
2577 4563 2857 4635 obtenta
2883 4572 2954 4636 et
2988 4564 3059 4634 in
3081 4570 3423 4658 posterum
3453 4543 3854 4631 obtinenda,
3891 4543 4011 4612 iss-

1214 4679 1623 4753 violabiliter
1652 4682 2046 4756 observare.
2086 4682 2510 4777 Adjicientes
2537 4684 2729 4779 quod
2758 4687 2945 4761 cives
2984 4686 3059 4758 in
3086 4680 3489 4767 Wirceburg
3526 4678 3756 4741 nostra
3800 4665 4012 4759 gratia
4062 4619 4372 4971 r

3970 5138 4102 5237 ι.
4173 5138 4182 5163 .

3650 5247 4016 5662 Ἀ
4616 5509 4659 5672 ι
