4842 5802
1208 625 1329 686 922
2214 628 2637 691 Fltmnmcl
2688 630 3033 691 sncnmm
3653 626 3811 708 [Anu.
3850 626 4018 688 1236.

1214 759 1404 855 plum
1441 759 1562 854 qui
1600 757 1972 833 absorbens
2002 761 2296 834 fluvium
2322 785 2461 837 non
2491 766 2779 838 miratur
2806 774 2877 837 et
2907 785 3191 860 sperans
3218 763 3410 856 quod
3434 762 3753 836 Iordanis
3784 762 4026 832 influat

1214 882 1287 954 in
1325 903 1404 955 os
1446 883 1630 973 ejus,
1685 904 1813 955 suo
1855 893 1961 956 est
2005 893 2167 957 voto
2215 873 2613 976 fraudatae,
2663 909 2931 961 necnon
2980 897 3051 960 et
3090 887 3454 981 imperium
3499 906 3664 958 cure
3697 894 4027 979 perpetuo

1216 1005 1535 1095 tradidit,
1574 1016 1644 1078 et
1686 1007 2025 1079 nefarium
2076 1019 2405 1102 reputans
2452 1022 2532 1082 ut
2580 1012 2703 1083 ubi
2750 1021 2959 1106 caput
3010 1010 3218 1083 totius
3266 1009 3635 1082 christiane
3683 1006 4029 1101 religionis

1214 1129 1305 1200 ab
1364 1130 1773 1224 imperatore
1833 1131 2066 1204 celesti
2130 1131 2522 1227 disponitur
2548 1192 2564 1222 ‚
2627 1134 2884 1207 ibidem
2930 1143 3239 1208 terrenus
3286 1134 3654 1227 imperator
3702 1139 4031 1225 potestate

1219 1252 1455 1344 aliqua
1488 1253 1912 1346 fungeretur,
1951 1254 2210 1327 Italiam
2249 1253 2638 1351 Apostolice
2673 1257 3104 1353 dispositioni
3144 1256 3573 1350 relinquens,
3614 1255 3745 1327 sibi
3779 1275 4029 1327 novam

1220 1375 1294 1446 in
1329 1373 1568 1448 Grecia
1610 1375 2033 1448 mansionem
2069 1378 2317 1470 elegit3
2370 1379 2461 1452 de
2495 1402 2632 1474 qua
2668 1380 3103 1475 postmodum
3150 1380 3221 1451 in
3263 1400 3550 1474 persona
3606 1378 3848 1472 prefati
3878 1399 4033 1449 ma-

1224 1495 1455 1591 gnifici
1490 1499 1705 1570 Caroli
1744 1500 1866 1592 qui
1899 1501 2146 1591 jugum
2184 1523 2225 1573 a
2258 1503 2563 1576 Romana
2595 1505 2900 1577 Ecclesia
2932 1504 3058 1575 vix
3097 1502 3455 1577 ferendum
3493 1501 3888 1595 impositum
3920 1500 4032 1594 pia

1224 1620 1478 1693 debere
1531 1621 1767 1693 docuit
1810 1622 2175 1695 devotione
2229 1627 2523 1718 portari,
2574 1626 2788 1699 Sedes
2833 1626 3225 1721 Apostolica
3276 1626 3687 1697 transferens
3736 1624 3808 1693 in
3854 1622 4037 1695 Ger-

1225 1765 1488 1835 manOS,
1518 1744 2114 1839 predecessoribus
2141 1747 2279 1818 tuis
2307 1749 2485 1820 sicut
2518 1759 2588 1821 et
2622 1750 2693 1820 in
2734 1759 2852 1821 tua
2887 1769 3176 1842 persona
3213 1747 3455 1820 recolis
3486 1768 3640 1819 esse
3675 1748 3927 1817 factum
3964 1746 4037 1816 in

1227 1867 1754 1939 consecrationis
1796 1877 1866 1940 et
1915 1869 2335 1941 inunctionis
2371 1892 2692 1963 munere,
2730 1873 2898 1944 nihil
2945 1871 3037 1944 de
3090 1871 3472 1944 substantia
3527 1890 3653 1942 sue
3699 1867 4038 1960 jurisdic-

1226 1990 1430 2063 tionis
1468 1991 1907 2081 imminuens,
1949 1993 2216 2087 imperii
2250 1993 2550 2067 tribunal
2579 1995 2942 2091 supposuit
2971 2004 3040 2067 et
3068 1993 3282 2089 gladii
3314 2002 3723 2090 potestatem
3753 1992 3825 2063 in
3863 1993 4039 2064 sub-

1223 2123 1461 2187 secuta
1504 2115 1939 2188 coronatione
1975 2118 2350 2210 concessit,
2390 2140 2484 2190 ex
2519 2140 2660 2212 quo
2686 2119 2826 2210 juri
2864 2118 3253 2212 Apostolice
3286 2116 3487 2189 Sedis
3529 2126 3598 2189 et
3639 2136 3778 2188 non
3813 2116 4043 2186 minus

1225 2238 1389 2312 fidei
1434 2261 1518 2313 ac
1552 2238 1795 2312 honori
1831 2250 1951 2313 tuo
1999 2240 2334 2334 derogare
2381 2243 2847 2332 convinceris,
2899 2242 3066 2315 dum
3122 2243 3446 2314 factorem
3497 2240 3848 2335 proprium
3903 2259 4039 2309 non

1228 2364 1571 2457 agnoscis.
1623 2364 1729 2435 Ex
1766 2384 1850 2436 eo
1899 2373 2128 2436 autem
2170 2386 2307 2437 non
2343 2367 2683 2439 modicam
2723 2377 2954 2439 notam
3002 2365 3465 2439 indevotionis
3516 2363 3810 2436 incurris
3852 2360 4044 2455 quod

1231 2488 1431 2562 nobis
1466 2497 1535 2559 et
1583 2487 1900 2559 fratribus
1939 2489 2185 2559 nostris
2228 2490 2564 2583 sacrilegii
2609 2490 2948 2563 maculam
2977 2490 3246 2561 conaris
3274 2487 3687 2582 impingere,
3725 2485 3893 2579 quia
3927 2504 4045 2557 eos

1231 2611 1490 2705 quibus
1535 2633 1576 2683 a
1625 2625 1691 2682 te
1746 2612 2034 2684 ecclesie
2088 2633 2171 2683 ac
2225 2613 2683 2685 ecclesiastica
2745 2609 3082 2685 beneficia
3139 2612 3588 2683 conferuntur
3651 2616 4048 2702 reputantes

1235 2734 1579 2828 indignos,
1623 2734 1713 2807 de
1756 2747 1874 2807 tuo
1919 2734 2242 2808 videmur
2274 2735 2541 2827 judicio
2587 2736 2976 2831 disputare;
3009 2755 3148 2807 non
3185 2733 3546 2806 attendens
3580 2731 3771 2825 quod
3822 2750 4049 2801 sacer·

1240 2858 1434 2932 dotes
1483 2858 1728 2930 Christi
1782 2879 2023 2952 regum
2070 2867 2137 2930 et
2191 2859 2577 2956 principum
2630 2860 2937 2933 omnium
2988 2858 3296 2932 fidelium
3349 2867 3578 2953 patres
3623 2863 3693 2928 et
3745 2853 4051 2948 magistri

1237 2990 1628 3055 censentur.
1663 2981 1904 3053 Nonne
1935 2981 2342 3054 miserabilis
2372 2982 2640 3055 insanie
2685 3005 2838 3056 esse
2892 2983 3347 3078 cognoscitur,
3403 2981 3463 3052 si
3516 2979 3701 3051 filius
3749 2988 4046 3072 patrem,

1243 3104 1625 3199 discipulus
1660 3105 2061 3197 magistrum
2096 3114 2379 3177 conetur
2404 3125 2721 3198 arguere,
2754 3128 2799 3179 a
2833 3106 3090 3199 quibus
3124 3127 3259 3178 nou
3301 3105 3522 3176 solum
3559 3103 3629 3175 in
3666 3102 3889 3191 terriS,
3926 3100 4054 3174 sed

1243 3230 1317 3301 in
1354 3228 1517 3300 celis
1557 3248 1711 3301 sese
1754 3228 1947 3321 ligari
1982 3249 2183 3322 posse
2229 3229 2656 3301 institutione
2705 3230 2943 3303 divina
2993 3229 3323 3303 docetur?
3357 3229 3612 3300 Omnes
3661 3227 3882 3313 enim,
3925 3226 4057 3296 nisi

1245 3374 1539 3446 quorum
1574 3350 1817 3422 oculus
1847 3352 2080 3446 aliquo
2110 3352 2357 3424 erroris
2400 3354 2684 3446 pulvere
2731 3354 3111 3445 obturatur,
3144 3361 3528 3445 agnoscunt
3559 3350 3752 3443 quod
3780 3371 3939 3421 cum
3981 3357 4058 3419 tu

1251 3478 1398 3571 ipse
1435 3474 1822 3569 Apostolioe
1865 3475 2402 3566 examinationi,
2437 3477 2616 3549 sicut
2648 3486 2980 3550 testantur
3013 3476 3370 3572 premissa,
3401 3475 3758 3566 subJaceas
3782 3526 3803 3553 .
3845 3473 4059 3544 multo

1251 3600 1491 3692 fortius
1541 3599 1633 3671 de
1679 3599 1951 3672 illorum
2018 3620 2387 3693 possumus
2435 3599 2847 3694 indignitate
2913 3620 3324 3694 cognoscere
3361 3599 3488 3694 qui
3542 3597 3632 3670 de
3676 3618 3885 3668 manu
3940 3605 4059 3667 tua

1253 3733 1632 3796 noscuntur
1666 3722 2064 3816 dignitatem
2098 3724 2398 3818 aliquam
2436 3724 2848 3820 suscepisse,
2883 3745 2968 3796 eo
2994 3723 3193 3817 quod
3226 3719 3576 3815 quidquid
3606 3718 3861 3812 speciei
3892 3717 4059 3789 sub·

1248 3850 1506 3940 jicitur,
1549 3847 1638 3920 de
1669 3848 1783 3919 illo
1818 3869 2039 3942 genus
2075 3847 2459 3920 necessario
2495 3847 2910 3942 predicatur.
2953 3848 3098 3929 Hoc
3127 3848 3200 3918 in
3237 3844 3551 3941 personis
3587 3838 4064 3915 ecclesiasticis

1262 3972 1498 4064 negari
1533 3992 1670 4042 non
1713 3980 1933 4066 potest
1976 3972 2232 4065 quibus
2282 3993 2409 4045 nos
2441 3993 2534 4044 ex
2572 3972 3057 4046 constitutione
3095 3971 3333 4045 divina
3372 3966 3796 4063 preficimur;
3846 3965 4065 4056 impe-

1259 4097 1449 4167 rialis
1474 4116 1641 4166 vero
1687 4096 1985 4189 potentia
2015 4117 2106 4168 ex
2143 4096 2287 4167 sola
2332 4095 2777 4189 usurpatione
2806 4096 2880 4167 in
2909 4093 3308 4187 hujusmodi
3345 4093 3416 4163 in
3472 4089 3793 4183 injuriam
3845 4086 4067 4159 divini

1264 4220 1563 4293 nominis
1598 4220 1960 4312 aliquoties
2005 4218 2426 4311 dominatur,
2477 4220 2550 4291 in
2585 4240 2669 4292 eo
2710 4220 3049 4292 rhetorico
3095 4220 3323 4291 fucata
3363 4217 3586 4289 colore
3633 4212 3826 4308 quod
3882 4208 4070 4304 apud

1262 4365 1460 4436 reges
1511 4353 1844 4414 terrarum
1889 4351 1959 4413 et
1997 4342 2338 4436 principes
2381 4340 2474 4413 de
2510 4342 2813 4414 Ecclesia
2851 4364 2990 4435 que
3034 4362 3256 4435 usque
3295 4338 3503 4411 modo
3541 4357 3681 4409 non
3719 4333 4068 4407 modicum

1268 4466 1605 4561 imperiali
1642 4464 1943 4559 pepercit
1979 4462 2246 4555 honori,
2290 4474 2356 4536 te
2390 4462 2865 4557 depositurum
2910 4463 3250 4558 querelas,
3281 4459 3698 4555 quibusdam
3731 4455 3920 4549 apud
3951 4472 4072 4524 eos

1262 4594 1404 4682 jam
1439 4589 1794 4684 depositis,
1825 4588 2283 4661 comminaris.
2302 4589 2638 4662 Premissa
2665 4611 2943 4684 quoque
2967 4597 3602 4684 quantumcumque
3634 4584 3771 4655 sint
3800 4578 4065 4674 gravia,

1269 4722 1906 4807 quantumcumque
1960 4734 2002 4784 a
2047 4713 2227 4803 Juris
2276 4713 2548 4785 tramite
2596 4713 2733 4786 sint
2785 4724 3084 4805 remota,
3139 4712 3401 4785 minora
3453 4718 3681 4783 tamen
3733 4705 3806 4777 in
3857 4702 4079 4775 oculis
4210 4735 4221 4744 ›
