4842 5802
890 576 1088 673 ωιρτ.
1119 605 1206 694 9.]
1806 599 2200 664 msroma
2246 598 2830 664 DIPLOMATICA.
3591 596 3712 661 843

998 1214 1187 1298 Inde
1220 1213 1637 1325 imperator
1676 1213 1988 1298 veniens
2027 1211 2585 1296 Confluentiam
2599 1272 2624 1320 ‚
2665 1210 3112 1293 inferiorum
3159 1206 3493 1318 partium
3544 1205 3712 1287 mi-
3861 1215 4035 1272 {um-1

896 1345 1142 1429 litiam
1183 1346 1486 1430 invocat
1538 1355 1804 1430 contra
1838 1344 2418 1455 Longobardos·
2398 1405 2424 1451 ‚
2465 1345 2600 1427 sed
2640 1341 2905 1453 paucis
2958 1340 3104 1423 sibi
3170 1336 3710 1439 annuentibus,

900 1477 1181 1562 milites
1252 1478 1350 1561 de
1412 1478 1685 1563 Suevia
1745 1488 1823 1562 et
1883 1478 2173 1561 Alsatia
2240 1475 2385 1560 sibi
2459 1475 2805 1559 assumit.
2870 1474 3189 1558 Gonsrn.
3255 1472 3518 1556 Conon.
3589 1494 3713 1645 ap.

898 1609 1279 1722 Bormum,
1313 1619 1604 1712 Fontes,
1651 1623 1710 1695 t.
1751 1611 1849 1719 ΙΙ,
1888 1638 1969 1723 p.
2012 1611 2199 1696 569.

1317 1956 3286 1974 m-mffl*

1007 2267 1434 2352 Fridericus
1446 2328 1471 2370 ,
1513 2267 2035 2351 Romanorum
2089 2265 2530 2379 imperator„
2572 2265 3055 2376 privilegium
3090 2290 3137 2346 a
3174 2289 3256 2346 se
3305 2263 3473 2372 ipso
3522 2273 3727 2344 tem-
3798 2269 4133 2368 0⁰⁰3&stss

907 2427 1091 2513 pore
1121 2399 1338 2511 regni
1377 2400 1495 2483 sui
1522 2398 1813 2483 civibus
1833 2397 2412 2482 Coloniensibus
2438 2388 2824 2480 indultum
2849 2400 3162 2482 innovat
3187 2406 3264 2480 et
3286 2396 3728 2500 confirmat,

910 2533 1406 2645 conceditque
1459 2542 1546 2616 ut
1598 2558 1740 2616 nec
1776 2531 2066 2615 scabini
2121 2557 2260 2615 nec
2310 2531 2509 2615 cives
2562 2531 2664 2615 ob
2708 2531 2962 2615 debita
3015 2556 3149 2614 seu
3194 2530 3736 2639 promissiones

904 2666 1472 2776 cujuscumque
1510 2664 2050 2774 archiepiscopi
2088 2662 2562 2747 Coloniensis
2599 2673 2732 2746 aut
2749 2663 3059 2746 alterius
3084 2688 3482 2772 personae,
3504 2664 3736 2744 dam-

907 2798 1232 2908 nificari,
1271 2798 1590 2881 detineri
1628 2807 1763 2880 aut
1794 2796 2073 2908 injuste
2117 2797 2420 2910 gravari
2455 2796 2807 2881 debeant.

1070 3041 1296 3122 (Edidit
1310 3040 1699 3112 LAcoimm,
1729 3036 2097 3102 urkundenb.
2103 3038 2223 3121 fiir
2242 3039 2335 3100 die
2350 3038 2530 3122 qesclt.
2554 3038 2652 3100 des
2671 3037 3000 3114 Nioderrlt„
3020 3056 3134 3100 zw.
3151 3039 3335 3113 band,
3358 3057 3422 3118 p.
3453 3048 3735 3117 ποτ-108,

1154 3156 1226 3209 n⁰
1252 3155 1372 3209 205
1387 3189 1408 3221 ‚
1437 3163 1515 3209 ex
1539 3148 1816 3226 originali
1855 3149 1920 3208 in
1955 3148 2197 3209 archivo
2224 3150 2389 3208 civit.
2420 3147 2796 3209 Coloniensis.
2825 3147 3008 3208 Extat
3031 3163 3271 3225 quoque
3303 3163 3402 3225 ap.
3433 3142 3742 3208 Memor-iul

1149 3254 1219 3315 in
1247 3252 1477 3316 Sachen
1506 3250 1612 3314 der
1636 3251 1797 3316 stadt
1825 3249 1972 3316 Coln
1995 3271 2175 3336 qeqm
2198 3251 2313 3314 den
2331 3251 2546 3334 Erzb„
2573 3270 2718 3316 ann.
2751 3261 2927 3329 1768,
2957 3270 3019 3331 p.
3055 3251 3219 3331 191.)

1015 3464 1095 3535 In
1134 3461 1421 3553 nomine
1466 3469 1702 3534 sancte
1730 3469 1799 3534 et
1832 3459 2199 3536 individue
2242 3461 2612 3536 Trinitatis.
2661 3460 3062 3536 Fredericus
3101 3461 3453 3537 secundus
3494 3461 3734 3537 divina

919 3585 1205 3657 favente
1236 3584 1596 3658 clementia
1638 3583 2098 3657 Romanorum
2138 3584 2508 3680 imperator
2552 3606 2823 3680 semper
2857 3594 3220 3679 augustus,
3251 3586 3621 3659 Ierusalem
3665 3595 3736 3659 et

913 3707 1145 3781 Sicilie
1174 3729 1307 3779 rex
1341 3706 1860 3779 invictissimus.
1892 3707 2271 3802 imperialis
2300 3708 2708 3780 excellentia
2730 3708 2841 3780 sui
2870 3707 3170 3782 nominis
3194 3708 3427 3781 titulos
3449 3708 3734 3804 ampliat

915 3842 984 3908 et
1018 3832 1276 3906 extollit
1309 3853 1470 3905 cum
1509 3832 1743 3906 innato
1781 3832 2226 3927 benignitatis
2281 3833 2505 3927 gratia
2557 3831 2867 3906 fidelium
2925 3833 3171 3907 merita
3220 3854 3397 3928 quos
3448 3835 3730 3930 speciali

916 3962 1160 4034 favore
1210 3958 1663 4053 benignitatis
1689 3958 2162 4054 amplectitur,
2199 3968 2476 4056 propter
2505 3956 2738 4033 fidelia
2775 3968 2846 4033 et
2873 3967 3156 4054 accepta
3190 3961 3523 4055 obsequia
3557 3981 3733 4056 pro-

915 4083 1121 4181 spicit
1150 4093 1471 4156 eteorum
1487 4084 1714 4175 justas
1736 4082 2211 4157 favorabiliter
2232 4083 2600 4178 petitiones
2630 4081 2952 4156 admittit.
2987 4083 3364 4179 Eapropter
3387 4084 3730 4158 universis

910 4205 1235 4280 fidelibus
1261 4205 1532 4301 imperii
1564 4214 1706 4298 tam
1742 4205 2175 4300 presentibus
2209 4227 2420 4300 quam
2451 4206 2702 4278 futuris
2735 4206 3057 4279 volumus
3086 4227 3239 4279 effic
3263 4216 3503 4279 notum
3533 4206 3726 4302 quod

922 4331 1111 4405 cives
1145 4330 1612 4417 colonienses,
1650 4329 1882 4403 dilecti
1916 4329 2154 4404 fideles
2192 4332 2433 4423 nostri,
2470 4329 2755 4405 celsitud
2763 4331 2857 4402 ini
2895 4339 3123 4403 nostre
3138 4329 3490 4425 quoddam
3510 4331 3729 4425 privi-

913 4454 1174 4548 legium
1212 4453 1315 4528 eis
1350 4461 1665 4551 tempore
1698 4453 1891 4548 regni
1923 4455 2137 4527 nostri
2165 4454 2514 4528 indultum
2554 4465 2786 4529 nostre
2826 4455 3235 4528 excellentie
3278 4456 3720 4544 obtulerunt;

835 4673 841 4682 δ
915 4577 1261 4651 humiliter
1288 4577 1753 4674 supplicantes
1788 4586 1867 4651 ut
1896 4578 2124 4674 ipsum
2158 4578 2601 4673 privilegium
2623 4579 3082 4652 eisinnovare
3108 4587 3177 4653 et
3205 4577 3612 4654 confirmare
3634 4579 3726 4655 de

917 4709 1145 4776 nostra
1171 4701 1395 4792 gratia
1430 4702 1914 4796 dignaremur3
1951 4703 2151 4794 cujus
2186 4709 2382 4774 tenor
2404 4703 2562 4775 talis
2589 4712 2735 4777 erat
2775 4731 2793 4776 ε
