4842 5802
887 649 1088 707 lamet.
1121 634 1206 719 8.]
1782 627 2177 689 HISTORIA
2232 625 2817 686 DIPLOMATICA.
3587 618 3707 681 '159

891 776 1136 847 bemus
1188 789 1281 840 ex
1331 774 1559 837 nostre
1612 763 1832 854 gratia
1884 762 2282 853 majestatis.
2337 759 2449 831 Ad
2498 759 2705 849 hujus
2757 754 2863 851 (a)
2911 756 3146 849 itaque
3204 754 3702 827 ratihabitionis

892 893 1289 968 memoriam
1309 941 1328 976 ‚
1363 893 1728 980 ,presentes
1763 885 2018 958 litteras
2053 883 2221 958 inde
2266 881 2417 955 fieri
2463 893 2530 954 et
2585 891 2815 953 nostre
2863 879 3235 971 majestatis
3285 879 3508 973 sigillo
3536 881 3701 971 J'us-

891 1019 1109 1091 simus
1135 1009 1571 1087 communiri.

988 1141 1238 1210 Datum
1274 1131 1661 1226 Maguncie,
1693 1130 2027 1204 vicesimo
2058 1130 2268 1203 tercio
2304 1129 2583 1222 augusti
2603 1181 2622 1216 ,
2663 1127 2837 1200 vm·
2868 1125 3264 1198 indictione.

2644 1457 3283 1470 mma-

1006 1763 1064 1847 F
1065 1764 1430 1865 ridericus
1452 1826 1476 1869 ,
1516 1765 2034 1847 Romanorum
2077 1762 2523 1871 imperator,
2562 1786 2804 1870 papae
2840 1762 3138 1842 nuntiat
3172 1787 3265 1843 ex
3299 1762 3712 1848 deliberato
3792 1778 4096 1885 tffiffifflff

901 1923 1078 1978 cum
1131 1896 1598 2007 principibus
1623 1894 1948 2005 ‘imperii
2002 1896 2315 1978 consilio
2371 1921 2452 1977 se
2504 1894 3041 1978 Lombardiam
3104 1895 3408 1976 ineunte
3460 1895 3715 1980 futuro
3841 1885 4060 1938 ‘mm'

904 2026 1122 2136 aprili
1161 2029 1530 2110 hostiliter
1564 2026 2129 2136 ingressurum,
2171 2025 2315 2107 nisi
2372 2014 2762 2135 negotium
2800 2025 3299 2109 Lombardiae
3334 2029 3540 2136 quod
3577 2029 3717 2137 ipsi

905 2184 1147 2267 papae
1165 2160 1576 2266 commisit,
1616 2160 1699 2239 in
1736 2158 1931 2240 festo
1954 2157 2244 2240 Natalis
2268 2158 2574 2239 Domini
2608 2158 2955 2267 proximo
2983 2159 3451 2241 terminetur.

1063 2399 1410 2475 (Memorat.
1446 2402 1511 2461 in
1536 2356 1835 2460 Summar.
1858 2396 2211 2480 privileqior.
2243 2396 2376 2461 eccl.
2418 2400 2686 2471 Roman„
2716 2414 2792 2459 ex
2835 2399 2968 2461 cod.
3002 2400 3229 2460 cardin.
3262 2370 3566 2477 ottoboni,
3611 2417 3710 2477 ap.

1148 2506 1448 2567 Mum:
1474 2514 1534 2567 et
1557 2506 1847 2581 Duum),
1873 2503 2151 2585 Ampliss.
2171 2502 2409 2582 collect„
2440 2510 2485 2566 t.
2519 2506 2607 2579 11,
2635 2507 2741 2566 col.
2782 2505 2982 2584 12⁴4.)

1004 2719 1253 2793 Littera
1296 2718 1618 2793 Friderici
1666 2719 1984 2812 ejusdem
2003 2773 2025 2811 ,
2067 2719 2533 2814 imperatoriS,
2569 2719 2945 2793 Jerusalem
2991 2726 3059 2790 et
3091 2717 3318 2791 Sicilie
3351 2718 3560 2813 regis,
3594 2718 3722 2793 do-

905 2842 1094 2915 mino
1136 2842 1462 2937 Gregorio
1512 2864 1730 2939 papae
1774 2843 2035 2917 directa
2090 2864 2215 2939 per
2277 2864 2492 2938 quam
2537 2842 2602 2917 ei
2652 2840 2992 2937 significat
3043 2841 3234 2937 quod
3284 2865 3491 2938 super
3544 2844 3723 2917 facto

910 2967 1453 3041 Lombardorum
1489 2989 1614 3060 pro
1639 2988 1780 3061 quo
1815 2966 2048 3040 dictus
2090 2965 2414 3040 dominus
2451 2988 2630 3062 papa
2671 2967 3073 3061 magistrum
3127 3020 3144 3036 .
3176 3020 3194 3038 .
3232 3021 3249 3038 .
3304 2967 3622 3038 nuntium
3659 2977 3725 3042 et

910 3091 1313 3186 scriptorem
1348 3114 1555 3164 suum
1590 3091 1685 3166 ad
1725 3091 1956 3187 ipsum
1990 3091 2305 3182 miserat,
2350 3112 2512 3163 cum
2548 3089 2973 3186 principibus
3012 3089 3279 3184 imperii
3316 3091 3389 3161 in
3424 3092 3727 3184 generali

891 3215 1104 3288 'curia
1140 3213 1536 3307 Magantiae
1585 3213 1963 3306 celebrata,
2020 3214 2520 3288 deliberaverat
2562 3212 2694 3308 (⁴),
2742 3214 3131 3303 juramento
3185 3235 3394 3309 super
3441 3214 3577 3287 hoc
3607 3235 3732 3309 per

914 3336 1201 3410 eosdem
1248 3339 1596 3433 principes
1663 3337 2001 3433 corporali
2051 3340 2377 3432 praestito
2439 3337 2513 3409 in
2575 3337 2919 3432 principio·
2969 3348 3133 3408 tunc
3198 3337 3409 3408 futuri
3473 3335 3731 3410 mensis

917 3458 1151 3552 aprilis
1183 3460 1371 3554 ipsos
1401 3459 1822 3533 Lombardos
1853 3460 2169 3553 aggredi,
2215 3470 2284 3533 et
2327 3460 2519 3554 quod
2564 3481 2686 3553 per
2730 3459 2906 3532 duos
2953 3460 3224 3532 viarum
3270 3460 3534 3552 aditus,
3595 3462 3729 3532 sci·

918 3581 1077 3652 licet
1133 3603 1253 3675 per
1312 3582 1648 3656 Basileam
1692 3592 1762 3656 et
1798 3582 2227 3677 Augustam,
2281 3583 2763 3657 Lombardiam
2823 3583 3221 3656 introibunt.
3269 3583 3730 3659 Nihilominus

922 3712 1151 3776 tamen
1194 3703 1339 3800 ipse
1388 3704 1754 3799 imperator
1795 3705 2155 3778 committit
2194 3715 2413 3779 totum
2448 3707 2751 3800 ipsorum
2797 3706 3333 3780 Lombardorum
3378 3708 3729 3802 negotium

921 3825 1184 3899 domini
1246 3849 1467 3922 papae
1519 3828 1800 3902 arbitrio
1856 3828 2363 3924 disponendum
2406 3850 2633 3924 usque
2690 3830 2782 3903 ad
2840 3832 3087 3904 festum
3144 3830 3400 3904 Natalis
3455 3831 3728 3904 Domini

920 3959 1087 4025 tunc
1122 3952 1480 4047 proxime,
1514 3952 1719 4045 juxta
1749 3960 2054 4027 tenorem
2098 3953 2334 4048 scripti
2379 3976 2589 4027 aurea
2634 3954 2822 4027 hulla
2861 3954 3199 4050 imperiali
3245 3955 3495 4048 signati
3540 3954 3728 4049 quod

1004 4123 1092 4204 (a)
1133 4126 1205 4187 In
1230 4129 1513 4203 impresso
1539 4123 1674 4203 has,
1705 4128 1880 4189 male.

995 4443 1070 4516 (4)
1112 4464 1139 4499 ι
1161 4445 1223 4502 In
1247 4444 1440 4502 eadem
1465 4445 1614 4504 curia
1645 4484 1859 4504 .....
1885 4443 2172 4519 postulavit
2198 4460 2230 4501 a
2257 4443 2589 4517 principibus
2616 4444 2873 4502 auxilium
2893 4449 3079 4504 contra
3102 4445 3445 4505 Lombardos.
3475 4466 3503 4501 ι
3531 4447 3732 4507 Annal.

926 4539 1148 4610 Amant.
1180 4555 1268 4614 ap.
1307 4541 1609 4614 Βοειυιιςιι,
1634 4542 1855 4614 Fontes,
1885 4547 1925 4598 t.
1955 4542 2056 4613 111,
2082 4557 2141 4615 p.
2168 4543 2292 4597 ⁴09.
2322 4540 2403 4597 Cf.
2436 4540 2688 4614 epistolas
2710 4540 2951 4613 Gregorii
2978 4541 3084 4611 IX,
3121 4544 3189 4599 22
3217 4543 3480 4616 septemb.
3513 4550 3652 4605 ⁴235
3680 4553 3735 4603 et

930 4631 991 4688 2⁴
1028 4634 1204 4690 martii
1233 4639 1396 4707 ⁴236,
1426 4643 1482 4693 et
1506 4638 1797 4711 praecipue
1823 4637 2154 4713 encyclicam
2177 4636 2434 4695 Friderici
2460 4636 2647 4709 ipsius,
2681 4653 2841 4710 quam
2880 4638 3022 4694 circa
3040 4638 3251 4711 junium
3294 4643 3433 4698 ⁴236
3474 4643 3544 4699 ad
3583 4659 3737 4717 reges

930 4725 1105 4799 misit,
1122 4734 1180 4786 et
1203 4730 1420 4805 incipit:
1448 4735 1622 4790 Inviti
1645 4733 1935 4808 loquimur.
