4842 5802
1242 643 1362 705 566
2281 646 2623 708 mammet
2673 646 3006 708 sssP'rml
3684 653 3843 731 [An.
3882 656 4056 719 1232.

1237 784 1623 857 monetam
1663 775 1868 884 apud
1906 776 2113 858 Stein
2151 776 2250 860 ab
2286 777 2606 887 imperio
2642 777 3051 861 tenendam
3086 787 3162 861 et
3187 776 3405 887 juxta
3435 785 4059 869 consuetudinem

1237 907 1755 990 renovandam
1790 909 2157 993 concedit.

1394 1119 1684 1199 (Exti-act.
1723 1123 1921 1198 potius
1940 1138 2124 1200 quam
2164 1122 2393 1184 editum
2428 1138 2526 1200 ap.
2558 1122 2805 1201 Mam,
2832 1123 2942 1183 Die
2967 1124 3311 1184 Bructeaten
3334 1120 3440 1183 der
3464 1123 3741 1200 Schwetz,
3769 1143 3829 1205 p.
3861 1137 3962 1204 60,
3990 1134 4055 1193 ln

1469 1223 1866 1309 Mittloeilunq.
1899 1224 2312 1309 derantiquar.
2346 1224 2636 1310 quenula.
2667 1228 2735 1287 in
2759 1227 2999 1307 ΖιιήσΙι,
3020 1236 3163 1290 tom.
3193 1230 3305 1291 111.
3324 1229 3529 1309 Usque
3544 1231 3763 1307 adhuc,
3786 1233 3894 1294 sed
3918 1250 4053 1311 per·

1465 1346 1671 1408 peram
1706 1330 1959 1393 Henrieo
1984 1335 2157 1394 tertio
2185 1334 2560 1413 privilegium
2589 1332 3011 1412 tribuebatur.)

1324 1516 1725 1604 Heinricus,
1777 1517 1900 1590 Dei
1938 1518 2158 1612 gratia
2199 1519 2661 1593 Romanorum
2701 1540 2831 1592 rex
2874 1527 2942 1591 et
2983 1540 3255 1614 semper
3291 1531 3664 1616 augustus,
3710 1521 4054 1595 universis

1226 1639 1497 1734 imperii
1530 1638 1884 1731 fidelibus,
1924 1650 2092 1733 etc„
2135 1643 2427 1737 gratiam
2463 1663 2659 1715 suam
2708 1653 2778 1715 et
2821 1663 3028 1715 omne
3056 1642 3346 1715 bonum.
3386 1643 3497 1718 Ad
3532 1645 3840 1719 notitiam
3888 1646 4048 1718 uni·

1226 1783 1609 1853 versorum,
1648 1771 1815 1853 etc„
1851 1764 2174 1860 cupimus
2196 1765 2555 1859 pervenire
2580 1765 2772 1859 quod
2805 1786 2958 1856 nos,
2996 1764 3090 1839 ad
3118 1765 3569 1839 imitationem
3599 1767 3831 1840 dilecti
3855 1769 4050 1862 geni-

1223 1886 1388 1958 toris
1420 1886 1632 1958 nostri
1674 1885 1936 1959 domini
1976 1887 2439 1961 Romanorum
2486 1887 2919 1983 imperatoris
2955 1885 3095 1982 (⁴),
3151 1886 3401 1961 dilecto
3451 1887 3636 1963 fideli
3683 1899 3916 1963 nostro

1221 2008 1454 2081 abbati
1481 2008 1573 2081 de
1599 2009 1827 2082 Steine
1862 2009 2279 2083 indulsimus
2315 2019 2659 2084 monetam
2695 2009 2886 2105 apud
2923 2010 3154 2082 Steine
3185 2031 3227 2082 a
3259 2011 3459 2083 nobis
3503 2021 3573 2084 et
3616 2012 3908 2108 imperio
3944 2022 4046 2087 te-

1220 2130 1519 2205 nendam
1572 2141 1639 2204 et
1674 2133 1880 2224 juxta
1934 2154 2190 2207 morem
2239 2132 2551 2206 debitum
2605 2142 2674 2206 et
2716 2131 3278 2207 consuetudinem
3336 2134 3777 2229 approbatam
3829 2157 4045 2208 reno—

1216 2254 1521 2328 vandam
1547 2307 1568 2344 ‚
1625 2255 2223 2349 quemadmodum
2278 2257 2624 2352 principes
2678 2258 2888 2329 nostri
2940 2265 3010 2330 et
3067 2256 3339 2353 imperii
3387 2279 3549 2330 suas
3590 2267 3900 2330 monetas
3955 2259 4046 2331 de

1215 2389 1441 2452 nostra
1482 2380 1701 2472 gratia
1734 2388 1802 2452 et
1837 2382 2286 2477 permissione
2316 2382 2494 2455 soliti
2528 2389 2690 2453 sunt
2723 2380 3114 2477 permittere
3149 2378 3297 2476 (sic)
3333 2390 3403 2453 et
3430 2402 3801 2473 renovare;
3846 2403 4042 2453 man-

1213 2503 1481 2592 dantes,
1526 2513 1692 2592 etc.,
1736 2513 1805 2576 et
1836 2506 2288 2601 precipientes
2316 2514 2395 2576 ut
2431 2505 2665 2576 nullus
2709 2505 2799 2576 sit
2834 2501 3012 2601 [qui]
3044 2505 3270 2600 ipsum
3305 2505 3626 2578 abbatem
3660 2506 3734 2577 in
3770 2514 4043 2578 moneta

1210 2627 1343 2722 ipsi
1389 2647 1431 2698 a
1473 2626 1673 2698 nobis
1714 2635 1783 2698 et
1832 2626 2114 2699 domino
2154 2628 2566 2721 imperatore
2615 2626 2964 2699 licentiata
2997 2636 3067 2699 et
3102 2626 3370 2699 indulta
3405 2627 3659 2700 audeat
3706 2625 4042 2721 impedire

1209 2771 1332 2822 seu
1367 2749 1818 2820 molestare...

1307 2874 1556 2944 Datum
1604 2870 1798 2967 apud
1842 2872 2263 2966 Sibidatum,
2324 2894 2508 2947 anno
2555 2872 2828 2947 Domini
2879 2873 2974 2946 M.
3002 2868 3188 2971 [CC.]
3207 2871 3500 2964 XXXII,
3548 2871 3674 2944 XV
3711 2872 4040 2948 kalendas

1211 2995 1409 3087 maii,
1450 2993 1828 3069 indictione
1861 2997 1947 3068 V.

839 3521 1114 3629 sibfflffim,
1318 3531 1726 3634 Henricus‚
1768 3530 2290 3614 Romanorum
2333 3555 2467 3613 rex
2482 3590 2506 3638 ‚
2545 3529 2826 3614 Sifrido
2871 3529 3430 3640 archiepiscopo
3473 3528 3917 3640 Maguntino
3961 3538 4037 3612 et

852 3632 908 3673 ²⁷
934 3631 1101 3684 Ῥω
1213 3666 1570 3750 ecclesiae
1624 3663 1791 3774 ejus
1844 3662 2244 3772 confirmat
2278 3663 2767 3748 donationem
2812 3663 3278 3772 principatus
3315 3663 3669 3746 ecclesiae
3703 3663 4027 3747 Lauris-

1212 3799 1452 3884 sensis
1516 3825 1561 3881 a
1616 3807 1829 3906 patre
1881 3822 2021 3880 suo
2075 3797 2152 3878 in
2203 3822 2344 3879 sua
2377 3797 2801 3905 praesentia
2836 3797 3083 3880 eidem
3121 3795 3680 3904 archiepiscopo
3714 3796 4019 3877 factam.

1370 4010 1397 4090 (
1412 4010 1651 4071 Edider.
1694 4009 1983 4089 Jomms,
2013 4012 2145 4069 Rer.
2175 4010 2443 4090 Mequnt.
2473 4008 2701 4087 script„
2747 4012 2797 4068 t.
2826 4007 2952 4082 111,
2998 4023 3061 4084 p.
3101 4014 3202 4067 99.
3243 4038 3323 4053 -
3348 4005 3579 4079 Lume,
3607 4002 4017 4074 Reichsarcldv,

1444 4121 1495 4176 t.
1524 4113 1689 4185 XVI.
1718 4129 1781 4190 p.
1811 4122 1910 4191 84,
1940 4114 2117 4175 ambo
2141 4120 2344 4174 tamen
2368 4115 2569 4175 minus
2589 4116 2853 4191 integre,
2891 4114 3232 4191 praesertim
3255 4113 3456 4190 quoad
3482 4113 3723 4173 metium
3747 4113 4022 4186 nomina3

1442 4238 1598 4301 quae
1634 4227 1837 4282 tamen
1878 4224 2244 4284 restituimus
2280 4237 2356 4283 ex
2398 4221 2529 4282 cod.
2560 4220 2838 4283 Biblioth.
2878 4221 3191 4302 stuttgart.
3220 4221 3465 4294 Ecstor„
3505 4229 3575 4280 η’
3600 4228 3742 4294 247,
3788 4218 3893 4280 fol.
3948 4227 4021 4279 1⁵

1446 4326 1656 4406 recto.)

1277 4566 1352 4640 (4)
1389 4566 1636 4624 Fueritne
1668 4565 1722 4622 id
1766 4565 2099 4639 privilegium
2133 4564 2458 4623 monasterio
2506 4564 2771 4623 Steinensi
2817 4577 3134 4623 concessum
3170 4563 3313 4637 quod
3356 4579 3520 4638 supra
3566 4561 3983 4621 memoravimus
4002 4600 4017 4631 ‚

1205 4682 1263 4739 p.
1289 4666 1428 4733 329,
1460 4680 1529 4720 an
1558 4662 1699 4719 aliud
1717 4704 1732 4733 ,
1762 4663 2020 4737 temporis
2048 4669 2224 4721 tamen
2254 4663 2523 4737 ejusdem,
2554 4678 2660 4720 nou
2695 4660 2855 4736 plane
2879 4661 3096 4720 scimus.
3126 4660 3209 4718 ef.
3241 4661 3298 4717 in
3324 4659 3724 4718 Additamentis
3749 4659 3817 4717 ad
3861 4657 4022 4730 hujus

1206 4759 1490 4819 voluminis
1512 4759 1735 4817 calcem.
