4842 5802
1186 655 1308 716 970
2101 658 2353 719 INDEX
2402 660 3105 722 DOCUMENTORUM.

1217 856 1438 932 1233

1210 994 1281 1044 14
1311 997 1450 1061 aug.
1512 983 1628 1060 Ap.
1645 983 1915 1045 Castrum
1963 1018 2044 1029 —
2081 986 2365 1066 Gregorio
2403 1006 2589 1067 papae
2633 997 2840 1052 notum
2882 989 3026 1051 facit
3062 1004 3127 1050 se
3168 1004 3276 1065 pro
3318 992 3486 1063 parte
3528 1002 3637 1047 sua
3680 991 3742 1045 et
3777 983 3885 1044 filii
3930 986 4022 1045 sui

1560 1079 1870 1141 Johannis.
2041 1089 2232 1144 ratam
2259 1084 2476 1148 habere
2500 1091 2897 1165 provisionem
2943 1086 3021 1147 ab
3064 1087 3194 1163 ipso
3236 1099 3392 1162 papa
3433 1083 3652 1143 factam
3694 1098 3871 1160 super
3896 1081 4022 1141 dis-

2043 1180 2242 1240 cordia
2269 1182 2427 1242 inter
2452 1200 2516 1244 se
2538 1190 2598 1243 et
2623 1183 3011 1244 Lombardiae
3038 1183 3376 1244 societatem
3402 1185 3686 1240 vertente.
3905 1188 4014 1238 451

1256 1280 1405 1351 sept.
1500 1273 1570 1333 In
1605 1273 1751 1333 urhe
1782 1272 1937 1333 felici
1966 1306 2047 1320 —
2083 1275 2299 1336 Ursoni
2336 1277 2722 1358 Agrigentino
2761 1282 3055 1357 episcopo,
3083 1279 3160 1339 ad
3186 1275 3527 1352 exemplum
3567 1273 4025 1352 praedecessoris

1566 1370 1870 1430 Panormi.
2045 1375 2137 1432 sui
2184 1375 2338 1453 regis
2390 1375 2688 1437 Guillelmi
2725 1377 2818 1447 11,
2864 1376 3137 1437 concedit
3180 1373 3512 1435 libertatem
3551 1369 3902 1432 extmhendi
3950 1371 4027 1431 de

2046 1475 2222 1545 portu
2249 1470 2558 1549 Agrigenti
2583 1478 2872 1533 trecentas
2898 1472 3116 1535 salmas
3140 1470 3420 1530 frumenti
3447 1469 3778 1529 annuatim.
3908 1475 4025 1527 ⁴53

1968 1597 2049 1608 —
2088 1565 2328 1627 Civibus
2369 1568 2805 1629 Panormitanis
2842 1585 2946 1646 per
2984 1568 3234 1644 speciale
3267 1564 3640 1644 privilegium
3667 1564 3937 1625 concedit
3962 1570 4032 1625 ut

2048 1679 2170 1722 non
2205 1663 2576 1725 obstantibus
2615 1663 3134 1725 constitutionibus
3171 1662 3403 1725 Melflae
3447 1661 3654 1738 editis,
3681 1662 3771 1722 uti
3805 1663 4031 1738 possint

2047 1773 2251 1817 eorum
2294 1759 2817 1820 consuetudinibus
2860 1758 3196 1837 approbatis
3226 1775 3243 1816 ε
3273 1759 3495 1819 scilicet
3535 1765 3607 1818 ut
3645 1757 3845 1819 nullus
3884 1758 4033 1817 civis

2050 1856 2179 1931 cogi
2206 1853 2418 1915 debeat
2441 1859 2599 1916 exire
2626 1857 2699 1917 de
2722 1857 2959 1917 civitate
2984 1856 3062 1918 ad
3088 1856 3487 1932 causandum,
3512 1861 3631 1917 etc.
3913 1862 4027 1912 454

1973 1982 2047 1996 -
2090 1947 2634 2034 [Cremonensibus]
2672 1955 2999 2031 gratulatur
3044 1953 3205 2031 quod
3249 1954 3322 2013 T.
3361 1952 3435 2012 de
3483 1945 3777 2032 [Aquino]
3823 1953 4033 2010 nuntio

2048 2064 2156 2108 suo
2183 2049 2530 2126 obsequium
2558 2051 2953 2124 exhibuerint,
2985 2067 3199 2129 eosque
3225 2056 3424 2114 monet
3445 2066 3511 2111 se
3536 2049 3614 2110 ad
3638 2063 3839 2109 eorum
3866 2046 4032 2107 exal·

2051 2146 2334 2205 tationem
2358 2148 2426 2206 in
2452 2150 2724 2224 proxlmo
2751 2149 3208 2224 praesentialiter
3232 2147 3651 2209 adventurum.
3914 2152 4030 2203 455

1974 2274 2054 2285 -
2089 2241 2368 2320 Gregorio
2389 2261 2575 2321 papae
2602 2246 2806 2306 scribit
2840 2263 2905 2306 se
2930 2252 3201 2323 paratum
3227 2262 3354 2306 esse
3380 2244 3457 2304 ad
3482 2244 3887 2322 praeliandum
3913 2258 4036 2303 una

2053 2354 2190 2398 cum
2217 2340 2344 2415 ipso
2383 2347 2589 2401 contra
2625 2341 2820 2402 hostes
2843 2340 3011 2413 fidei;
3042 2342 3118 2401 de
3146 2340 3427 2402 fratribus
3451 2356 3593 2400 vero
3618 2339 4036 2416 praedicatori-

1230 1577 1302 1628 12
1327 1572 1446 1628 oct.
1506 1562 1571 1622 In
1606 1561 1754 1623 urhe
1787 1561 1938 1622 felici

1567 1660 1869 1720 Panormi.

1247 2257 1280 2307 3
1309 2246 1435 2306 dec.
1594 2244 1861 2304 Buterae.

2056 2435 2168 2495 bus
2209 2434 2288 2494 ad
2334 2435 2686 2497 Sarracenos
2730 2438 3011 2498 Luceriae
3054 2437 3357 2498 mittendis
3398 2452 3506 2513 pro
3550 2451 3754 2496 eorum
3789 2449 4034 2495 conver-

2055 2533 2248 2608 sione,
2280 2533 2598 2608 respondet
2623 2541 2692 2595 ut
2716 2538 2909 2595 securi
2935 2536 3192 2598 veniant.
3919 2539 4032 2589 457

1980 2660 2059 2673 -
2096 2627 2191 2688 Ad
2217 2645 2416 2705 preces
2443 2628 2626 2689 Ulrici
2653 2629 2885 2691 abbatis
2913 2631 3252 2691 monasterii
3277 2629 3352 2689 de
3386 2628 3605 2705 Cappel
3650 2628 3809 2705 apud
3852 2628 4041 2687 Ture-

2059 2740 2200 2803 gum
2219 2769 2238 2802 ‚
2281 2742 2416 2785 eum
2446 2733 2507 2786 et
2533 2734 2891 2788 conventum
2921 2731 3052 2805 ejus
3075 2744 3211 2788 cum
3240 2726 3411 2787 bonis
3439 2728 3500 2785 in
3547 2727 3908 2802 protectione
3934 2740 4043 2784 sua

2060 2823 2308 2898 suscipit
2323 2864 2341 2894 ,
2386 2829 2445 2882 et
2480 2822 2591 2882 sub
2631 2839 2817 2900 poena
2858 2824 3283 2903 indignationis
3324 2838 3468 2883 suae
3515 2821 3746 2882 inhibet
3788 2837 3864 2880 ne
3909 2821 4044 2897 quis

2063 2918 2334 2980 eumdem
2369 2922 2432 2979 in
2460 2921 2801 2982 hominibus
2838 2928 2898 2982 et
2936 2919 3399 2998 possessionibus
3438 2919 3698 2980 indebite
3737 2919 4048 2979 molestare

2061 3022 2420 3091 praesumat.
3923 3021 4043 3073 458

1284 3116 1439 3200 [dec.
1561 3116 1921 3196 Syracusis.]
1988 3146 2067 3157 —
2104 3115 2408 3176 Universis
2435 3116 2509 3175 de
2537 3132 2719 3193 regno
2744 3133 2854 3177 suo
2881 3116 3108 3177 inhibet
3132 3133 3208 3177 ne
3232 3115 3339 3176 ulli
3363 3115 3621 3176 filiorum
3660 3115 3756 3176 vel
3791 3112 4047 3173 filiarum

2070 3213 2239 3289 regni
2281 3214 2719 3274 matrimonium
2762 3229 2899 3274 cum
2934 3215 3271 3293 alienigenis
3294 3213 3637 3274 contrahere
3660 3214 3786 3272 sine
3810 3211 4049 3287 speciali

1247 3275 1473 3353 1234
2069 3309 2263 3367 curiae
2289 3324 2432 3368 suae
2459 3325 2745 3371 consensu
2772 3310 2965 3371 liceat.
3760 3315 3900 3379 458,
3929 3311 4048 3365 459

1234 3410 1472 3484 januar.
1580 3409 1906 3471 Messanae.
1991 3436 2070 3447 —
2109 3403 2317 3465 Curias
2343 3406 2636 3467 solemnes
2685 3406 2776 3468 bis
2820 3409 2882 3467 in
2927 3422 3085 3469 anno
3128 3409 3191 3467 in
3235 3407 3481 3468 diversis
3527 3406 3692 3484 regni
3737 3403 4053 3481 provinciis

2070 3504 2514 3582 congregandas
2539 3504 2777 3577 statuit;
2819 3506 2923 3567 ubi
2936 3548 2955 3580 ,
2984 3506 3347 3583 praesidente
3371 3507 3590 3566 nuncio
3612 3505 3687 3564 de
3722 3505 3902 3564 latere
3943 3517 4051 3562 suo

2071 3602 2439 3674 transmisso,
2470 3600 2545 3661 de
2588 3603 2823 3662 damnis
2856 3608 2916 3662 et
2949 3603 3184 3678 injuriis
3225 3618 3262 3663 a
3303 3606 3427 3663 suis
3462 3598 3812 3661 officialibus
3838 3600 4050 3676 cuique

2071 3699 2252 3760 illatis
2277 3700 2552 3776 querelae
2579 3701 2947 3778 deponantur
2971 3706 3031 3760 et
3064 3702 3367 3778 inquisitio
3393 3699 3521 3760 flat.
3934 3704 4048 3755 460

1996 3829 2076 3841 -—
2113 3796 2412 3857 Matthaeo
2428 3797 2868 3877 Marchafabae‚
2882 3799 3148 3859 dohanae
3171 3798 3492 3874 imperialis
3515 3801 3738 3858 secreto
3763 3801 3824 3855 et
3847 3808 4054 3872 quaes·

2076 3898 2272 3952 torum
2298 3893 2603 3970 magistro,
2635 3894 2877 3955 mandat
2919 3900 2989 3954 ut
3025 3895 3287 3971 inquirat
3325 3892 3403 3952 de
3431 3891 3840 3969 jurisdictione
3873 3902 4054 3965 quam

2080 3993 2191 4054 sibl
2258 3994 2714 4056 archimandrita
2777 3996 3172 4058 Messanensis
3236 3994 3511 4055 vendIcat
3566 3994 3630 4052 in
3686 3997 3842 4051 terra
3898 3989 4055 4049 Tuc-

2082 4091 2220 4152 chss.
3161 4128 3168 4136 -
3939 4092 4053 4144 ⁴63

2005 4220 2083 4233 —
2123 4188 2239 4248 Pro
2280 4191 2465 4266 gratis
2509 4197 2568 4251 et
2617 4192 2871 4267 acceptis
2924 4192 3176 4251 servitiis
3213 4190 3590 4259 Pisanorum‚
3627 4185 3922 4245 licentiam
3973 4181 4061 4239 eis

2085 4285 2354 4345 concedit
2393 4286 2607 4358 eundi,
2639 4286 2910 4347 morandi
2936 4293 2995 4347 et
3022 4286 3303 4347 redeundi
3330 4284 3510 4346 libere
3536 4282 3613 4343 ad
3640 4277 4060 4358 negotiandum

2086 4384 2147 4440 in
2193 4384 2388 4459 reguis
2434 4385 2589 4457 suis,
2624 4386 2952 4461 specialiter
2996 4390 3196 4445 autem
3250 4382 3408 4461 apud
3460 4379 3796 4441 Messanam
3835 4380 3897 4435 et
3938 4374 4060 4434 Pa-

2087 4494 2385 4537 normum.
3943 4476 4063 4529 ⁴64

2011 4604 2092 4618 —
2129 4573 2380 4650 Rogerio
2407 4573 2668 4635 Tullensl
2688 4578 2961 4653 episcopo
2992 4582 3228 4653 propter
3253 4574 3617 4635 incursiones
3641 4570 3899 4630 hostium
3926 4580 4067 4624 auc-

2089 4672 2384 4730 toritatem
2412 4672 2680 4733 concedit
2719 4674 2992 4735 firmandi
3031 4675 3327 4734 civitatem
3362 4672 3546 4749 ipsius
3569 4668 3902 4730 Tullensem
3926 4677 4067 4722 cum

2092 4770 2274 4827 muris
2301 4774 2361 4827 et
2386 4768 2641 4831 sossatIs.
3949 4766 4066 4818 ⁴6⁴

1216 2630 1482 2694 decemb.
1638 2631 1817 2709 Apud

1530 2728 1927 2808 Syracusiam.

1252 3804 1323 3856 14
1349 3794 1480 3855 febr
1485 3838 1963 3864 ........

1236 4197 1261 4247 1
1276 4194 1308 4245 3
1338 4184 1486 4263 april
1491 4226 1972 4250 ........

1286 4573 1477 4651 aprili.
1727 4575 1798 4635 In

1586 4671 1905 4734 Landouve
1916 4670 1947 4731 ‘l
