4842 5802
1122 659 1241 721 710
2151 656 2494 718 HENRICI
2545 656 2881 719 SEPTml
3561 652 3720 734 [Anu.
3756 652 3937 715 1234.

1119 794 1347 868 edicto
1375 813 1655 887 prorsus
1685 792 1773 865 ab
1809 789 2054 864 eodem
2071 791 2485 883 eximimus3
2519 801 2898 866 statuentes
2925 812 3018 863 ne
3042 811 3351 884 unquam
3373 788 3608 882 aliqua
3642 808 3938 883 persona

1118 916 1575 991 ecclesiastica
1602 916 1712 988 vel
1751 915 2079 988 secularis
2111 936 2321 1009 super
2352 915 2483 988 hoc
2522 937 2640 988 eos
2673 916 2996 989 infestare
3028 921 3411 1008 attemptet,
3456 911 3607 984 sive
3651 910 3724 982 in
3760 911 3930 984 civi-

1119 1049 1261 1114 tate
1282 1041 1433 1111 sive
1463 1046 1659 1110 extra
1688 1038 1778 1110 sit
1802 1038 2188 1109 constituta.
2213 1039 2528 1110 Preterea
2563 1060 2689 1111 nos
2717 1059 2842 1133 per
2855 1036 3091 1111 omnia
3109 1043 3479 1129 sequentes
3499 1033 3937 1128 privilegium

1121 1164 1365 1260 prefati
1428 1161 1854 1256 imperatoris
1903 1162 2177 1233 Henrici
2213 1161 2724 1256 predecessoris
2764 1160 2977 1234 nostri
2995 1214 3015 1252 ,
3075 1158 3353 1233 eosdem
3398 1158 3590 1230 cives
3620 1158 3711 1229 ab
3743 1157 3936 1230 omni

1122 1287 1438 1359 theloneo
1465 1283 1659 1379 quod
1697 1284 1768 1354 in
1789 1285 2062 1358 civitate
2085 1293 2250 1356 tunc
2280 1285 2605 1380 temporis
2626 1285 2776 1357 dari
2808 1284 3071 1358 solebat
3101 1284 3354 1356 liberos
3378 1280 3770 1373 statuimus,
3804 1290 3875 1354 et
3894 1302 3937 1354 a

1121 1411 1267 1482 solu
1277 1410 1459 1480 tione
1476 1428 1915 1479 nummorum
1931 1429 2108 1501 quos
2132 1409 2347 1503 vulgo
2359 1407 2908 1503 Banphenninge
2925 1419 2994 1480 et
3013 1407 3282 1479 illorum
3300 1426 3476 1499 quos
3491 1403 3939 1500 Schozphen—

1129 1534 1337 1626 ninge
1369 1532 1887 1626 appellaverunt
1902 1542 1970 1603 et
1990 1532 2249 1626 piperis
2266 1531 2456 1625 quod
2479 1530 2570 1604 de
2591 1532 2888 1605 navibus
2914 1520 3117 1624 exigi
3134 1530 3423 1621 solebat,
3449 1549 3569 1601 eos
3591 1529 3939 1601 absolutos

1120 1656 1671 1753 pronuntiamus.
1722 1657 2057 1727 Volumus
2099 1656 2303 1727 etiam
2353 1665 2435 1726 ut
2483 1657 2715 1726 nullus
2757 1655 3015 1727 civium
3059 1652 3460 1726 eorumdem
3509 1662 3707 1725 extra
3745 1651 3939 1723 urbis

1126 1781 1462 1853 ambitum
1490 1779 1809 1851 advocati
1845 1779 1954 1849 sui
1994 1778 2320 1871 placitum
2347 1787 2642 1871 cogatur
2665 1779 3036 1872 requirere.
3084 1777 3420 1849 Volumus
3447 1776 3652 1848 etiam
3677 1786 3756 1846 ut
3780 1775 3938 1845 nnl-

1119 1904 1230 1974 lus
1266 1902 1523 1973 civium
1571 1901 1873 1994 ipsorum
1918 1901 2125 1972 alicui
2178 1901 2525 1973 exactioni
2569 1911 2767 1972 extra
2808 1901 3155 1973 civitatem
3192 1900 3366 1972 facte
3405 1898 3498 1971 de
3539 1899 3748 1970 rebus
3790 1898 3938 1969 suis

1121 2025 1492 2097 mobilibus
1513 2025 1625 2095 vel
1655 2023 2121 2096 immobilibus
2150 2023 2537 2115 subJ’aceat,
2576 2026 2808 2095 nullus
2832 2026 3172 2119 prefectus
3200 2032 3323 2094 aut
3354 2022 3646 2114 alicujus
3676 2018 3936 2092 domini

1120 2148 1419 2219 nuncius
1451 2147 1542 2218 ad
1580 2147 1932 2217 servitium
1982 2147 2246 2219 domini
2297 2148 2406 2218 sui
2451 2169 2494 2220 a
2531 2146 2943 2243 panificibns
2977 2148 3089 2219 vel
3139 2168 3182 2219 a
3229 2142 3635 2218 macellariis
3678 2165 3803 2217 seu
3849 2143 3940 2216 ab

1122 2272 1354 2365 aliquo
1382 2291 1633 2364 genere
1655 2269 2010 2342 hominum
2045 2271 2117 2341 in
2155 2273 2437 2344 civitate
2467 2294 2614 2344 rem
2640 2273 2940 2365 aliquam
2971 2270 3297 2342 mobilem
3327 2270 3440 2343 vel
3475 2289 3625 2342 sese
3657 2288 3940 2342 moven-

1119 2406 1257 2465 tem
1291 2402 1640 2489 presumat
1678 2394 1811 2465 illis
1845 2394 2084 2466 invitis
2112 2395 2406 2468 auferre.
2444 2396 2689 2468 Nullus
2719 2417 3027 2490 unquam
3060 2396 3300 2467 vinum
3333 2392 3526 2488 quod
3563 2380 3944 2488 appellatur

1118 2517 1404 2591 banwin
1458 2526 1810 2612 presumat
1864 2516 2169 2589 vendere
2211 2526 2331 2589 aut
2366 2518 2660 2611 alicujus
2705 2519 2878 2591 civis
2923 2519 3155 2591 navim
3193 2517 3284 2590 ad
3326 2539 3504 2614 opus
3531 2517 3642 2588 sui
3681 2514 3940 2589 domini

1121 2643 1237 2714 illo
1270 2641 1488 2713 invito
1528 2641 1863 2733 accipere.
1908 2642 2294 2712 Statuentes
2325 2662 2607 2736 quoque
2648 2652 2724 2712 ut
2770 2642 2860 2714 ab
2897 2641 2984 2713 iis
3018 2641 3141 2735 qui
3177 2663 3286 2712 res
3315 2640 3634 2735 proprias
3655 2638 3945 2734 propriis

1118 2767 1268 2839 sive
1311 2763 1673 2837 conductis
1722 2763 2022 2835 navibus
2068 2764 2548 2854 transvehunt,
2596 2764 2809 2836 nichil
2852 2764 3132 2836 omnino
3186 2764 3541 2855 exigatur,
3594 2772 3945 2834 monetam

1122 2910 1402 2983 quoque
1432 2886 1620 2958 nulla
1652 2894 1947 2980 potestas
1975 2886 2045 2958 in
2063 2887 2286 2959 levius
2312 2896 2434 2959 aut
2464 2889 2536 2960 in
2555 2888 2858 2962 deterius
2885 2888 3241 2959 imminuat
3273 2895 3394 2959 aut
3428 2886 3657 2979 aliqua
3686 2882 3947 2957 ratione

1126 3012 1261 3084 nisi
1297 3010 1644 3082 communi
1673 3010 1934 3081 civium
1985 3010 2270 3081 consilio
2308 3020 2672 3104 permutet.
2716 3011 2960 3082 Nullus
2992 3010 3082 3081 ab
3117 3010 3218 3081 eis
3262 3009 3636 3080 thelonium
3684 3011 3754 3079 in
3805 3003 3945 3080 toto

1127 3134 1522 3229 episcopatu
1555 3140 1675 3203 aut
1716 3133 1788 3203 in
1825 3132 1991 3204 locis
2024 3131 2398 3224 fiscalibus„
2443 3134 2517 3205 id
2561 3144 2668 3206 est
2701 3133 2792 3206 ad
2825 3133 3184 3204 utilitatem
3208 3132 3474 3226 imperii
3506 3131 3946 3226 singulariter

1131 3254 1655 3354 pertinentibuS,
1696 3264 2129 3350 extorqueat.
2168 3257 2240 3328 Si
2275 3258 2435 3350 quis
2467 3267 2730 3330 curtem
2749 3267 2871 3329 aut
2903 3254 3184 3328 domum
3213 3278 3338 3351 per
3367 3276 3627 3327 annum
3660 3263 3728 3326 et
3758 3239 3943 3326 diem

1129 3381 1281 3454 sine
1313 3376 1852 3452 contradictione
1878 3380 2295 3473 possederit,
2340 3381 2509 3451 nulli
2544 3381 2676 3453 hoc
2702 3380 2968 3454 interim
3001 3379 3242 3452 scienti
3277 3380 3451 3452 ultra
3477 3378 3639 3450 inde
3667 3398 3947 3473 respon-

1132 3505 1314 3578 deat.
1360 3503 1651 3576 Causam
1685 3503 1757 3573 in
1796 3503 2075 3574 civitate
2095 3504 2238 3594 jam
2266 3504 2384 3575 lite
2412 3513 2856 3578 contestatam
2884 3524 3020 3575 non
3044 3504 3410 3598 episcopus
3425 3513 3545 3574 aut
3560 3502 3789 3595 aliqua
3816 3522 3949 3596 po-

1135 3636 1342 3701 testas
1377 3636 1572 3700 extra
1596 3627 1945 3699 civitatem
1971 3625 2412 3699 determinari
2435 3629 2821 3723 compellat.
2856 3626 3232 3721 Argentine
3252 3627 3641 3699 theloneum
3667 3626 3756 3698 de
3782 3623 3947 3697 navi

1129 3773 1269 3822 non
1301 3751 1449 3844 plus
1482 3771 1688 3844 quam
1720 3749 2046 3822 tredecim
2081 3749 2400 3824 denarios
2429 3751 2594 3823 dare
2618 3759 2973 3845 cogantur.
3007 3751 3095 3822 Ut
3126 3760 3355 3823 autem
3387 3751 3517 3823 hec
3547 3739 3774 3821 nostre
3797 3768 3946 3818 ma-

1125 3875 1392 3967 jestatis
1418 3871 1842 3945 confirmatio
1861 3873 1930 3943 in
1960 3895 2165 3946 omne
2185 3894 2395 3946 evum
2424 3885 2571 3946 rata
2595 3884 2665 3947 et
2682 3874 3089 3947 inconvulsa
3112 3885 3530 3972 permaneat,
3562 3880 3947 3967 presentem

1134 3997 1457 4092 paginam
1508 3996 1844 4066 conscribi
1874 3998 2212 4087 jussimus
2263 4007 2330 4069 et
2381 3997 2587 4089 sigilli
2627 3998 2839 4069 nostri
2878 3981 3326 4091 impressione
3373 3993 3815 4067 corroborari.
3875 3993 3947 4063 Si

1134 4121 1297 4214 quis
1319 4139 1485 4189 vero
1522 4138 1695 4188 ausu
1738 4119 2096 4189 temerario
2124 4140 2275 4189 eam
2300 4121 2791 4214 presumpserit
2813 4120 3072 4192 violare
3101 4120 3211 4191 vel
3242 4119 3470 4210 aliquo
3496 4115 3701 4186 modo
3727 4122 3947 4185 atten-

1140 4255 1315 4332 tare,
1358 4252 1630 4314 centum
1677 4242 1885 4313 libras
1913 4241 2063 4313 auri
2101 4242 2251 4334 puri
2295 4263 2417 4335 pro
2450 4263 2630 4337 pena
2671 4240 2843 4314 fisco
2882 4242 3259 4337 imperialis
3287 4260 3554 4311 camere
3577 4238 3942 4332 persolvat.

1233 4370 1454 4459 Hujus
1480 4365 1574 4436 rei
1599 4373 1803 4437 testes
1825 4373 1989 4435 sunt
2020 4391 2036 4433 ε
2077 4363 2429 4459 Philippus
2453 4364 2874 4437 Coloniensis
2903 4364 3481 4458 archiepiscopus,
3520 4362 3952 4431 Hermannus

1141 4488 1694 4566 Monasteriensis
1732 4488 2129 4583 episcopus,
2182 4488 2511 4562 Rodolfus
2556 4489 2929 4585 imperialis
2975 4490 3130 4561 aule
3173 4485 3746 4583 prothonotarius,
3799 4484 3951 4556 Bal-

1144 4613 1467 4686 dewinns
1514 4611 1962 4705 Trajectensis
2008 4612 2410 4706 episcopuS,
2467 4613 2826 4685 Heinricus
2879 4614 3095 4704 major
3138 4612 3522 4709 prepositus
3566 4610 3947 4703 Spirensis,

1142 4737 1484 4809 Iohannes
1513 4737 1894 4830 prepositus
1919 4736 2147 4806 Sancti
2178 4734 2530 4827 Germani,
2574 4735 2889 4808 Andreas
2923 4736 3250 4830 magister
3287 4735 3667 4823 scolarum,
3701 4732 3954 4806 Johan-
