4842 5802
1195 637 1318 700 696
2234 634 2578 696 nmmo!
2629 635 2963 695 81³:an
3641 638 3803 716 [An.
3841 640 4025 702 123&

1620 926 1717 940 υ

845 1218 1099 1325 Ερξξὲξῃ,
1315 1204 1684 1287 Heni-icus
1697 1268 1721 1309 ,
1782 1205 2299 1289 Romanorum
2371 1230 2541 1310 rex,
2601 1207 2888 1289 nuntiis
2944 1208 3102 1291 suis
3174 1211 3628 1318 supradictis
3682 1214 4021 1296 auctori-

808 1329 859 1370 ¹⁴
875 1327 1140 1369 ¹¹⁰'‘¹”¹'¹¹⁸·
1205 1346 1439 1419 tatem
1496 1338 1839 1420 concedit
1888 1339 2261 1421 tractandi
2311 1340 2796 1423 concordiam
2820 1401 2845 1448 ‚
2904 1342 3340 1425 securitates
3392 1346 3626 1427 dandi
3681 1356 3756 1429 et
3807 1348 4016 1430 reci-

1204 1469 1488 1578 piendi,
1523 1470 1833 1579 jurandi
1871 1471 2098 1555 etiam
2135 1472 2215 1553 in
2254 1473 2510 1556 anima
2547 1499 2686 1557 sua
2721 1482 2797 1557 et
2822 1473 3258 1582 juramenta
3292 1477 3730 1586 recipiendi,
3760 1481 4020 1563 omnia

1119 1680 1124 1683 .
1208 1601 1538 1712 denique
1572 1603 1894 1686 faciendi
1932 1631 2130 1714 quae
2175 1605 2320 1688 sibi
2358 1606 2575 1689 utilia
2616 1607 3103 1717 videbuntur,
3143 1609 3331 1692 haec
3373 1611 3819 1718 promittens
3853 1622 4020 1695 rata

1207 1760 1287 1817 se
1320 1734 1791 1818 habiturum.

1373 1945 1614 2025 (lnedtt.
1644 1964 1721 2009 ex
1748 1948 1947 2009 codice
1968 1948 2356 2011 bibliothecae
2382 1950 2836 2025 Ambrosianus,
2866 1952 3362 2031 supralaudato.)

1305 2135 1551 2207 Datum
1586 2134 1776 2228 apud
1807 2136 2246 2230 Ezzelingen,
2283 2137 2500 2210 XVIII
2524 2137 2853 2213 kalendas
2880 2139 3297 2234 decembris,
3339 2141 3711 2215 indictione
3742 2152 4012 2216 octava.

925 2768 1017 2819 Ap
1019 2767 1048 2809 a
1321 2733 1688 2816 Henricus
1710 2794 1734 2836 ,
1805 2731 2323 2815 Romanorum
2404 2759 2576 2841 rex,
2635 2742 2972 2816 montem
3043 2733 3333 2816 dictum
3394 2735 3911 2849 Weltersberg
3978 2766 4025 2821 a

804 2821 1171 2974 {ffffffffitffffig
1220 2865 1569 2950 Conrado
1614 2863 1969 2948 Schuelin
2025 2864 2120 2946 de
2170 2864 2532 2975 Bit-ingen
2586 2864 2949 2949 fratribus
3001 2865 3098 2949 de
3150 2865 3452 2950 Alnvelt
3501 2869 3973 2978 resignatum
3995 2934 4020 2981 ‚

1218 2997 1513 3106 sibique
1549 2996 1702 3078 ab
1683 2996 1868 3104 ipsis
1922 2995 2285 3078 fratribus
2319 2996 2868 3103 contraditum,
2908 2997 2991 3077 in
3029 2996 3158 3105 jus
3205 3008 3281 3080 et
3313 3000 3843 3107 proprietatem
3881 3028 4023 3085 ec-

1219 3129 1491 3210 clesiae
1523 3129 1619 3211 de
1656 3126 2067 3210 Schonthal
2101 3126 2338 3209 libere
2372 3137 2448 3209 et
2484 3126 2828 3211 absolute
2862 3127 3179 3210 confert.

1385 3344 1634 3423 (Inedlt.
1683 3359 1759 3404 ex
1785 3342 2053 3421 originall
2097 3344 2161 3402 tn
2200 3340 2442 3403 archivo
2485 3343 2901 3422 stuttgartensl
2919 3387 2938 3421 ‚
2965 3345 3129 3424 qnod
3164 3345 3337 3407 nobis
3365 3346 3442 3408 cl.
3474 3364 3536 3408 v.
3566 3347 3815 3409 Kausler
3852 3364 4028 3410 eom-

1455 3452 1799 3512 munlcavit.
1848 3448 2119 3527 Siglllum
2153 3448 2425 3509 illaesum
2463 3464 2629 3510 ceree
2667 3450 2948 3512 subrutae
2995 3453 3344 3529 impressum
3357 3496 3377 3527 ,
3407 3470 3483 3513 ex
3516 3451 3634 3514 filis
3659 3457 3858 3516 sericis
3881 3455 4028 3516 flavi

1458 3556 1737 3633 rubrique
1760 3554 1971 3615 coloris
1997 3554 2283 3630 pendens,
2311 3553 2493 3614 habet
2519 3554 2823 3632 legendam
2851 3557 3084 3618 solitam
3106 3575 3246 3618 cnm
3272 3558 3571 3620 additione
3595 3576 3672 3621 ex
3694 3566 4029 3622 transverso

1457 3663 1534 3723 ad
1560 3670 1874 3739 utrumque
1896 3660 2096 3721 throni
2119 3661 2275 3720 latus
2302 3662 2402 3720 ET
2438 3661 2608 3724 DUX
2659 3661 3027 3738 S-VEVIE.)

1318 3854 1393 3921 ln
1424 3850 1699 3921 nomine
1726 3859 1959 3920 sancte
1987 3857 2056 3917 et
2092 3843 2458 3918 individue
2488 3842 2861 3918 Trinitatis.
2913 3847 3270 3922 Heinricus
3302 3847 3545 3923 divina
3575 3853 3853 3924 favente
3888 3853 4030 3923 cle-

1223 3974 1474 4046 mentia
1497 3973 1828 4067 septimus
1850 3971 2310 4042 Romanorum
2344 3989 2474 4040 rex
2498 3978 2565 4041 et
2582 3990 2851 4065 semper
2877 3982 3237 4065 augustus.
3273 3974 3462 4046 Licet
3494 3975 3843 4066 religiosas
3868 3996 4031 4068 per-

1222 4120 1423 4171 sonas
1436 4097 1934 4187 cujuscumque
1951 4092 2213 4164 ordinis
2238 4091 2696 4184 diligamusin
2724 4096 2892 4184 Deo,
2916 4093 3434 4188 Cystertiensem
3469 4106 3692 4168 tamen
3715 4096 4027 4169 ordinem

1226 4217 1607 4316 specialiter
1634 4218 2110 4312 amplexamur
2132 4213 2433 4286 brachiis
2470 4216 2802 4309 caritatis,
2860 4239 2943 4288 eo
2974 4218 3168 4311 quod
3213 4219 3377 4311 quia
3425 4218 3771 4290 sinceriori
3802 4218 4031 4292 devo-

1229 4345 1411 4416 tione
1443 4342 1644 4415 nobis
1680 4350 1748 4412 et
1777 4338 2062 4432 imperio
2094 4357 2218 4431 pre
2255 4337 2410 4409 aliis
2443 4336 2805 4410 ordinibus
2828 4347 2932 4411 est
2955 4341 3305 4427 astrictae,
3343 4340 3768 4434 propensiori
3796 4339 4029 4412 studio

1224 4491 1384 4541 eum
1421 4468 1491 4538 in
1524 4464 1886 4561 specialem
1919 4461 2237 4533 affectum
2257 4460 2576 4553 colligere
2608 4460 3019 4544 debeamus;
3061 4460 3326 4533 firmam
3355 4482 3548 4555 spem
3569 4460 4031 4556 fiduciamque

1226 4599 1533 4664 tenentes
1559 4587 1748 4683 quod
1775 4582 2108 4681 quicquid
2144 4584 2208 4654 ei
2241 4579 2460 4677 gratie
2490 4584 2850 4655 fecerimus
2887 4582 3195 4678 proficiat
3229 4586 3428 4657 nobis
3465 4595 3534 4657 et
3579 4587 3827 4658 nostris
3859 4608 4034 4682 pro-

1225 4713 1647 4809 genitoribus
1673 4710 1765 4783 ad
1791 4711 2105 4781 salutem.
2137 4706 2311 4779 Hinc
2338 4715 2444 4779 est
2476 4705 2667 4800 quod
2696 4708 3034 4782 universis
3060 4710 3494 4804 presentibus
3523 4719 3593 4783 et
3622 4711 3871 4784 futuris
3907 4731 4033 4784 vo·
