4842 5802
750 649 950 708 hnic-r.
982 641 1071 720 6.]
1124 660 1131 670 “
1650 630 2045 695 HISTORIA
2092 632 2676 693 DIPLOMATICA.
3456 620 3578 683 617

753 775 1094 886 legitime
1147 776 1728 872 excusaverant,
1785 765 2217 874 praedictus
2257 765 2416 847 Cun
2424 765 2659 845 radus
2729 761 2826 842 de
2895 757 3248 843 Marburc
3290 753 3577 835 ibidem

754 907 1128 1020 populum
1181 900 1757 1008 crucesignavit.
1831 900 2308 1007 Quapropter
2358 897 2466 977 illi
2526 895 2699 978 felle
2754 887 3279 974 amaritudinis
3341 911 3571 967 com-

757 1040 977 1146 moti,
1011 1035 1379 1147 jamdicto
1420 1032 1776 1115 Cunrado
1829 1031 1910 1111 in
1964 1031 2212 1113 reditu
2265 1031 2582 1112 insidias
2618 1034 2983 1137 ponentes
3009 1084 3031 1127 ,
3083 1021 3302 1130 juxta
3352 1017 3573 1101 Mar-

761 1174 952 1257 burc
998 1172 1254 1279 ipsum
1293 1192 1448 1249 una
1502 1191 1682 1246 cum
1733 1163 2122 1247 Gerhardo
2173 1160 2484 1245 Minoris
2539 1158 2828 1240 ordinis
2884 1156 3115 1237 fratre
3135 1215 3158 1260 ,
3215 1149 3579 1261 probatae

762 1307 957 1389 vitae
984 1303 1180 1404 viro,
1224 1299 1324 1382 III
1352 1297 1721 1379 kalendas
1758 1293 2063 1404 augusti
2109 1292 2513 1375 crudeliter
2558 1291 2996 1373 occiderunt
3034 1284 3185 1396 (1).
3233 1280 3572 1368 chronic.

768 1434 1319 1548 Erphordiense
1358 1457 1482 1539 ap.
1525 1428 1918 1534 Boanum,
1957 1434 2255 1523 FonteS,
2302 1425 2407 1530 11,
2449 1423 2636 1505 590.

1199 1758 1267 1768 ..-
1278 1759 1289 1763 ›
1299 1757 1375 1765 u«.-
1386 1756 1537 1763 m.
1551 1752 2190 1762 --—-—-—------——-—

849 2015 1250 2098 ‘Henricus
1267 2076 1291 2123 ,
1350 2016 1870 2098 Romanorum
1903 2034 2075 2118 rex,
2118 2013 2217 2092 ad
2269 2009 2760 2091 imitationem
2800 2010 3037 2118 patris
3084 2010 3202 2091 sui
3237 2009 3594 2093 Friderici
3674 2011 3980 2121 Μοξῆῗῗω,

780 2146 1300 2232 Romanorum
1325 2146 1834 2256 imperatoris,
1866 2143 2189 2227 Henrico
2213 2142 2755 2228 Wormatiensi
2774 2143 3123 2250 episcopo
3152 2151 3223 2223 et
3240 2143 3593 2225 ecclesiae
3729 2119 3924 2176 man.

784 2279 945 2388 ejus
972 2281 1235 2364 villam
1270 2280 1775 2364 Neckerauwe
1818 2270 2224 2384 contradit,
2267 2301 2314 2355 a
2348 2301 2504 2383 qua
2539 2301 2674 2382 per
2709 2275 2982 2356 ducem
3016 2274 3401 2359 Bawariae
3434 2302 3592 2383 pa—

784 2409 1105 2493 latinum
1142 2415 1497 2495 comitem
1531 2410 1775 2494 Rheni
1812 2409 2176 2494 violenter
2222 2406 2468 2488 fuerat
2503 2405 2810 2515 ejectuS.

949 2624 1195 2704 (Inedit.
1228 2644 1305 2687 ex
1332 2626 1702 2688 chartulario
1728 2625 2150 2685 Wormatiensi
2165 2667 2184 2696 ,
2213 2622 2318 2684 fol.
2354 2632 2464 2683 381
2497 2628 2686 2693 recto,
2728 2622 2795 2679 in
2832 2619 3071 2681 archivo
3105 2620 3595 2698 Darmstadensi.)

886 2811 970 2881 H.
992 2864 1012 2904 ,
1048 2812 1173 2883 Dei
1213 2808 1431 2905 gratia
1467 2810 1928 2882 Romanorum
1965 2830 2089 2880 rex
2132 2816 2200 2879 et
2234 2828 2506 2903 semper
2540 2813 2912 2899 augustuS,
2953 2804 3296 2877 universis
3330 2805 3605 2900 imperii

797 2932 1113 3007 fidelibus
1135 2936 1391 3028 quibus
1408 2955 1691 3029 presens
1710 2933 1934 3004 littera
1952 2933 2155 3004 fuerit
2176 2941 2445 3004 ostensa
2465 2930 2755 3024 gratiam
2778 2952 2976 3001 suam
2991 2938 3060 3001 et
3081 2950 3284 3002 omne
3309 2929 3599 3001 bonum.

795 3058 895 3130 Ne
925 3069 1202 3152 propter
1236 3057 1511 3129 labilem
1541 3057 1901 3129 hominum
1932 3056 2330 3127 memoriam
2356 3061 2770 3126 evanescant
2805 3074 2843 3123 a
2882 3061 3111 3125 nostra
3137 3051 3610 3126 munificentia

800 3191 988 3272 gesta
1009 3237 1027 3268 ,
1071 3181 1364 3274 dignum
1404 3179 1738 3251 duximus
1763 3201 1847 3251 ea
1878 3184 2208 3272 scripture
2238 3177 2626 3250 testimonio
2662 3177 3120 3264 committere,
3161 3199 3300 3271 que
3336 3176 3428 3249 ad
3455 3198 3613 3249 nos-

801 3312 937 3376 tros
968 3313 1275 3398 posteros
1319 3303 1644 3375 volumus
1680 3302 1969 3374 certiora
2013 3300 2413 3396 pervenire,
2474 3309 2549 3371 ut
2583 3323 2708 3396 per
2736 3301 2955 3396 ipsius
2986 3300 3451 3372 testimonium
3489 3321 3615 3372 ca-

804 3428 1133 3522 lumpniis
1156 3427 1584 3522 quibuslibet
1605 3434 2025 3499 occurratur.
2053 3426 2218 3496 Tam
2243 3425 2595 3498 modernis
2623 3425 2832 3518 igitur
2866 3446 3079 3519 quam
3109 3424 3356 3494 futuris
3381 3435 3616 3496 tenore

804 3550 1226 3644 presentium
1258 3550 1657 3622 intimamus
1710 3548 1902 3642 quod
1951 3569 2107 3636 nos,
2157 3547 2249 3619 ad
2297 3548 2747 3621 imitationem
2782 3547 3011 3619 dilecti
3044 3547 3368 3641 genitoris
3406 3548 3618 3619 nostri

807 3670 1075 3743 domini
1100 3672 1175 3742 F.
1199 3671 1655 3745 Romanorum
1687 3670 2117 3766 imperatoris
2146 3692 2415 3764 semper
2443 3671 2745 3762 augusti,
2781 3669 3030 3741 dilecto
3067 3669 3355 3763 principi
3388 3678 3620 3740 nostro

809 3794 895 3864 H.
939 3795 1316 3865 venerabili
1356 3794 1840 3869 Wormatiensi
1880 3794 2205 3889 episcopo
2259 3794 2546 3886 suisque
2602 3792 3112 3864 successoribus
3191 3801 3261 3863 et
3334 3793 3621 3865 ecclesie

809 3917 1289 3990 Wormatiensi
1321 3919 1877 4012 recognoscimus
1913 3927 1981 3990 et
2006 3917 2471 3989 contradimus
2502 3917 2742 3998 villam
2772 3915 3243 3990 Neckerauwe
3270 3936 3429 3987 cum
3460 3916 3620 3987 uni-

812 4042 1028 4112 versis
1058 4041 1302 4113 usibus
1326 4051 1395 4115 et
1429 4042 1856 4137 appendiciis
1896 4042 2076 4132 suiS,
2134 4041 2570 4114 restituentes
2596 4040 2821 4134 ipsum
2859 4039 3272 4134 possessioni
3309 4039 3621 4131 ejusdem

889 4351 962 4422 (t)
1005 4371 1032 4404 α
1059 4352 1246 4408 Frater
1267 4351 1543 4410 Conradus
1566 4352 1635 4410 de
1651 4351 1907 4426 Marburg
1928 4356 1986 4409 et
2010 4351 2171 4409 frater
2188 4351 2504 4410 Gerhardus
2526 4351 2859 4410 Lutzelcolbo
2885 4352 2954 4409 de
2980 4352 3166 4410 ordine
3182 4352 3468 4423 minorum,
3496 4368 3630 4411 suus

819 4448 1013 4518 socius,
1038 4448 1279 4506 volentes
1296 4451 1377 4507 ire
1402 4450 1622 4508 domurn
1648 4450 1806 4508 etsie
1827 4451 2147 4524 equitantes,
2173 4452 2391 4524 quidam
2407 4451 2606 4508 milites
2626 4455 2683 4508 et
2710 4450 2799 4506 alii
2823 4465 2960 4522 quos
2984 4450 3087 4522 ipsi
3111 4456 3222 4506 tam
3240 4449 3297 4505 in
3321 4449 3635 4523 parentibus

820 4559 1004 4601 eorum
1029 4562 1195 4619 quam
1212 4547 1268 4602 in
1294 4547 1528 4620 propriis
1546 4548 1791 4622 personis
1818 4547 2207 4607 infamaverant
2233 4555 2290 4604 et
2316 4547 2846 4622 dampnificaverant,
2877 4547 3025 4620 ipsos
3048 4546 3387 4621 insequentes
3421 4547 3637 4605 occide·

826 4646 965 4697 runt.
1003 4642 1188 4699 Frater
1222 4659 1352 4701 vero
1389 4645 1560 4702 Dorso
1599 4644 1699 4701 fuit
1742 4646 1948 4702 occisus
1985 4645 2128 4720 apud
2166 4646 2508 4719 Argentinam
2544 4651 2600 4702 et
2636 4645 2904 4702 Iohannes
2935 4659 3229 4718 suspensus
3270 4645 3416 4719 apud
3453 4646 3639 4706 Fride·

826 4732 975 4809 berg.
1005 4755 1033 4787 υ
1062 4739 1267 4797 Amal.
1301 4744 1574 4800 Wormat.
1593 4785 1609 4814 ,
1628 4742 1746 4801 loco
1764 4759 1915 4816 supr.
1942 4744 2062 4808 cit„
2082 4760 2139 4817 p.
2170 4744 2295 4801 ⁴77.
2317 4742 2485 4802 —Cf.
2511 4743 2753 4801 Gonnra.
2783 4742 3008 4814 Conon„
3035 4742 3262 4815 ibidem,
3290 4759 3348 4817 p.
3379 4747 3506 4803 365.

987 4836 1094 4900 IV.
1137 4853 1250 4898 Pan
1274 4857 1317 4898 2.
3257 4855 3332 4907 '18
