4842 5802
1220 791 1443 868 1254

1209 1119 1283 1172 27
1310 1127 1449 1173 110?-

1110 1305 1111 1310 Ὺ
1223 1364 1443 1440 1235

1194 1501 1466 1553 lsslnarb

1194 1885 1461 1940 lainnrh

1190 2371 1262 2424 16
1290 2366 1461 2442 april.

1187 2856 1261 2910 28
1299 2849 1457 2927 julii.

1184 3341 1260 3394 28
1301 3334 1458 3413 jum.

1214 3828 1272 3879 1⁰
1297 3836 1437 3898 aug.

1180 4212 1257 4264 20
1303 4211 1454 4283 sept.

1198 4699 1272 4751 22
1295 4695 1444 4768 sept.

1590 1112 1843 1174 Perusii.

1593 1498 1841 1561 Perusil.

1591 1888 1836 1949 Perusii.

1584 2368 1832 2431 Perusii.

1586 2854 1839 2919 Pei-usu.

1585 3336 1836 3399 Perusii.

1582 3821 1836 3883 Porum.

1593 4688 1822 4750 Assisii.

2114 593 2367 653 INDEX
2415 592 3116 655 DOCUMENTORUM.

2041 928 2232 983 tentes
2270 922 2494 982 litteras
2531 923 2889 999 transcripto
2922 922 3250 982 litterarum
3277 918 3669 997 imperialium
3694 921 4027 981 consimiles

2041 1018 2195 1079 infra
2221 1021 2400 1079 unius
2427 1021 2648 1079 mensis
2675 1021 2933 1096 spatium
2957 1019 3382 1078 transmittant.
3734 1025 3874 1090 490,
3906 1027 4015 1079 491

1963 1145 2043 1158 -
2082 1115 2340 1192 Singulis
2390 1113 2775 1176 Alamanniae
2815 1114 3183 1192 principibus
3223 1113 3469 1175 mandat
3512 1119 3583 1175 ut
3622 1113 3702 1174 ad
3760 1114 4026 1175 subven-

2043 1209 2262 1268 tionem
2298 1209 2594 1269 Ecclesiae
2621 1225 2685 1269 se
2710 1210 2985 1269 muniant
3019 1215 3080 1268 et
3105 1225 3243 1269 cum
3269 1208 3483 1268 militia
3516 1207 3593 1268 ad
3618 1208 3884 1285 ejusdem
3916 1208 4026 1268 ob-

2043 1308 2250 1381 sequia
2276 1322 2378 1381 per
2415 1310 2537 1366 tres
2565 1322 2797 1366 menses
2824 1312 3124 1366 moratura
3153 1307 3218 1365 in
3250 1303 3455 1367 futuro
3491 1307 3706 1366 martio
3743 1321 4024 1382 persona-

2043 1401 2176 1461 liter
2200 1401 2504 1462 accedant.
3445 1411 3587 1476 513,
3619 1410 3762 1476 514,
3795 1408 3923 1463 not.
3960 1413 4018 1464 1.

1961 1528 2043 1541 —
2084 1496 2375 1557 Omnibus
2397 1498 2763 1574 principibus
2798 1515 2905 1575 per
2942 1500 3254 1575 imperium
3290 1501 3626 1560 constitutis
3664 1499 3913 1561 mandat
3954 1507 4024 1562 ut

2040 1593 2362 1654 Henricum
2388 1594 2579 1655 filium
2604 1595 2889 1656 Friderici
2912 1594 3315 1656 Romanorum
3347 1596 3716 1672 imperatoris
3740 1596 3818 1656 ad
3843 1599 4024 1657 recti-

2040 1689 2264 1749 tudinis
2289 1690 2560 1750 semitam
2596 1690 2915 1762 reducant,
2944 1696 3005 1749 et
3025 1692 3359 1767 juramenta
3384 1707 3537 1769 quae
3562 1690 3753 1751 eidem
3777 1690 4020 1768 quidam

2040 1789 2457 1862 praestiterunt
2481 1789 2645 1847 irrita
2671 1803 2799 1847 esse
2825 1786 3108 1849 decernit.
3901 1796 4016 1848 530

1961 1917 2042 1929 -
2080 1886 2370 1962 Episcopo
2394 1886 2809 1962 Ratisponensi
2834 1884 3078 1946 mandat
3103 1891 3173 1945 ut
3201 1884 3684 1962 Herbipolensem
3709 1891 3771 1945 et
3786 1885 4022 1962 Augus-

2039 1987 2267 2042 tensem
2304 1983 2607 2058 episcopos
2640 1980 3033 2058 abbatemque
3065 1982 3421 2042 Fuldensem
3451 1983 3557 2058 qui
3595 1983 3721 2060 regi
3760 1982 4017 2042 Henrico

2038 2082 2310 2156 nequiter
2333 2078 2727 2139 adhaeserunt
2741 2122 2758 2148 ‚
2788 2094 3019 2138 necnon
3050 2077 3201 2139 duos
3225 2078 3672 2155 Herblpolenses
3703 2079 4016 2139 canonicos

2039 2177 2143 2252 qul
2196 2175 2598 2235 Mediolanum
2647 2181 2854 2235 contra
2903 2177 3314 2252 imperatorem
3365 2178 3636 2248 iverunt,
3680 2174 3760 2235 ad
3804 2175 4017 2236 Sedem

2039 2274 2433 2348 Apostolicam
2462 2274 2663 2332 venire
2688 2272 3019 2348 compellat.
3897 2278 4007 2331 531

1960 2399 2041 2412 -
2078 2368 2298 2445 Regem
2326 2368 2688 2428 Francorum
2725 2374 2926 2427 monet
2960 2383 3037 2427 ne
3075 2369 3138 2426 in
3177 2366 3375 2445 aliquo
3407 2367 3679 2427 turbetur
3716 2369 4018 2427 occasione

2037 2465 2397 2523 matrimonii
2436 2466 2590 2524 inter
2621 2463 2984 2524 Fridericum
3018 2465 3430 2540 imperatorem
3470 2469 3530 2522 et
3562 2479 3820 2523 sororem
3859 2464 4014 2540 regis

2034 2559 2281 2637 Angliae
2306 2559 2721 2632 contrahendi,
2749 2574 2936 2637 quum
2965 2560 3123 2620 idem
3155 2562 3472 2636 imperator
3509 2558 3748 2620 affectet
3780 2565 3850 2619 ut
3883 2575 4017 2635 spc-

2037 2657 2201 2717 cialis
2223 2659 2375 2716 inter
2400 2672 2464 2715 se
2487 2663 2547 2716 et
2569 2658 2764 2734 ipsum
2786 2670 2987 2733 regem
3007 2656 3372 2717 Francorum
3398 2657 3659 2716 amicitia
3676 2660 4015 2732 permaneat

2035 2759 2097 2814 et
2121 2755 2299 2813 etiam
2324 2752 2659 2829 amplietur.
3722 2759 3863 2824 536,
3897 2759 4010 2812 537

1957 2881 2039 2894 -
2077 2850 2450 2928 Principibus
2475 2851 2866 2912 Alamanniae
2891 2847 3138 2910 mandat
3170 2855 3241 2910 ut
3264 2863 3453 2925 quum
3476 2848 3788 2910 concordia
3827 2847 4012 2910 cbris-

2034 2949 2181 3007 tiani
2207 2949 2407 3024 populi
2434 2950 2512 3009 sit
2537 2950 2775 3026 negotio
2792 2948 3007 3008 Terrae
3024 2946 3274 3007 Sanctae
3297 2947 3583 3022 perutilis,
3599 2949 4013 3023 imperatorem

2035 3042 2112 3102 ad
2146 3042 2262 3103 hoc
2303 3043 2589 3103 inducant
2631 3043 2793 3120 quod
2836 3045 2983 3119 ipse,
3029 3042 3294 3119 deposito
3337 3043 3497 3102 omni
3540 3043 3603 3101 ln
3647 3040 4013 3102 Lombardos

2034 3155 2300 3211 rancore,
2332 3142 2634 3217 negotium
2668 3140 2961 3200 societatis
2995 3138 3383 3200 Lombardiae
3415 3140 3480 3198 in
3501 3138 3775 3199 manibus
3800 3139 4010 3219 Eccle—

2035 3237 2157 3296 siae
2183 3239 2439 3313 praecise
2461 3238 2674 3297 iterum
2699 3251 2916 3312 ponere
2942 3251 3061 3295 11011
3091 3237 3345 3296 omittat.
3894 3242 4007 3294 735

1954 3366 2037 3379 -
2077 3336 2361 3414 Magistro
2411 3341 2472 3396 et
2521 3334 2804 3394 fratribus
2857 3335 3163 3412 hospitalis
3213 3333 3583 3394 Hierusalem
3634 3332 3877 3393 mandat
3942 3340 4013 3393 ut

2032 3430 2236 3509 bajulo
2288 3437 2349 3492 et
2392 3434 2587 3509 legato
2638 3431 2916 3492 Fridcrici
2967 3433 3334 3509 imperatoris
3378 3432 3443 3490 in
3489 3429 3759 3507 partibus
3806 3430 4010 3507 Syriae

2033 3529 2345 3589 consilium
2380 3535 2442 3588 et
2486 3529 2778 3589 auxilium
2815 3528 3161 3605 praebeant,
3190 3534 3251 3588 et
3284 3528 3544 3588 Johanni
3576 3527 3652 3587 de
3679 3525 3903 3586 lbelino
3938 3541 4010 3585 ac

2030 3625 2476 3689 Acconensibus
2524 3627 2751 3703 Tyrum
2797 3624 3066 3687 obsidere
3103 3622 3614 3702 praesumentibus
3657 3639 3723 3682 se
3765 3622 4011 3681 viriliter

2029 3729 2349 3800 opponant.
3893 3727 4007 3779 736

1952 3848 2033 3863 -
2070 3819 2361 3895 Episcopo
2408 3817 2816 3894 Ratisponensi
2866 3816 3112 3876 mandat
3159 3821 3230 3875 ut
3267 3816 3522 3876 Henrico
3562 3814 3686 3874 filio
3728 3814 4010 3875 Friderlci

2032 3916 2403 3993 imperatoris
2430 3914 2508 3975 ab
2533 3915 2971 3991 archiepiscopo
2997 3913 3450 3992 salzeburgense
3475 3913 4002 3985 excommunicato,

2033 4028 2171 4072 cum
2213 4014 2291 4071 sit
2322 4012 2398 4072 ad
2445 4012 2631 4088 patris
2671 4013 2918 4089 gratiam
2948 4013 3078 4087 jam
3121 4025 3419 4081 reversus,
3456 4007 3774 4069 sufficienti
3820 4007 3895 4067 ab
3938 4022 4008 4067 eo

2031 4110 2303 4168 cautione
2338 4114 2590 4184 recepta,
2616 4106 2964 4167 beneficium
2989 4106 3374 4166 absolutionis
3398 4103 3724 4181 impendat.
3890 4110 4005 4163 738

1955 4239 2030 4251 -
2072 4204 2437 4265 Fridericum
2475 4206 2884 4281 imperatorem
2929 4209 3132 4263 monet
3170 4204 3499 4281 iniquitatis
3538 4201 3694 4262 filios
3739 4202 3842 4276 qui
3885 4215 4009 4259 non

2032 4301 2251 4361 vellent
2285 4301 2610 4361 Ecclesiam
2651 4301 2899 4377 imperio
2941 4302 3094 4360 uniri
3111 4342 3130 4373 ‚
3172 4298 3430 4359 occultas
3472 4312 3743 4375 spargere
3785 4296 4008 4355 litteras

2034 4413 2184 4476 quas
2230 4396 2305 4456 de
2348 4398 2702 4457 conscientia
2747 4397 2963 4456 summi
3007 4393 3302 4472 pontificis
3341 4391 3698 4452 mendaciter
3740 4393 4009 4450 asserunt

2034 4509 2338 4566 emanare,
2368 4492 2511 4553 dum
2544 4493 2902 4553 collaterales
2944 4491 3309 4569 imperatoris
3341 4490 3565 4549 litteras
3590 4502 3827 4565 quoque
3860 4484 4007 4544 diri-

2032 4594 2177 4667 gant
2204 4588 2421 4665 quibus
2448 4604 2567 4665 pax
2590 4587 2817 4648 turbari
2843 4589 3048 4664 possit.
3886 4587 3995 4639 771

1952 4718 2033 4731 -
2072 4685 2366 4747 Friderico
2390 4685 2790 4746 Romanorum
2824 4685 3164 4761 imperatori
3198 4684 3434 4743 nuntiat
3459 4680 3623 4759 quod
3646 4693 3783 4740 cum
3812 4675 4002 4738 Theo·
