4842 5802
1089 556 2298 753 FRIDERICI
2425 553 3437 749 SECUNDI

1483 907 1978 969 Romanunm!
2022 906 2574 976 mummolus,
2624 906 3073 964 JERUSALEu

1903 1018 1994 1075 m·
2045 1016 2386 1074 SICILIAE
2440 1016 2663 1074 REGIS

1304 1251 2049 1371 HISTORIA
2148 1246 3243 1366 D1PLOMAT1CA.

2025 1598 2554 1612 W

1861 1857 2170 1952 PARS
2254 1854 2734 1967 QUINTA

1261 2056 1305 2104 A
1336 2052 1585 2104 MENSE
1630 2049 1854 2104 mmo
1902 2052 2058 2101 123⁵
2107 2048 2200 2098 AD
2247 2045 2555 2096 MENSEM
2600 2045 3096 2097 SEPTEMBREM
3147 2050 3318 2098 1237.

1686 2350 1911 2412 Ammo
1955 2350 2154 2412 1235.
2187 2382 2269 2401 ·-
2310 2350 2789 2412 INDIC'I'IONE
2837 2350 2901 2414 8.

998 2794 1458 2904 Imperatore
1509 2793 1588 2875 in
1645 2792 2176 2875 Alemanniam
2231 2793 2574 2877 veniente
2597 2852 2620 2899 ,
2660 2792 2993 2876 fautores
3036 2790 3172 2873 filii
3227 2792 3345 2874 sui
3380 2791 3706 2876 Heinrici
3812 2811 4035 2918 egge-¹

894 2928 1095 3039 ragis
1141 2928 1362 3012 valde
1407 2927 1691 3012 turbati
1709 2988 1733 3033 ,
1784 2925 1943 3010 fere
1975 2953 2242 3011 omnes
2276 2928 2531 3036 ipsum
2568 2926 2996 3009 descrentes
3049 2926 3246 3034 patri
3301 2926 3710 3012 adhaerere

894 3070 1330 3172 coeperunt.
1375 3063 1853 3173 Quapropter
1906 3061 2379 3170 saepedictus
2421 3085 2557 3143 rex
2598 3059 2994 3141 Heinricus
3036 3059 3333 3142 veniam
3399 3085 3445 3142 a
3498 3070 3711 3169 patre

896 3194 1134 3303 ipsius
1197 3195 1278 3277 in
1312 3194 1670 3303 Wimphc
1703 3194 2138 3304 postulanS‚
2184 3193 2474 3303 gratiae
2509 3218 2693 3275 suae
2745 3217 2827 3276 so
2870 3217 3161 3301 suaque
3194 3192 3455 3276 omnia
3505 3220 3709 3278 con-

897 3327 1244 3434 tradidit,
1311 3328 1446 3412 sed
1516 3337 1733 3436 patro
1801 3325 2370 3437 compositionis
2454 3334 2530 3408 et
2611 3324 3142 3408 satisfactionis
3221 3324 3549 3408 formam
3629 3328 3710 3410 in

899 3458 1405 3542 Wormatiam
1440 3456 1857 3542 differente.
1903 3458 2245 3541 chronic.
2294 3459 2720 3567 Erphord.‚
2778 3482 2903 3565 ap.
2963 3457 3352 3562 Boanum,
3399 3464 3661 3540 Fontes
3685 3521 3709 3564 ‚

901 3602 958 3671 t.
1002 3588 1099 3695 ΙΙ,
1138 3614 1220 3701 p.
1263 3591 1450 3670 595.
1507 3671 1515 3678 .
2373 3597 2378 3602 ’

1377 3873 2072 3885 -ο--ι-ω-ο-σ-ισ-φ--α
2081 3876 2443 3885 -ῇφο-οφ-

1011 4099 1096 4184 In
1135 4099 1330 4184 festo
1379 4098 1578 4184 beati
1633 4095 1857 4183 Ulrici
1894 4098 1984 4211 (4
2012 4099 2221 4211 julii)
2273 4101 2479 4185 venit
2539 4100 2951 4211 imperator
3002 4097 3427 4186 Fridericus
3472 4102 3721 4186 Wor-
3856 4113 4020 4168 ΗΜ·

909 4234 1224 4317 matiam
1278 4234 1411 4317 uhi
1462 4233 1864 4344 captivavit
1907 4235 2154 4320 filium
2190 4235 2628 4320 Heinricum
2681 4259 2968 4345 regem.
3012 4238 3278 4317 Amal.
3332 4235 3542 4345 Spir.
3595 4261 3721 4345 ap.

909 4363 1299 4475 Bosana,
1351 4367 1671 4475 Ibidem,
1738 4393 1817 4478 p.
1885 4370 2066 4451 155.
2111 4415 2220 4432 --
2277 4368 2474 4452 Cum
2528 4368 2723 4452 sicut
2782 4367 3033 4450 decuit
3091 4367 3620 4452 honestissime
3682 4393 3731 4451 a

913 4496 1113 4581 clero
1146 4510 1220 4580 et
1260 4525 1307 4581 a
1340 4500 1631 4585 civibus
1676 4500 1905 4600 fucrit
1956 4514 2341 4612 receptus,
2380 4529 2586 4587 anno
2608 4502 2924 4586 'Domini
2959 4501 3452 4610 MCCXXXV,
3491 4503 3570 4583 in
3605 4502 3730 4586 die

918 4631 1153 4712 sancti
1208 4630 1564 4741 Udalrici,
1625 4633 1940 4719 aderant
1990 4634 2391 4720 duodecim
2447 4635 2776 4744 episcopi
2828 4632 3385 4743 pontificalibus
3446 4634 3724 4742 induti,
