4842 5802
808 1132 1058 1175 Interamna
1068 1161 1081 1186 ,

832 1189 887 1228 ²4
911 1188 1047 1238 junu-

1166 586 1288 648 872
2162 589 2591 653 nmmum
2643 591 2986 653 sEcunm
3604 592 3765 670 [An.
3804 591 3976 657 1236.

1283 1122 1692 1232 Gregorius
1752 1149 1950 1232 papa
2016 1123 2480 1208 Fridericum
2550 1108 3068 1209 Romanorum
3130 1125 3663 1234 imperatorem
3724 1135 3983 1208 monet

1173 1265 1261 1337 ut
1330 1266 1681 1365 nepotem
1732 1257 1933 1366 regis
1987 1257 2279 1340 Tunicii
2343 1259 2444 1340 ad
2508 1259 2778 1341 Sedem
2851 1257 3359 1366 Apostolieam
3411 1258 3763 1341 accedere
3822 1282 3976 1340 vo-

1172 1388 1452 1470 lentem
1489 1399 1564 1472 et
1596 1388 1874 1498 injuste
1908 1390 1987 1470 in
2025 1416 2262 1501 regno
2298 1391 2687 1474 detentum
2724 1390 3000 1472 dimitti
3035 1390 3288 1473 faciat.

1232 1616 1236 1623 ·
1301 1632 1302 1635 κ
1342 1601 1586 1681 (hedit.
1616 1618 1690 1662 ex
1717 1606 1958 1681 regestis
1983 1602 2256 1683 Gregor„
2300 1622 2459 1666 anno
2497 1604 2588 1678 X,
2618 1607 2786 1683 epist.
2831 1613 2975 1678 128,
3014 1603 3341 1664 incollect.
3370 1603 3621 1682 Luporte
3661 1604 3744 1665 du
3787 1603 3975 1678 Thess,

1411 1725 1505 1786 ap.
1539 1708 1692 1770 Bibl.
1724 1712 1929 1787 imper.
1961 1712 2173 1785 Paris.)

1274 1893 1663 1989 GregoriuS,
1705 1905 1870 1986 etc„
1909 1896 2267 1969 Frederico
2301 1897 2758 1969 Romanorum
2794 1896 3219 1991 imperatori,
3258 1910 3391 1970 etc.
3434 1897 3732 1983 Quidam
3765 1920 3981 1993 nepos

1180 2017 1362 2110 regis
1393 2019 1669 2104 Tunici‚
1724 2020 1978 2114 apertis
2015 2019 2084 2090 in
2123 2020 2542 2112 agnitionem
2592 2020 2899 2092 veritatis
2934 2021 3376 2114 intelligentie
3418 2040 3543 2093 sue
3587 2021 3805 2093 oculis
3850 2042 3980 2093 co-

1177 2142 1331 2214 lirio
1365 2142 1560 2214 verbi
1596 2143 1755 2231 Dei,
1795 2142 1887 2215 ad
1936 2153 2235 2215 nostram
2271 2165 2397 2239 pro
2440 2142 2840 2239 recipiendo
2884 2143 3204 2238 baptismi
3241 2154 3667 2215 sacramento
3701 2166 3979 2238 presen-

1180 2267 1343 2339 tiam
1380 2266 1778 2339 accedebat.
1816 2265 1954 2338 Sed
1996 2289 2155 2338 cum
2205 2266 2784 2340 intellexissemus
2826 2265 3146 2338 eumdem
3182 2277 3456 2361 captum
3502 2288 3585 2339 ac
3628 2266 3978 2340 detentum

1177 2411 1218 2461 a
1257 2390 1418 2478 tuis,
1455 2411 1577 2483 pro
1612 2390 2016 2461 liberatione
2052 2390 2268 2485 ipsius
2305 2389 2687 2462 direximus
2718 2389 3185 2462 detentoribus
3221 2391 3470 2485 scripta
3500 2401 3755 2475 nostra,
3792 2413 3982 2463 mau-

1177 2513 1418 2586 dantes
1452 2524 1529 2584 ut
1560 2535 1718 2585 cum
1748 2514 1821 2585 iu
1852 2513 2075 2585 tribus
2105 2514 2268 2585 anni
2311 2513 2796 2585 festivitatibus
2830 2512 3460 2586 excommunicatos
3497 2511 3982 2585 denuntiemus

1180 2636 1457 2732 publice
1488 2657 1724 2709 omnes
1753 2637 1902 2709 illos
1939 2637 2060 2732 qui
2093 2638 2388 2732 spoliant
2414 2638 2527 2709 vel
2554 2637 2834 2731 capiunt
2865 2658 2987 2709 seu
3020 2635 3329 2709 detinent
3371 2636 3463 2709 ad
3499 2636 3747 2709 Sedem
3789 2635 3981 2732 Apo-

1179 2762 1485 2834 stolicam
1518 2760 1921 2833 accedentes
1947 2770 2015 2832 et
2040 2760 2408 2833 redeuutes
2436 2760 2526 2832 ab
2553 2761 2728 2855 ipsa,
2754 2781 2908 2832 eum
2941 2761 3373 2833 restituerent
3394 2760 3712 2831 libertati.
3730 2761 3986 2833 Verum

1185 2909 1342 2958 cum
1388 2885 1520 2981 ipsi
1566 2883 1909 2957 mandatis
1962 2907 2098 2956 non
2151 2884 2481 2958 duxerint
2527 2883 3081 2979 obsequendum,
3130 2884 3294 2980 quia
3331 2905 3468 2957 non
3524 2883 3723 2957 decet
3770 2885 3986 2980 impe-

1182 3010 1420 3081 rialem
1477 3008 1952 3081 excellentiam
1999 3009 2256 3079 factum
2299 3009 2697 3100 hujusmodi
2746 3009 3090 3099 tollerare,
3133 3017 3367 3104 utpote
3410 3007 3600 3101 quod
3661 3009 3734 3078 in
3775 3008 3986 3080 Crea-

1184 3133 1350 3206 toris
1391 3131 1735 3206 redundat
1783 3132 2104 3224 injuriam
2158 3141 2228 3203 et
2272 3132 2633 3204 manifeste
2678 3131 2841 3204 fidei
2880 3132 3116 3204 obviat
3158 3142 3225 3203 et
3272 3130 3509 3222 saluti,
3557 3132 3985 3205 serenitatem

1184 3267 1369 3328 tuam
1418 3276 1738 3347 rogamus
1798 3265 1868 3328 et
1911 3255 2267 3327 hortamur
2317 3264 2575 3328 attente
2622 3265 2962 3349 quatenus
3011 3254 3184 3349 quid
3225 3256 3403 3327 fame
3457 3264 3574 3326 tue
3614 3254 3979 3349 expediat,

1186 3379 1360 3474 quid
1391 3378 1669 3469 honori,
1711 3378 2082 3472 prudenter
2117 3378 2514 3471 attendenS,
2551 3400 2709 3451 cum
2745 3379 2912 3450 nihil
2942 3379 3075 3450 boc
3111 3387 3288 3452 esset
3320 3377 3511 3450 aliud
3554 3400 3766 3472 quam
3817 3401 3989 3474 pro-

1185 3505 1401 3578 fectus
1440 3501 1603 3576 fidei
1641 3503 2009 3599 impedire,
2061 3505 2304 3598 prefati
2355 3505 2538 3598 regis
2582 3514 2896 3600 nepotem
2945 3503 3194 3575 dimitti
3243 3505 3450 3578 facias
3498 3526 3627 3577 nec
3671 3505 3988 3601 impediri

1186 3629 1538 3724 permittas
1584 3627 1954 3721 quominus
1985 3626 2078 3699 ad
2105 3649 2231 3699 nos
2262 3627 2591 3700 accedere
2620 3628 2842 3700 valeat
2868 3628 3080 3700 libere
3109 3650 3192 3701 ac
3224 3650 3487 3702 secure.
3530 3628 3736 3714 Quod
3761 3639 3988 3702 autem

1184 3752 1371 3825 idem
1415 3750 1817 3844 religionem
1856 3750 2026 3824 velit
2066 3772 2413 3823 assumere
2446 3772 2529 3822 ac
2561 3750 2694 3822 alia
2731 3772 2870 3844 que
2904 3751 2996 3824 de
3029 3751 3177 3844 ipso
3219 3753 3398 3824 sicut
3443 3753 3834 3847 accepimus
3874 3764 3993 3828 tue

1189 3874 1642 3968 magnitudini
1675 3883 1837 3947 sunt
1868 3873 2105 3965 relata,
2148 3874 2427 3947 noveris
2463 3873 2737 3968 penitus
2768 3894 2919 3946 esse
2953 3874 3146 3946 falsa.

1183 4031 1202 4038 ··
1282 4000 1525 4069 Datum
1557 3998 1968 4088 Interamna,
2004 3997 2150 4070 VIII
2182 3997 2514 4070 kalendas
2542 3997 2725 4089 julii,
2765 4018 2947 4070 anuo
2981 3997 3070 4068 X.

3144 4277 3542 4288 ——-—-———-

1291 4539 1714 4622 Fridericus
1730 4600 1753 4645 ‚
1800 4537 2320 4621 Romanorum
2363 4536 2804 4644 imperator,
2862 4536 2959 4618 de
3009 4534 3457 4617 Lombardis
3509 4532 3996 4641 conqueritur

1185 4697 1517 4783 quorum
1576 4669 2026 4755 rebelliones
2086 4679 2162 4751 et
2226 4667 2545 4778 injurias
2616 4668 2949 4752 seriatim
3010 4676 3359 4773 enarrat,
3396 4675 3472 4748 et
3513 4665 3816 4747 nuntiat
3867 4688 3949 4746 se
3966 4721 3992 4769 ,
