4842 5802
1188 655 1307 718 710
2218 652 2561 713 namuel
2612 651 2947 715 sssp'rml
3628 648 3785 729 [Anu.
3822 647 4003 710 1234.

1185 790 1413 864 edicto
1441 810 1722 885 prorsus
1752 788 1842 861 ab
1875 785 2121 860 eodem
2138 787 2552 879 eximimus3
2586 797 2965 861 statuentes
2992 807 3084 859 ne
3110 806 3417 879 unquam
3440 783 3674 877 aliqua
3708 803 4003 879 persona

1183 913 1641 988 ecclesiastica
1668 913 1779 983 vel
1818 912 2146 985 secularis
2178 932 2387 1006 super
2417 911 2551 984 hoc
2588 933 2707 984 eos
2740 910 3063 984 infestare
3094 916 3478 1003 attemptet,
3524 906 3674 980 sive
3718 906 3792 977 in
3827 906 3997 979 civi·

1187 1046 1328 1111 tate
1349 1038 1501 1108 sive
1530 1044 1726 1107 extra
1755 1034 1846 1106 sit
1870 1034 2255 1107 constituta.
2281 1034 2596 1107 Preterea
2630 1056 2756 1107 nos
2785 1054 2908 1129 per
2925 1032 3158 1106 omnia
3175 1038 3546 1125 sequentes
3566 1028 4003 1123 privilegium

1189 1161 1433 1257 prefati
1496 1157 1922 1252 imperatoris
1972 1158 2246 1229 Henrici
2282 1154 2790 1252 predecessoris
2832 1156 3043 1230 nostri
3063 1209 3083 1247 ,
3141 1154 3422 1228 eosdem
3466 1153 3657 1226 cives
3687 1153 3778 1224 ab
3812 1152 4003 1225 omni

1189 1284 1506 1356 theloneo
1531 1280 1727 1376 quod
1766 1280 1835 1350 in
1856 1281 2130 1353 civitate
2152 1290 2318 1352 tunc
2347 1280 2673 1375 temporis
2693 1280 2843 1353 dari
2875 1280 3137 1353 solebat
3169 1279 3421 1351 liberos
3445 1276 3837 1367 statuimus,
3871 1284 3941 1350 et
3961 1298 4003 1349 a

1187 1408 1526 1480 solutione
1543 1425 1981 1477 nummorum
2000 1425 2176 1497 quos
2199 1406 2415 1498 vulgo
2428 1404 2976 1499 Banphenninge
2991 1413 3061 1475 et
3079 1403 3350 1476 illorum
3367 1422 3543 1495 quos
3559 1398 4006 1494 Schozphen-

1194 1531 1404 1623 ninge
1437 1530 1954 1623 appellaverunt
1971 1537 2039 1601 et
2057 1528 2317 1622 piperis
2334 1526 2522 1621 qnod
2547 1526 2636 1600 de
2657 1527 2956 1600 navibus
2982 1516 3185 1620 exigi>
3201 1525 3489 1616 solebat,
3516 1544 3635 1597 eos
3658 1524 4006 1596 absolutos

1187 1653 1737 1750 pronuntiamus.
1789 1653 2124 1723 Volumus
2168 1653 2372 1724 etiam
2423 1661 2503 1722 ut
2550 1652 2783 1723 nullus
2825 1650 3082 1722 civium
3126 1648 3529 1721 eorumdem
3576 1657 3774 1720 extra
3812 1646 4006 1719 urbis

1192 1778 1531 1850 ambitum
1558 1775 1877 1848 advocati
1913 1775 2022 1846 sui
2062 1774 2388 1869 placitum
2416 1783 2710 1867 cogatur
2733 1774 3104 1867 requirere.
3152 1773 3487 1844 Volumus
3514 1771 3718 1843 etiam
3745 1780 3824 1840 ut
3847 1769 4006 1841 nul·

1187 1902 1297 1972 lus
1333 1899 1592 1970 civium
1638 1898 1941 1991 ipsorum
1986 1896 2194 1969 alicui
2246 1897 2591 1969 exactioni
2637 1906 2834 1968 extra
2875 1896 3222 1969 civitatem
3260 1896 3434 1967 facte
3473 1893 3565 1966 de
3605 1894 3815 1965 rebus
3856 1893 4006 1964 suis

1189 2022 1559 2094 mobilibus
1582 2023 1694 2092 vel
1725 2020 2189 2091 immobilibus
2217 2020 2569 2111 subjaceat
2586 2074 2605 2110 ,
2644 2021 2875 2091 nullus
2899 2020 3239 2114 prefectus
3267 2027 3389 2088 aut
3422 2017 3714 2109 alicujus
3742 2014 4004 2087 domiui

1188 2144 1488 2216 nuncius
1518 2143 1611 2215 ad
1648 2143 2000 2215 servitium
2050 2144 2315 2216 domini
2366 2144 2477 2215 sui
2520 2165 2562 2216 a
2598 2141 3011 2239 panificibus
3044 2144 3155 2214 vel
3207 2163 3249 2214 a
3297 2138 3703 2213 macellariis
3746 2160 3870 2211 seu
3916 2137 4008 2210 ab

1189 2269 1421 2361 aliquo
1450 2288 1700 2360 genere
1723 2265 2078 2339 hominum
2114 2268 2185 2338 in
2224 2269 2506 2341 civitate
2535 2289 2683 2340 rem
2709 2269 3011 2361 aliquam
3039 2265 3365 2339 mobilem
3395 2265 3509 2337 vel
3542 2284 3694 2337 sese
3725 2283 4008 2335 moven-

1187 2402 1324 2462 tem
1360 2399 1709 2485 presumat
1746 2390 1879 2461 illis
1914 2390 2152 2462 invitis
2180 2392 2475 2464 auferre.
2512 2391 2757 2464 Nullus
2788 2412 3095 2486 unquam
3127 2391 3369 2462 vinum
3400 2388 3593 2484 quod
3630 2374 4012 2482 appellatur

1186 2513 1474 2587 banwin
1525 2522 1878 2608 presumat
1931 2513 2237 2585 vendere
2279 2523 2398 2585 aut
2435 2514 2728 2607 alicujus
2772 2515 2947 2586 civis
2992 2515 3220 2587 navim
3260 2512 3352 2585 ad
3393 2534 3571 2609 opus
3600 2512 3709 2584 sui
3748 2509 4009 2584 domini

1188 2639 1305 2710 illo
1338 2637 1556 2709 invito
1596 2636 1932 2729 accipere.
1976 2638 2362 2708 Statuentes
2393 2658 2675 2731 quoque
2716 2647 2792 2708 ut
2838 2637 2928 2709 ab
2965 2636 3052 2708 iis
3085 2636 3208 2732 qui
3244 2658 3353 2707 res
3383 2636 3700 2731 proprias
3722 2632 4013 2729 propriis

1187 2764 1336 2836 sive
1380 2759 1742 2833 conductis
1791 2760 2090 2831 navibus
2136 2761 2618 2850 transvehunt,
2664 2760 2878 2832 nichil
2920 2761 3199 2833 omnino
3253 2760 3609 2851 exigatur,
3664 2767 4011 2830 monetam

1190 2906 1471 2980 quoque
1500 2882 1689 2955 nulla
1719 2890 2016 2977 potestas
2043 2882 2113 2952 in
2133 2883 2353 2955 levius
2380 2892 2502 2956 aut
2533 2884 2603 2956 in
2624 2884 2925 2958 deterius
2952 2883 3308 2955 imminuat
3340 2890 3462 2955 aut
3496 2882 3725 2974 aliqua
3753 2880 4015 2952 ratione

1195 3008 1330 3080 nisi
1366 3006 1710 3078 communi
1742 3007 2003 3077 civium
2053 3006 2339 3077 consilio
2376 3015 2740 3100 permutet.
2784 3007 3027 3078 Nullus
3060 3006 3149 3077 ab
3184 3006 3287 3077 eis
3330 3004 3704 3076 thelonium
3752 3005 3823 3074 in
3873 2997 4012 3074 toto

1196 3131 1590 3225 episc-opatu
1623 3136 1743 3199 aut
1784 3129 1856 3199 in
1894 3129 2059 3199 locis
2093 3128 2468 3220 fiscalibus,
2510 3130 2585 3202 id
2630 3139 2736 3200 est
2769 3129 2860 3202 ad
2892 3129 3252 3200 utilitatem
3275 3127 3542 3222 imperii
3575 3125 4014 3221 singulariter

1200 3251 1725 3350 pertinentibus,
1765 3259 2197 3345 extorqueat.
2237 3252 2309 3323 Si
2344 3253 2503 3345 quis
2535 3262 2797 3324 curtem
2817 3263 2938 3324 aut
2970 3251 3253 3324 domum
3283 3273 3405 3346 per
3436 3271 3694 3322 annum
3728 3258 3796 3321 et
3826 3235 4011 3321 diem

1199 3377 1350 3450 sine
1381 3374 1921 3448 contradictione
1947 3375 2363 3470 possederit,
2408 3377 2578 3447 nulli
2611 3377 2745 3449 hoc
2769 3376 3037 3449 interim
3071 3374 3310 3447 scienti
3345 3376 3519 3446 ultra
3543 3373 3708 3446 inde
3735 3383 4015 3468 respon-

1201 3501 1383 3574 deat.
1429 3499 1719 3572 Causam
1752 3499 1825 3567 in
1865 3499 2143 3570 civitate
2164 3500 2306 3589 jam
2335 3499 2454 3570 lite
2480 3489 2924 3573 contestatam
2953 3521 3089 3573 non
3113 3499 3478 3594 episcopus
3493 3507 3613 3569 aut
3628 3496 3858 3590 aliqua
3886 3517 4017 3590 po-

1203 3634 1412 3698 testas
1446 3633 1641 3695 extra
1666 3623 2015 3694 civitatem
2041 3619 2480 3695 determinari
2503 3624 2890 3718 compellat.
2925 3622 3299 3716 Argentine
3320 3622 3709 3695 theloneum
3735 3620 3824 3694 de
3850 3617 4016 3691 navi

1199 3769 1339 3819 non
1370 3747 1518 3841 plus
1551 3767 1758 3839 quam
1789 3745 2115 3817 tredecim
2149 3746 2469 3819 denarios
2496 3746 2661 3820 dare
2687 3756 3041 3840 cogantur.
3075 3746 3164 3818 Ut
3194 3755 3425 3818 autem
3456 3746 3587 3817 hec
3616 3735 3843 3816 nostre
3865 3763 4015 3813 ma-

1195 3870 1461 3963 jestatis
1488 3868 1913 3941 confirmatio
1929 3869 1999 3939 in
2029 3890 2233 3941 omne
2254 3889 2462 3941 evum
2493 3879 2639 3941 rata
2664 3879 2732 3942 et
2750 3870 3157 3942 inconvulsa
3180 3879 3600 3968 permaneat,
3633 3875 4016 3962 presentem

1204 3994 1528 4089 paginam
1577 3992 1912 4062 conscribi
1944 3993 2280 4082 jussimus
2331 4001 2399 4063 et
2451 3992 2658 4084 sigilli
2695 3993 2906 4065 nostri
2947 3993 3393 4086 impressione
3441 3989 3883 4062 corroborari.
3943 3987 4015 4057 Si

1204 4117 1366 4211 quis
1388 4135 1555 4185 vero
1591 4134 1766 4184 ausu
1805 4114 2164 4185 temerario
2192 4135 2343 4185 eam
2370 4117 2860 4209 presumpserit
2881 4115 3139 4187 violare
3170 4115 3278 4186 vel
3310 4114 3539 4205 aliquo
3566 4109 3769 4181 modo
3795 4117 4016 4180 atten-

1208 4250 1384 4329 tare,
1427 4247 1701 4310 centum
1747 4237 1953 4308 libras
1981 4236 2132 4307 auri
2169 4237 2320 4330 puri
2365 4258 2487 4331 pro
2519 4258 2699 4332 pena
2741 4237 2910 4309 fisco
2950 4237 3329 4333 imperialis
3356 4254 3622 4307 camere
3646 4233 4011 4327 persolvat.

1303 4365 1523 4456 Hujus
1550 4361 1643 4433 rei
1669 4369 1872 4432 testes
1894 4367 2056 4431 sunt
2089 4385 2105 4428 ε
2146 4359 2497 4453 Philippus
2522 4361 2941 4433 Coloniensis
2971 4359 3552 4454 archiepiscopus,
3588 4357 4021 4426 Hermannus

1211 4484 1763 4561 Monasteriensis
1801 4483 2198 4578 episcopus,
2250 4483 2581 4557 Rodolfus
2626 4484 2997 4580 imperialis
3043 4485 3200 4556 aule
3242 4479 3816 4577 prothonotarius,
3867 4479 4021 4551 Bal·

1214 4610 1537 4682 dewinus
1583 4607 2031 4701 Trajectensis
2078 4607 2480 4701 episcopuS,
2534 4608 2894 4680 Heinricus
2948 4609 3163 4700 major
3206 4606 3591 4705 prepositus
3636 4605 4015 4700 Spirensis,

1211 4733 1554 4805 lohannes
1582 4732 1963 4826 prepositus
1988 4731 2217 4803 Sancti
2247 4730 2599 4823 Germani,
2643 4730 2957 4804 Andreas
2991 4731 3319 4825 magister
3355 4731 3735 4820 scolarum,
3770 4727 4023 4801 Iohan-
