4842 5802
840 607 1035 665 lxnicr.
1069 606 1157 681 8.]
1746 602 2132 661 HISTORIA
2188 599 2767 662 Dll‘LOMA'l'ICA.
3548 597 3658 656 721

843 738 1138 821 civitate
1189 737 1575 846 Konigsau
1631 746 1706 816 et
1760 759 2086 844 augeam
2166 759 2388 816 suam
2460 734 2539 813 in
2600 730 3082 814 Buzinsheim
3108 789 3130 829 ,
3196 730 3663 837 mandatque

846 867 1288 952 custodibus
1342 878 1767 950 castrorum
1821 864 2204 951 Malberch
2265 875 2342 948 et
2390 863 2939 949 Weikersheim
2992 870 3067 943 et
3118 860 3438 943 civitatis
3491 861 3659 943 Κὸ-

849 1002 1123 1110 nigsau
1178 1027 1275 1084 ne
1345 1000 1816 1109 praedictum
1886 997 2259 1105 hospitale
2332 996 2822 1106 aliquomodo
2875 994 3279 1076 molestare
3340 1020 3665 1100 praesu-

849 1144 1090 1216 mant.

1014 1335 1039 1413 (
1052 1336 1348 1397 Inedltum
1381 1350 1457 1394 ex
1484 1331 1754 1412 originali
1781 1335 1844 1392 ln
1886 1330 2129 1391 archivo
2154 1329 2558 1407 praefecturae
2580 1329 3059 1407 Argentinensis,
3092 1345 3123 1384 e
3153 1326 3342 1386 Titm
3360 1323 3428 1385 de
3450 1323 3670 1407 17ιόΡί-

1093 1438 1182 1502 tal
1204 1436 1609 1520 ἄῌαφιεπαιι.
1636 1458 1669 1494 1>
1694 1436 1968 1515 Sigillum
1996 1437 2272 1496 avulsum
2301 1437 2507 1511 periit,
2539 1432 2979 1494 remanentibus
2996 1438 3231 1493 tantum
3258 1432 3487 1493 filorum
3515 1437 3671 1494 sert-

1094 1563 1300 1607 corum
1323 1547 1583 1617 laciniis,
1607 1543 2001 1604 amaranthlnl
2016 1585 2035 1620 ,
2062 1542 2205 1601 flavi
2232 1542 2556 1618 viridisque
2579 1539 2839 1615 eoloris.)

952 1718 1348 1809 Heinricus,
1390 1716 1517 1789 Dei
1567 1715 1786 1809 gratia
1822 1715 2284 1787 Romanorum
2331 1735 2456 1785 rex
2491 1722 2561 1785 et
2599 1732 2869 1807 semper
2911 1719 3280 1805 augustus,
3338 1712 3676 1785 universis

859 1840 1126 1935 imperii
1151 1838 1473 1913 fidelibus
1496 1837 1752 1931 quibus
1776 1857 2056 1931 presens
2083 1836 2305 1907 littera
2331 1836 2530 1907 fuerit
2557 1844 2831 1908 ostensa
2849 1834 3137 1928 gratiam
3158 1855 3353 1905 suam
3380 1845 3449 1906 et
3473 1856 3678 1909 omne

861 1965 1150 2037 bonum.
1192 1964 1368 2049 Quia
1408 1985 1528 2056 per
1564 1963 1990 2055 frequentem
2022 1960 2553 2031 elemosinarum
2590 1959 3017 2052 largitionem
3051 1958 3346 2031 Domino
3391 1968 3680 2034 testante

864 2088 1093 2161 omnia
1124 2086 1385 2160 munda
1427 2095 1660 2173 erunt,
1721 2085 2010 2179 dignum
2049 2083 2397 2156 videbitur
2446 2095 2514 2156 et
2549 2084 2751 2156 saluti
2786 2083 3015 2157 anime
3057 2083 3428 2178 plurimum
3462 2106 3680 2181 expe-

867 2211 1018 2285 dire
1041 2210 1233 2307 quod
1255 2233 1382 2285 nos
1408 2211 1530 2305 qui
1567 2211 1635 2281 in
1666 2210 1872 2282 rebus
1903 2208 2393 2303 temporalibus
2415 2208 2707 2279 Domino
2736 2207 3145 2302 providente
3171 2208 3390 2279 tocius
3417 2208 3681 2281 habun-

868 2335 1102 2409 dantie
1135 2334 1569 2429 possidemus
1604 2331 2125 2428 plenitudinem,
2152 2331 2369 2426 ipsius
2404 2332 2611 2404 etiam
2640 2330 2880 2402 amicis
2905 2331 3063 2422 jure
3101 2331 3403 2403 minimis
3438 2332 3683 2404 Christi

867 2459 1293 2555 pauperibus
1323 2479 1569 2530 manus
1599 2454 2069 2528 misericordie
2104 2454 2481 2548 aliquando
2504 2455 2964 2549 porrigamus.
2992 2453 3441 2526 Attendentes
3476 2454 3685 2548 igitur

873 2591 1130 2676 quanta
1183 2581 1551 2655 devotione
1585 2580 1731 2652 divi
1778 2580 2247 2675 progenitores
2298 2579 2510 2650 nostri
2560 2578 2834 2672 gloriosi
2880 2579 3319 2673 imperatores
3364 2578 3686 2654 dominus

871 2704 1258 2777 Fridericus
1286 2714 1354 2776 et
1390 2704 1717 2777 dominus
1745 2704 2105 2775 Heinricus
2149 2724 2324 2774 avus
2360 2711 2589 2775 noster
2625 2702 2910 2775 domum
2947 2701 3299 2795 hospitalis
3340 2704 3408 2771 in
3456 2705 3682 2797 Hage-

874 2849 1083 2901 nowe
1116 2828 1507 2903 elemosinis
1542 2837 1610 2900 et
1656 2826 2014 2900 structuris
2055 2826 2421 2898 salubriter
2464 2827 2533 2895 in
2576 2824 2792 2897 fundo
2830 2824 3106 2920 proprio
3141 2823 3528 2897 edificatam
3562 2847 3689 2898 or-

874 2964 1216 3027 naverunt
1250 2963 1329 3025 ut
1363 2954 1622 3026 ibidem
1655 2954 2075 3048 pauperibus
2107 2953 2377 3023 Domini
2408 2960 2478 3023 et
2513 2953 2657 3022 suis
2680 2950 2802 3045 qui
2840 2958 3100 3021 tantum
3140 2950 3497 3022 hominum
3521 2974 3690 3047 pro-

875 3078 1236 3172 spicientes
1267 3079 1707 3150 elemosinam
1738 3079 1809 3148 in
1848 3077 2197 3149 laboribus
2230 3099 2355 3171 per
2383 3097 2560 3170 quos
2595 3075 2736 3146 vite
2768 3075 3150 3147 necessaria
3196 3077 3692 3170 conquirebant

878 3199 1298 3291 defecerunt,
1315 3201 1544 3273 victus
1567 3199 1929 3272 salubriter
1947 3201 2391 3289 ministretur,
2413 3199 2483 3269 in
2509 3197 2902 3270 subsidium
2921 3219 3300 3294 pauperum
3319 3208 3389 3270 et
3407 3201 3689 3272 fratrum

878 3324 1139 3395 ordinis
1156 3324 1806 3396 Premonstratensis
1833 3323 2093 3397 ibidem
2120 3324 2407 3397 Domino
2432 3322 2938 3412 famulantium,
2965 3323 3393 3416 parrochiam
3415 3323 3487 3394 in
3508 3346 3691 3398 nova

880 3449 1156 3519 civitate
1177 3458 1408 3519 nostra
1441 3449 1928 3540 Kunegesowe
1962 3448 2198 3540 quein
2228 3445 2448 3518 fundo
2478 3455 2711 3517 nostro
2739 3446 3018 3540 proprio
3044 3455 3432 3518 constructa
3465 3446 3693 3521 dinos-

880 3570 1081 3658 citur,
1098 3590 1255 3640 cum
1286 3571 1609 3642 omnibus
1637 3571 1909 3663 juribus
1941 3572 2299 3666 parrochie
2331 3569 2780 3641 attinentibus
2812 3591 2951 3663 que
2970 3591 3160 3641 nunc
3190 3569 3395 3640 habet
3423 3573 3535 3641 vel
3558 3594 3696 3666 que

885 3692 955 3762 in
983 3701 1329 3785 posterum
1360 3692 1664 3783 habebit,
1683 3693 2005 3788 hospitali
2040 3695 2111 3763 in
2139 3695 2541 3785 Hagenowe
2573 3693 2988 3764 contulimus
3021 3693 3505 3787 perpetualiter
3534 3716 3698 3789 pos-

885 3814 1270 3886 sidendam.
1296 3814 1621 3908 Vestigiis
1672 3816 1875 3887 etiam
1940 3817 2448 3911 progenitorum
2499 3825 2885 3886 nostrorum
2935 3815 3363 3905 inherentes,
3405 3839 3693 3911 augeam

884 3948 1186 4011 nostram
1231 3937 1302 4009 in
1341 3940 1791 4012 Buzensheim
1824 3961 1963 4033 que
1997 3961 2212 4035 prope
2259 3961 2507 4011 novam
2554 3939 2895 4011 civitatem
2935 3938 3064 4010 sita
3095 3938 3395 4031 videtur,
3437 3942 3697 4015 eisdem

887 4063 1208 4135 fratribus
1240 4063 1656 4135 contulimus
1692 4064 1894 4158 pleno
1920 4065 2078 4156 jure
2107 4073 2185 4134 ut
2226 4062 2357 4157 ipsi
2399 4084 2482 4135 ea
2529 4064 2598 4133 in
2634 4062 2768 4134 hiis
2803 4083 2940 4155 que
2974 4063 3159 4134 culta
3196 4072 3265 4135 et
3299 4065 3551 4138 inculta
3584 4069 3702 4138 vi-

890 4184 1163 4277 dentur,
1183 4187 1416 4280 quoad
1434 4186 1707 4258 utilitati
1732 4207 1970 4258 eorum
1994 4185 2344 4258 videbitur
2360 4184 2721 4280 expedire,
2742 4185 2952 4258 libere
2974 4195 3277 4258 utantur.
3294 4187 3701 4262 Mandamus

890 4309 1122 4402 itaque
1171 4319 1240 4382 et
1285 4311 1417 4382 sub
1464 4320 1746 4406 optentu
1795 4310 2015 4402 gratie
2060 4317 2289 4381 nostre
2336 4305 2725 4379 firmissime
2776 4307 3185 4403 precipimus
3227 4309 3419 4401 quod
3466 4313 3701 4386 nullus

890 4435 1359 4522 scultetorum,
1409 4433 1899 4507 advocatorum
1939 4433 2090 4505 sive
2126 4431 2419 4503 aliorum
2458 4452 3055 4524 quorumcumque
3084 4430 3340 4524 quibus
3371 4454 3705 4525 procura-

894 4554 1147 4628 tionem
1182 4567 1251 4628 et
1283 4557 1666 4630 custodiam
1699 4560 1772 4628 in
1809 4558 2046 4629 castris
2069 4554 2316 4628 nostris
2345 4553 2691 4626 Malberch
2725 4563 2793 4625 et
2828 4553 3314 4627 Wikkirsheim
3355 4565 3422 4627 et
3456 4557 3525 4627 in
3555 4558 3702 4653 ipsa

896 4678 1170 4752 civitate
1209 4680 1695 4774 Kuuegesowe
1727 4680 2252 4769 committimus,
2288 4676 2673 4771 predictum
2703 4677 3034 4774 hospitale
3066 4687 3132 4750 et
3167 4679 3409 4753 fratres
3444 4681 3517 4753 in
3555 4684 3704 4779 ipsa

1094 4800 1201 4862 lv.
1242 4815 1350 4859 Pu·
1374 4818 1420 4860 2.
3316 4812 3386 4865 91
