4842 5802
826 698 1026 759 lnnrc'r.
1060 696 1147 773 9.]
1730 697 2128 760 HISTORIA
2181 693 2766 758 DIPLOMA'I'ICA.
3541 697 3657 760 821

829 854 985 903 rum
1023 832 1432 927 imperatore
1464 852 1739 928 semper
1774 843 2114 927 augusto,
2169 830 2548 905 Jerusalem
2586 839 2654 901 et
2687 828 2915 901 Sicilie
2951 851 3149 923 rege,
3195 829 3486 904 Romani
3531 833 3660 904 im-

828 955 1004 1052 perii
1046 957 1196 1050 ejus
1221 977 1408 1029 anno
1433 957 1660 1047 XVII,
1700 957 2075 1030 Jerusalem
2109 955 2239 1047 XI,
2277 954 2472 1049 regni
2510 974 2675 1026 vero
2701 952 2928 1025 Sicilie
2959 954 3306 1045 XXXVII,
3348 956 3656 1030 feliciter.

826 1078 1080 1150 Amen.

929 1205 1181 1275 Datum
1212 1201 1403 1298 apud
1434 1201 1935 1277 Columbariam
1962 1258 1980 1293 ‚
2020 1223 2236 1294 anno,
2273 1220 2511 1274 mense
2542 1209 2611 1272 et
2646 1199 3023 1274 indictione
3047 1200 3461 1298 prescriptis.

1284 1506 1361 1517 -—-
1370 1507 2263 1517 mm
2276 1507 2403 1514 ——ffl
2412 1506 2622 1513 --——-
2637 1504 3208 1513 ⁴⁴--——-—-—-——--·—

936 1772 1395 1880 FridericuS‚
1418 1772 1943 1855 Romanorum
1978 1772 2418 1881 imperator,
2448 1771 2722 1854 civium
2764 1769 3433 1881 Argentinensium
3460 1800 3661 1858 mer·
3740 1788 4024 1897 ‚3⁸23ssng

828 1906 1158 1989 cimonia
1211 1933 1349 2016 per
1401 1905 1807 2016 imperium
1859 1906 2296 1989 devehenda
2359 1905 2440 1986 in
2495 1931 2715 1988 suam
2768 1914 2844 1987 et
2894 1906 3188 2015 imperii
3255 1908 3653 2017 specialem
3768 1900 3794 1937 ⁷
3818 1896 3984 1939 Μ’·

825 2039 1147 2122 tutelam
1185 2039 1524 2148 suscipit.

993 2252 1197 2332 (Edid.
1234 2253 1637 2329 Senom’rmv,
1666 2251 1852 2314 abac.
1881 2250 2202 2332 diplmat„
2232 2259 2377 2314 tom.
2411 2253 2463 2328 1,
2494 2269 2557 2330 p.
2590 2252 2759 2331 374.)

925 2439 1341 2530 FridericuS,
1391 2440 1514 2513 Dei
1562 2439 1782 2534 gratia
1812 2440 2274 2512 Romanorum
2311 2440 2681 2534 imperator
2718 2459 2992 2533 semper
3031 2450 3402 2534 augustuS,
3441 2444 3649 2516 Jeru-

827 2563 1045 2635 salem
1075 2572 1145 2636 et
1176 2563 1405 2636 Sicilie
1434 2585 1598 2656 rex,
1641 2563 1985 2636 universis
2017 2572 2370 2658 presentes
2406 2563 2663 2635 litteras
2699 2563 3114 2659 inspecturis
3157 2562 3480 2638 fidelibus
3505 2567 3652 2639 suis

823 2685 1117 2778 gratiam
1145 2709 1342 2760 suam
1368 2696 1438 2759 et
1467 2708 1672 2760 omne
1719 2686 2006 2759 bonum.
2060 2686 2550 2781 Supplicarunt
2582 2685 2971 2759 eelsitudini
3015 2697 3241 2760 nostre
3298 2689 3486 2763 cives
3514 2689 3655 2762 Ar-

824 2809 1267 2903 gentinenses
1303 2808 1542 2884 fideles
1572 2810 1786 2884 nostri
1820 2819 1898 2882 ut
1936 2810 2122 2906 ipsos
2155 2809 2227 2880 in
2268 2810 2557 2906 imperio
2589 2817 2820 2882 nostro
2865 2831 3025 2882 cum
3059 2811 3367 2907 ipsorum
3398 2816 3654 2888 merci-

822 2933 1073 3006 moniis
1125 2934 1576 3031 prooedentes
1617 2935 1751 3007 sub
1805 2942 2034 3007 nostre
2079 2942 2149 3007 et
2196 2934 2468 3030 imperii
2526 2933 2947 3008 defensionis
2999 2937 3287 3029 gratiam
3345 2939 3651 3035 recipere

826 3056 1297 3152 dignaremur.
1340 3059 1477 3131 Nos
1504 3058 1714 3153 igitur
1745 3060 2051 3155 ipsorum
2081 3057 2700 3154 supplicationibus
2730 3058 3065 3153 inclinati,
3093 3059 3437 3156 predictos
3462 3063 3651 3138 cives

823 3203 988 3253 cum
1023 3181 1333 3278 ipsorum
1373 3182 1834 3256 mercimoniis
1871 3204 1993 3277 per
2027 3181 2393 3278 imperium
2427 3181 2873 3277 procedentes
2900 3192 3037 3255 tam
3074 3184 3143 3254 in
3187 3185 3386 3279 aquis
3436 3208 3648 3280 quam

825 3305 900 3376 in
933 3306 1126 3378 terris
1159 3328 1317 3378 cum
1347 3307 1652 3401 personis
1679 3316 1750 3379 et
1781 3306 1994 3379 rebus
2025 3306 2170 3377 suis
2198 3306 2328 3378 sub
2366 3315 2595 3379 nostra
2628 3317 2698 3379 et
2737 3307 3006 3403 imperii
3053 3310 3417 3382 securitate
3453 3333 3646 3386 rece-

824 3428 1057 3523 pimus
1111 3429 1427 3523 speciali;
1485 3430 1920 3503 universitati
1973 3439 2201 3502 vestre
2259 3428 2665 3502 mandantes
2719 3440 2788 3502 et
2841 3453 2964 3526 per
3018 3428 3374 3504 obtentum
3428 3436 3648 3526 gratie

822 3559 1053 3622 nostre
1080 3549 1359 3621 firmiter
1384 3551 1839 3647 precipientes
1867 3561 2212 3646 quatenns
2245 3553 2478 3624 nullus
2514 3553 2600 3625 sit
2636 3554 2757 3648 qui
2801 3554 3144 3650 predictos
3185 3556 3375 3629 cives
3411 3567 3645 3633 contra

820 3673 1159 3768 presentis
1207 3673 1590 3745 securitatis
1638 3686 1869 3747 nostre
1921 3676 2245 3770 paginam
2303 3697 2429 3771 per
2482 3675 2843 3771 imperinm
2904 3687 3214 3750 nostrum
3287 3700 3443 3750 cum
3501 3681 3647 3753 suis

820 3793 1289 3869 mercimoniis
1330 3796 1779 3893 procedentes
1832 3798 1904 3869 in
1958 3798 2166 3872 rebus
2202 3808 2554 3895 presumat
2613 3798 2845 3872 ledere
2893 3803 3007 3873 vel
3055 3803 3391 3897 personis,
3440 3804 3645 3889 Quod

815 3919 944 4015 qui
982 3921 1514 4017 presumpserit,
1554 3922 1929 4014 maJestatis
1966 3931 2194 3996 nostre
2230 3923 2659 3996 offensamse
2698 3925 2966 3997 noverit
2991 3925 3455 3999 incursurum.

915 4047 1166 4119 Datum
1202 4045 1392 4141 apud
1417 4046 1854 4141 Hagenowe,
1895 4047 2188 4142 septimo
2215 4047 2476 4139 martii,
2519 4069 2703 4122 none
2733 4047 3150 4122 indictionis.

2679 4369 3214 4381 —-——-———-—-—-—-—-———

928 4628 1390 4742 FridericuS‚
1466 4635 1988 4720 Romanorum
2071 4636 2518 4746 imperator,
2579 4637 2678 4719 ad
2751 4635 3375 4745 supplicationem
3446 4638 3646 4721 Petri
3809 4669 3936 4766 *⁹¹:5¹
4020 4726 4030 4742 ·

819 4758 1423 4873 Raceburgensis
1486 4770 1813 4879 episcopi
1878 4771 2010 4879 qui
2083 4770 2609 4853 investituram
2672 4768 3204 4879 temporalium
3267 4769 3645 4854 bonorum
3782 4779 3961 4820 mmm·
3998 4748 4031 4781 ”
