4842 5802
822 647 1024 709 lamet.
1054 641 1142 725 9.]
1718 636 2114 699 HISTORIA
2167 630 2758 696 DIPLOMATICA.
3528 627 3648 691 869

2113 958 2466 969 ffl-

932 1253 1359 1336 Fridericus
1376 1314 1397 1357 ,
1465 1254 1983 1338 Romanorum
2038 1256 2476 1362 imperator,
2526 1251 2925 1336 confirmat
2978 1251 3455 1335 collationem
3507 1277 3641 1334 ec-

830 1384 1102 1467 clesiae
1165 1384 1489 1468 Cellensi
1525 1385 1882 1495 (Altzell)
1906 1448 1931 1487 ‚
1973 1385 2337 1469 dioecesis
2369 1384 2809 1490 MisnensiS‚
2867 1383 2966 1467 ab
3015 1383 3484 1466 Hartmanno
3546 1384 3643 1466 de

792 1516 1163 1628 Salburg
1196 1517 1471 1600 factam
1511 1519 1608 1601 de
1660 1519 1969 1629 triginta
2015 1517 2412 1628 jugeribus
2449 1516 2838 1626 lignorum
2886 1542 3122 1625 prope
3173 1516 3637 1626 Tutenberg,

835 1650 931 1732 ad
969 1676 1198 1732 usum
1233 1653 1679 1734 comandiae
1713 1653 1810 1735 de
1845 1651 2181 1736 Zwelsen
2217 1660 2580 1759 perpetuo
2618 1649 3093 1733 servituram.

995 1888 1247 1969 (Inedit.
1276 1908 1350 1953 ex
1376 1892 1649 1970 originali
1673 1894 1738 1951 in
1767 1891 2004 1951 archivo
2026 1894 2188 1969 regio
2214 1891 2555 1952 Dresdensi.
2583 1891 2729 1951 Filis
2757 1892 2959 1951 sericis
2985 1890 3129 1951 flavi
3158 1896 3219 1951 et
3241 1892 3488 1953 violacei
3534 1910 3645 1954 co-

1078 1997 1219 2057 loris
1245 1997 1462 2074 pendet
1486 1998 1743 2076 sigillum
1766 2014 1998 2058 cereum
2022 1998 2088 2057 in
2113 1997 2307 2057 media
2338 2000 2432 2058 sui
2457 2003 2622 2074 parte
2646 1996 2901 2057 fractum
2926 2002 2986 2057 et
3009 1997 3427 2076 deperditum.)

935 2208 1014 2279 In
1044 2208 1322 2281 nomine
1356 2219 1591 2282 sancte
1638 2218 1709 2281 et
1750 2208 2112 2281 individue
2147 2208 2518 2281 Trinitatis.
2562 2208 2807 2281 Amen.
2846 2208 3231 2282 Fridericus
3264 2210 3638 2303 secundus,

841 2333 1080 2406 divina
1117 2336 1392 2406 favente
1432 2335 1792 2406 clementia
1825 2336 2286 2406 Romanorum
2327 2334 2700 2427 imperator
2729 2354 2996 2428 semper
3029 2344 3397 2427 augustuS,
3441 2337 3648 2408 Jeru-

838 2458 1049 2529 salem
1090 2467 1160 2530 et
1206 2457 1436 2529 Sicilie
1481 2479 1633 2530 rex.
1697 2457 2035 2543 Quoniam
2089 2457 2342 2550 pietate
2393 2458 2728 2529 suadente
2779 2457 3281 2552 imperatoriam
3322 2458 3649 2532 condecet

835 2582 1259 2673 majestatem
1313 2580 1780 2653 claustralium
1840 2582 2150 2651 virorum,
2194 2576 2294 2675 (a)
2341 2578 2613 2650 utilitati
2659 2579 3020 2673 providere
3073 2590 3143 2653 et
3178 2582 3439 2654 cautele
3486 2605 3645 2677 pro-

838 2704 1140 2799 spicere,
1181 2702 1365 2775 -ideo
1427 2702 1918 2775 notificandum
1972 2703 2306 2776 duximus
2355 2703 2697 2775 universis
2757 2715 2893 2774 tam
2953 2706 3387 2798 presentibus
3435 2729 3647 2800 quam

841 2828 1085 2898 futuris
1118 2827 1310 2921 quod
1362 2828 1796 2899 collationem
1838 2849 2046 2922 quam
2096 2827 2381 2899 contulit
2428 2826 2678 2899 nobilis
2727 2827 2836 2897 vir
2870 2828 3329 2899 Hartmannus
3366 2829 3457 2904 de
3502 2832 3649 2904 Sal-

836 2953 1011 3023 burc
1078 2951 1304 3023 dictus
1372 2952 1442 3022 in
1512 2953 1719 3044 lignis
1783 2952 1976 3023 XXX
2030 2953 2356 3044 jugerum
2426 2972 2638 3045 prope
2697 2951 3079 3023 Tutenberc
3153 2975 3280 3048 pro
3347 2955 3650 3028 remedio

838 3078 1067 3148 anime
1124 3098 1251 3148 sue
1307 3075 1594 3147 ecclesie
1636 3076 1924 3146 Cellensi
1957 3074 2425 3146 cisterciensis
2448 3074 2747 3161 ordinis,
2789 3075 3154 3147 Misnensis
3191 3075 3521 3169 diocesis,
3555 3078 3648 3151 ad

839 3222 1044 3271 usum
1077 3198 1438 3272 comandie
1472 3221 1611 3293 que
1651 3210 1937 3272 vocatur
1971 3200 2229 3270 Suesen
2269 3199 2363 3292 (b)
2397 3207 2732 3293 perpetuo
2773 3198 3111 3270 servitura
3143 3197 3320 3293 (sic),
3357 3222 3484 3273 nos
3516 3203 3647 3274 im·

840 3323 1080 3417 periali
1143 3322 1543 3394 auctoritate
1612 3322 1927 3394 eamdem
1985 3322 2412 3393 collationem
2461 3321 2677 3392 libere
2728 3330 2940 3392 ratam
3001 3320 3359 3411 habentes,
3422 3324 3643 3396 eidem

839 3446 1124 3518 ecclesie
1178 3445 1688 3519 confirmamus.
1748 3444 1861 3517 Ad
1918 3445 2123 3538 huJus
2173 3454 2404 3517 autem
2469 3453 2696 3516 nostre
2758 3444 3291 3516 confirmationis
3348 3447 3646 3520 futuram

840 3567 1238 3640 memoriam
1304 3578 1374 3641 et
1431 3569 1639 3641 robur
1708 3579 2042 3663 perpetuo
2107 3568 2479 3640 valiturum
2505 3620 2526 3658 ,
2587 3578 2972 3663 presentem
3030 3568 3320 3640 litteram
3381 3569 3526 3642 fieri
3580 3582 3651 3645 et

844 3691 1032 3762 bulla
1068 3688 1159 3786 (c)
1198 3692 1568 3783 maJestatis
1610 3702 1838 3762 nostre
1862 3691 2194 3783 jussimus
2228 3690 2565 3783 insigniri.

941 3815 1163 3906 Hujus
1205 3825 1433 3888 autem
1479 3816 1579 3888 rei
1635 3823 1837 3887 testes
1873 3824 2034 3886 sunt
2076 3841 2093 3884 ε
2139 3814 2550 3887 venerabilis
2589 3813 3012 3887 Eckebertus
3052 3815 3647 3911 Babenburgensis

843 3939 1240 4034 episcopm,
1292 3938 1546 4034 Syboto
1601 3938 2050 4033 Augustensis
2097 3939 2463 4034 episcopus
2485 3992 2504 4026 ‚
2540 3937 2977 4010 Bernhardus
3028 3938 3244 4011 abbas
3288 3939 3378 4012 de
3419 3942 3643 4032 Buch‚

841 4061 997 4134 Otto
1025 4083 1253 4134 comes
1283 4062 1626 4157 palatinus
1647 4062 1845 4153 Beni,
1874 4062 2203 4135 Henricus
2236 4061 2660 4154 lantgravius
2691 4062 3087 4155 Thuringie,
3112 4062 3460 4136 Conradus
3486 4065 3651 4135 bur-

842 4184 1125 4278 gravius
1159 4184 1249 4257 de
1279 4185 1709 4275 Nurenberc,
1745 4185 2068 4258 Albertus
2107 4184 2526 4279 burgravius
2565 4184 2655 4257 de
2686 4182 3132 4275 Magdeburc,
3175 4185 3526 4258 Conradus
3559 4189 3649 4259 de

924 4410 1008 4493 (a)
1051 4415 1437 4492 Pergamena,
1465 4418 1773 4490 praecipue
1793 4416 1857 4473 in
1880 4414 1994 4474 hac
2021 4418 2205 4492 parte,
2226 4418 2557 4491 temporum
2583 4413 2800 4489 injuria
2826 4411 3016 4472 deleta
3038 4418 3158 4483 est3
3188 4412 3291 4473 sed
3317 4412 3512 4474 adhuc
3539 4414 3652 4494 legi

843 4524 1034 4597 potest
1049 4562 1068 4590 ‚
1098 4521 1149 4579 si
1180 4521 1512 4580 accuratius
1533 4520 1756 4581 litteras
1779 4521 2125 4596 inspexeris.

930 4620 1007 4701 (b)
1049 4622 1239 4684 Hodie
1265 4624 1319 4683 Z
1319 4621 1537 4684 welsen.

929 4726 1002 4807 (c)
1047 4729 1218 4791 Bulla
1242 4731 1482 4804 dicitnr,
1512 4733 1647 4793 licet
1669 4748 1876 4793 revera
1899 4732 2159 4812 sigillum
2183 4745 2418 4792 cereum
2447 4745 2771 4809 appensum
2797 4728 2995 4792 fuerit.
