4842 5802
848 562 1043 624 Inter.
1080 561 1195 637 7.]2
1750 552 2143 616 HISTORIA
2172 551 2775 617 'mPLonlA'rlca
3546 543 3668 606 655

1686 824 1695 835 f
1987 819 1998 830 ο
2176 820 2185 829 0
2299 820 2303 828 ι
2763 822 2766 825 .

1586 846 1589 849 .
1896 842 1903 849 0

1192 852 1197 879 Ι
1291 844 3120 884 *ῇῲψ-ίΜῴΤΟΜἫΜ--υοέ
3135 854 3242 865 -——-

944 1096 1364 1241 'Henri‘cus',
1406 1096 1941 1229 Romanorum⁴
1964 1120 2095 1235 rex
2111 1193 2135 1238 ,
2177 1141 2448 1223 notum
2492 1122 2675 1219 facit
2718 1133 2936 1251 quod¹
2970 1132 3050 1213 in
3086 1160 3115 1241 J
3124 1132 3372 1251 udicio
3397 1157 3665 1251 acoram
3744 1153 4048 1251 [wagngffiea

850 1294 932 1350 se
991 1267 1235 1367 Hallis
1286 1265 1549 1350 habito
1615 1291 1842 1375 super
1893 1266 2403 1349 controversia
2441 1290 2663 1374 xquae
2735 1264 2930 1346 inter
2994 1265 3085 1347 G.
3156 1266 3510 1347 comitem
3567 1267 3669 1347 de

849 1401 1363 1487 Loewenstein
1410 1408 1485 1482 et
1537 1407 1993 1483 conventum
2040 1400 2136 1480 de
2186 1396 2626 1506 Madelberg
2658 1397 3092 1481 vertebatur
3125 1398 3222 1480 de
3275 1400 3669 1480 advocatia

849 1534 1102 1617 curiae
1154 1533 1233 1615 in
1302 1531 1866 1616 Churemberch
1890 1592 1914 1638 ,
1965 1530 2339 1613 sancitum
2394 1530 2542 1612 fuit
2593 1538 2679 1612 ut
2739 1530 2994 1613 comiti
3049 1555 3277 1639 super
3336 1530 3674 1617 indebita

850 1667 1315 1776 impetitione
1350 1666 1737 1750 silentium
1770 1666 2312 1775 imponeretur.

1015 1892 1264 1972 (Inedit.
1293 1910 1370 1954 ex
1403 1893 1674 1971 originali
1689 1936 1709 1966 ‚
1739 1899 1807 1954 ut
1832 1898 2005 1969 putat
2026 1891 2299 1964 Kausler,
2328 1892 2436 1968 qui
2459 1890 2631 1952 nobis
2656 1890 2815 1951 idem
2842 1893 3296 1953 instrumentum
3329 1895 3674 1957 communi-

1089 2002 1271 2061 cavit.
1316 1999 1621 2059 Intercidit
1662 1998 1924 2076 sigillum
1937 2039 1957 2072 ‚
1987 2001 2323 2058 remanente
2354 1995 2601 2056 cordula
2626 1997 2892 2057 caerulea
2924 2014 3001 2059 ex
3029 2014 3150 2075 qua
3182 2000 3483 2075 pependit.
3511 2000 3675 2061 Res-

1097 2107 1354 2182 criptum
1380 2112 1583 2165 tamen
1607 2105 1806 2181 potius
1838 2119 2020 2181 quam
2057 2105 2380 2181 genuinum
2419 2118 2547 2163 esse
2573 2119 2877 2163 censemus
2895 2144 2915 2177 ‚
2963 2103 3106 2163 dum
3151 2107 3353 2182 magni
3386 2109 3675 2167 momenti

1091 2212 1363 2286 mendae,
1384 2213 1728 2289 praesertim
1754 2212 1819 2271 in
1836 2211 2078 2271 nomine
2096 2210 2271 2286 primi
2293 2211 2462 2270 testis
2482 2214 2543 2269 et
2565 2211 2868 2270 notatione
2883 2212 3049 2285 anni,
3071 2210 3666 2290 animadvertantur.)

948 2421 1315 2494 Hainricus
1339 2475 1360 2513 ,
1411 2423 1536 2495 Dei
1594 2424 1814 2516 gratia
1868 2423 2329 2527 Romanorum
2391 2443 2521 2493 rex
2582 2442 2855 2517 semper
2908 2432 3287 2515 augustae,
3346 2426 3670 2499 omnibus

854 2543 1099 2616 Christi
1133 2543 1495 2636 fidelibus,
1533 2546 1668 2617 hoc
1698 2544 2028 2641 scriptum
2058 2544 2526 2635 intuentibuS,
2592 2543 2801 2617 fidem
2848 2544 3175 2617 adhibere
3236 2546 3662 2644 subscriptis.

849 2667 960 2741 Ad
1009 2664 1414 2741 cunctorum
1452 2668 1782 2742 volumus
1803 2669 2182 2765 pervenire
2228 2669 2554 2741 noticiam
2596 2667 2792 2761 quod
2830 2690 2990 2739 cum
3022 2669 3108 2740 lis
3148 2669 3327 2741 inter
3368 2672 3668 2745 nobilem

850 2792 1111 2881 virum,
1151 2790 1234 2863 G.
1270 2792 1711 2866 comitemde
1744 2792 2182 2866 Lewenstain
2221 2784 2321 2865 ex'
2346 2814 2525 2885 una,
2578 2802 2649 2865 et
2678 2791 3099 2886 prepositum
3142 2801 3211 2864 et
3254 2803 3668 2866 conventum

856 2917 943 2991 de
998 2916 1468 3005 Madererch,
1517 2917 1783 2990 ordinis
1834 2917 2480 2990 Premonstrateusis
2501 2969 2522 3007 ,
2580 2924 2960 2988 verteretur
3010 2937 3102 2987 ex
3158 2926 3357 3012 parte
3410 2920 3624 2993 altera
3643 2974 3664 3008 ‚

850 3060 1058 3136 super
1087 3039 1452 3132 advocatia
1483 3040 1785 3134 curiein
1841 3039 2373 3132 Churemberch,
2410 3060 2625 3133 quam
2658 3038 2792 3110 sibi
2832 3038 3018 3110 idem
3062 3060 3292 3113 comes
3334 3042 3670 3118 violenter

848 3172 916 3235 et
947 3174 1183 3235 contra
1205 3156 1557 3254 justiciam
1587 3163 1936 3237 nitebatur
1966 3163 2340 3236 vendicare
2366 3172 2436 3244 et
2465 3183 2594 3238 suo
2624 3162 2932 3264 dominio
2964 3164 3366 3257 subjugare,
3404 3173 3670 3239 contra-

850 3285 1128 3358 dicente
1158 3287 1418 3380 prefato
1452 3287 1799 3382 preposito
1854 3296 1925 3358 et
1980 3296 2326 3360 conventu
2367 3285 2560 3380 quod
2610 3286 2822 3357 nichil
2862 3285 3148 3358 haberet
3179 3288 3354 3378 juris
3405 3290 3477 3360 in
3520 3291 3669 3383 ipsa

854 3410 1072 3497 curia,
1109 3430 1239 3480 nec
1269 3409 1345 3479 in
1367 3409 1717 3503 aliquibus
1749 3409 1952 3482 honis
1982 3408 2076 3502 ad
2108 3410 2418 3503 ipsorum
2449 3410 2938 3481 monasterium
2966 3410 3469 3503 pertinencium
3497 3409 3661 3510 (sic),

856 3533 1129 3606 ratione
1188 3532 1549 3606 advocatie
1618 3534 1730 3605 vel
1760 3537 1765 3546 “
1796 3535 2305 3627 cujuscumque
2384 3532 2707 3623 dominii3
2771 3531 3082 3627 partibus
3154 3532 3366 3625 igitur
3409 3555 3669 3608 eoram

850 3657 1049 3729 nobis
1106 3656 1637 3752 conparentibus
1686 3657 1760 3727 in
1785 3656 2052 3747 judicio
2068 3658 2200 3746 ‚nin
2248 3656 2525 3727 civitate
2564 3654 2780 3727 Hallis
2817 3654 3051 3726 habito
3073 3708 3095 3746 ,
3147 3677 3238 3727 ex
3278 3665 3470 3751 parte
3518 3680 3671 3752 pre-

849 3779 968 3852 fati
999 3781 1329 3875 prepositi
1369 3788 1440 3853 et
1479 3788 1879 3851 conventus>
1911 3780 2020 3851 sui
2068 3778 2428 3852 evidenter
2472 3777 2602 3847 fuit
2639 3785 2991 3849 ostensum
3013 3830 3032 3866 ,
3068 3786 3137 3849 et
3174 3799 3299 3871 per
3330 3781 3674 3854 autentica

851 3903 1229 3977 litterarum
1262 3905 1712 3976 instrumenta
1753 3902 2087 3995 legittime
2117 3893 2611 3997 conprobatum
2640 3899 2829 3993 quod
2849 3953 2869 3990 ,
2906 3910 2983 3970 ut
3011 3901 3477 3995 premisimus,
3511 3924 3673 3998 pre-

850 4026 1034 4099 fatus
1066 4049 1294 4100 comes
1347 4028 1609 4099 nullam
1642 4025 1925 4098 omnino
1974 4024 2048 4094 in
2079 4023 2455 4118 predictam
2491 4023 2749 4095 curiam
2785 4023 3068 4110 haberet
3091 4023 3668 4115 jurisdictionem.

851 4148 1051 4222 Unde
1088 4171 1130 4222 a
1163 4148 1430 4221 cunctis
1474 4168 1711 4220 coram
1746 4145 1952 4219 nobis
1996 4144 2258 4219 ibidem
2302 4135 2869 4236 consistentibus,
2906 4166 3030 4241 per
3061 4147 3477 4221 ordinariam
3520 4169 3676 4220 sen-

848 4273 1144 4344 tenciam
1204 4272 1337 4343 fuit
1403 4272 1777 4363 sancitum,
1852 4278 1934 4340 ut
1984 4270 2289 4365 sepefato
2340 4269 2572 4340 comiti
2637 4289 2845 4364 super
2899 4268 3205 4342 indebita
3256 4270 3679 4365 impetitione

848 4395 1184 4487 prelibato
1234 4395 1426 4486 curie
1476 4394 1825 4465 silentium
1878 4393 2386 4488 imponeremus
2407 4445 2427 4481 ‚
2465 4401 2534 4464 et
2580 4390 2922 4488 predictos
2971 4393 3158 4465 viros
3205 4393 3558 4486 religiosos
3603 4395 3677 4466 iu

853 4539 979 4590 sua
1009 4516 1326 4590 libertate
1358 4517 1923 4614 defenderemus.
1952 4499 2154 4602 Quod
2210 4516 2300 4589 de
2343 4514 2775 4611 plenitudine
2822 4515 3086 4588 consilii
3133 4499 3517 4590 nostrorum
3564 4541 3676 4590 as-

856 4620 1237 4733 sessorum,
1273 4641 1591 4735 protinus
1630 4621 1965 4714 duximus
2007 4639 2526 4735 adimplendum
2544 4692 2565 4730 ,
2601 4638 3008 4711 mandantes
3047 4639 3333 4713 sculteto
3381 4641 3681 4715 civitatis
