4842 5802
866 604 1061 663 buter.
1093 600 1178 684 8.]
1768 600 2169 661 HISTORIA
2216 599 2804 660 DIPLOMATICA.
3576 606 3685 665 711

868 757 995 809 nes
1030 734 1419 831 prepositus
1456 733 1547 806 de
1581 734 1917 817 Omnibus
1958 735 2258 826 Sanctis,
2308 733 2768 825 Marguardus
2809 734 3192 829 prepositus
3226 737 3452 810 Sancti
3498 739 3689 809 Pauli

868 860 942 931 in
967 859 1393 948 Wormacia,
1429 857 1871 931 Eberhardus
1896 859 2483 955 archipresbyter,
2519 858 2874 933 Conradus
2903 860 3243 953 palatinus
3276 861 3446 937 Reni
3468 915 3489 953 ,
3533 862 3691 934 Fri-

868 982 1144 1056 dericus
1198 981 1351 1054 dux
1395 981 1683 1073 Suevie‚
1728 983 2110 1057 Florentius
2161 1003 2392 1057 comes
2441 982 2833 1073 Hollandie,
2876 981 3287 1062 ,Gerhardus
3330 1007 3558 1058 comes
3603 986 3694 1059 de

866 1107 1044 1196 Lon,
1081 1106 1448 1178 Heinricus
1482 1126 1711 1178 eomes
1734 1104 2109 1195 Gelrensis,
2149 1107 2306 1178 Otto
2340 1105 2433 1188 de
2458 1106 3015 1194 ‚Binthenheim,·
3048 1129 3276 1181 comes
3316 1110 3573 1204 Symon
3603 1110 3692 1185 de

867 1228 1335 1318 Sarabrukke,
1373 1228 1615 1301 Comes
1650 1229 2009 1301 Heinricus
2045 1228 2137 1301 de
2166 1229 2433 1317 Dietse,
2488 1230 2721 1324 Poppo
2759 1230 2849 1302 de
2877 1230 3286 1320 Wertheim,
3340 1232 3694 1305 Conradns

869 1350 960 1424 de
991 1352 1455 1445 Buchiesberg
1482 1351 1971 1449 (Bockesberg)
1987 1404 2007 1443 ,
2052 1352 2414 1425 Heinricus
2445 1351 2535 1425 de
2557 1351 2835 1425 Chuoch
2858 1406 2878 1441 ,
2918 1355 3380 1427 Hartmannus
3407 1355 3498 1428 de
3521 1356 3696 1428 Bue-

866 1476 1139 1568 tingen,
1198 1477 1541 1571 Rupertus
1575 1474 1668 1551 de
1703 1477 1974 1567 Durne,
2016 1476 2379 1557 Heinricus
2423 1478 2837 1549 marscalcus
2850 1529 2870 1567 ‚
2924 1476 3283 1550 Cunradus
3332 1478 3689 1573 pincerna,

868 1599 1052 1673 Cono
1079 1599 1170 1671 de
1196 1599 1684 1692 Minoenberg,
1707 1599 2077 1673 Anselmns
2095 1600 2533 1690 marscalcus,
2574 1601 2955 1674 Wicelinns
2983 1599 3075 1674 de
3107 1603 3324 1694 Berge
3342 1657 3362 1694 ,
3404 1601 3695 1677 Anshel-

868 1743 1026 1795 mus
1058 1721 1150 1795 de
1180 1723 1491 1816 Roninge
1510 1779 1527 1810 ,
1568 1722 1994 1815 GotefriduS,
2026 1733 2094 1794 et
2124 1723 2239 1794 alii
2272 1724 2739 1817 quamplures.

964 1846 1255 1939 Signum
1286 1845 1554 1933 domini
1581 1847 1913 1933 Friderici
1950 1847 2415 1921 Romanorum
2453 1846 2881 1941 imperatoris
2918 1846 3375 1921 invictissimi.
3432 1848 3692 1945 (Mono-

863 1944 1234 2065 qramma.)

963 2093 1112 2186 Ego
1129 2093 1479 2166 Gott'ridus
1507 2092 1884 2187 imperialis
1910 2093 2068 2165 aule
2086 2094 2568 2182 cancellarius,
2593 2094 2749 2164 vice
2767 2093 3082 2165 Cristiani
3095 2095 3494 2188 Maguntine
3506 2093 3690 2166 sedis

868 2216 1368 2311 archiepiscopi
1403 2225 1471 2289 et
1503 2214 1871 2289 Germanie
1906 2217 2518 2306 archicancellarii,
2552 2216 2950 2308 recognovi.

966 2339 1136 2414 Acta
1167 2348 1331 2413 sunt
1359 2340 1491 2413 hec
1526 2362 1710 2413 anno
1747 2339 2090 2413 dominice
2124 2340 2610 2414 incarnationis
2635 2340 3093 2431 MCLXXXll,
3133 2339 3505 2412 indictione
3534 2340 3686 2429 XV,

868 2476 1202 2559 regnante
1229 2465 1510 2537 domino
1532 2463 1876 2537 Friderico
1898 2464 2303 2559 imperatore
2321 2463 2833 2558 gloriosissimo,
2854 2484 3037 2534 anno
3053 2463 3248 2555 regni
3270 2465 3423 2555 ejus
3439 2465 3660 2536 XXXI
3672 2520 3688 2551 ,

870 2589 1142 2684 imperii
1176 2609 1345 2660 vero
1372 2588 1678 2660 XXVIII.

965 2713 1214 2783 Datum
1235 2712 1607 2805 Maguntiis
1639 2712 1711 2783 in
1732 2711 2069 2805 solempni
2100 2710 2327 2800 curia,
2361 2711 2449 2781 Vl
2483 2708 2815 2782 kalendas
2834 2710 3016 2801 junii
3036 2763 3057 2801 ,
3096 2710 3398 2783 feliciter.
3433 2708 3681 2783 Amen.

967 2836 1107 2908 Nos
1154 2835 1365 2930 igitur
1396 2833 1699 2908 inclinati
1730 2834 2048 2930 precibus
2081 2833 2341 2906 civium
2379 2832 2875 2928 predictorum,
2921 2833 3104 2908 idem
3133 2835 3569 2929 privilegium
3604 2834 3694 2907 de

869 2960 1085 3032 verbo
1125 2959 1217 3032 ad
1242 2959 1535 3031 verbnm
1574 2958 1874 3053 presenti
1909 2958 2162 3054 pagine
2202 2957 2482 3029 inscribi
2529 2959 2843 3044 fecimus,
2892 2958 3299 3031 innovantes
3342 2969 3410 3030 et
3444 2958 3693 3030 confir-

870 3092 1138 3155 mantes
1173 3082 1578 3160 auctoritate
1602 3082 1792 3175 regia
1829 3082 2214 3171 libertates,
2271 3082 2808 3154 consuetudines
2860 3081 3113 3176 pariter
3165 3091 3235 3153 et
3281 3082 3575 3154 honores
3611 3103 3693 3154 ac

872 3207 1101 3278 omnia
1138 3227 1417 3301 prorsus
1432 3207 1593 3298 jura
1624 3226 1763 3299 que
1794 3206 2056 3277 civitati
2089 3206 2397 3301 Spirensi
2432 3206 2506 3277 in
2535 3206 2781 3280 eodem
2807 3206 3170 3300 privilegio
3205 3217 3367 3279 sunt
3391 3206 3684 3280 indulta.

870 3329 1268 3403 Inhibemns
1295 3331 1527 3425 itaque
1562 3329 1847 3402 firmiter
1873 3338 1943 3401 et
1969 3329 2292 3402 distincte
2325 3328 2687 3426 (districte)
2718 3329 2850 3401 sub
2885 3329 3166 3402 obtentu
3204 3329 3435 3421 gracie
3465 3341 3694 3403 nostre

874 3475 963 3524 ne
977 3454 1117 3524 ulla
1135 3475 1427 3548 persona
1455 3455 1589 3525 alta
1623 3455 1732 3527 vel
1749 3453 2057 3544 humilis,
2089 3453 2553 3525 ecclesiastica
2580 3454 2693 3525 vel
2728 3452 3081 3543 seculariS,
3112 3451 3489 3545 predictam
3518 3454 3687 3524 civi-

875 3583 1081 3646 tatem
1103 3576 1490 3669 Spirensem
1515 3578 1629 3648 vel
1659 3576 1852 3648 cives
1892 3576 2108 3670 ipsius
2135 3584 2371 3646 contra
2403 3587 2707 3646 tenorem
2741 3575 3256 3668 privilegiorum
3275 3576 3694 3669 presentium

877 3708 1207 3792 aggravet
1237 3696 1468 3792 aliquo
1501 3700 1709 3773 modo
1740 3700 1854 3771 vel
1890 3698 2224 3769 molestet.
2266 3697 2339 3767 Si
2367 3696 2527 3789 quis
2549 3696 2760 3788 igitur
2782 3695 2915 3768 hoc
2941 3705 3344 3791 attemptare
3381 3718 3692 3791 presum-

875 3820 1068 3911 serit,
1106 3830 1332 3917 preter
1367 3822 1442 3895 id
1479 3823 1671 3917 qnod
1711 3845 1752 3895 a
1789 3831 2018 3896 nostre
2063 3819 2437 3912 majestatis
2474 3818 2708 3911 gracia
2746 3828 2851 3889 est
2895 3820 3262 3912 exclusus,
3301 3822 3520 3893 solvet
3563 3822 3693 3894 du-

875 3954 1106 4017 centas
1148 3968 1410 4020 marcas
1439 3947 1591 4020 auri
1626 3968 1748 4042 pro
1782 3966 1987 4041 pena,
2017 3966 2310 4038 quarum
2354 3942 2686 4014 medietas
2732 3941 2932 4014 cedat
2980 3941 3175 4035 fisco,
3226 3945 3490 4039 reliqua
3529 3968 3692 4019 vero

872 4068 1206 4142 medietas
1242 4071 1463 4165 passis
1495 4071 1818 4163 injuriam
1846 4069 2296 4165 persolvetur.

969 4193 1202 4265 Testes
1239 4193 1449 4285 hujus
1479 4194 1581 4266 rei
1616 4203 1779 4267 sunt
1815 4221 1832 4264 ε
1877 4193 2233 4267 Conradus
2265 4191 2603 4287 Spirensis
2644 4190 3041 4285 episcopuS,
3079 4191 3451 4265 Landolfns
3495 4194 3693 4265 Wor·

876 4315 1235 4388 maciensis
1280 4317 1537 4389 electus
1585 4315 1724 4413 (l),
1777 4315 2131 4390 Conradus
2164 4316 2258 4389 de
2302 4314 2533 4387 Steina
2582 4315 3006 4410 prepositus,
3055 4315 3347 4389 Sifridus
3395 4315 3696 4390 decanus

946 4615 1017 4689 (4)
1054 4617 1332 4688 Quomodo
1364 4620 1455 4678 isti
1488 4621 1596 4678 duo
1626 4620 1852 4694 praelati
1875 4621 2152 4680 rebellioni
2177 4620 2391 4678 Henrici
2419 4621 2564 4693 regis
2597 4636 2790 4679 manus
2822 4620 3083 4691 dederint,
3115 4637 3182 4678 ex
3207 4621 3503 4718 Annalibus
3544 4624 3697 4679 Wor-

876 4714 1224 4771 metientibus
1255 4716 1402 4774 clare
1426 4718 1832 4791 comperimus:
1866 4739 1894 4773 «
1921 4719 2090 4779 Erant
2112 4719 2260 4776 cives
2288 4717 2571 4791 Spirenses
2591 4733 2719 4774 cum
2744 4718 3235 4776 Wormatiensibus
3268 4718 3326 4775 in
3347 4719 3453 4778 hoc
3477 4720 3699 4780 articulo
