4842 5802
862 623 1059 681 horor.
1091 617 1177 702 8.]
1767 616 2166 677 HISTORIA
2214 613 2803 675 mPLOMA'rch.
3575 616 3683 675 ’111

865 775 992 827 nes
1028 752 1419 848 prepositus
1457 750 1546 822 de
1580 749 1915 822 Omnibus
1957 750 2256 841 Sanctis,
2306 748 2767 839 Marguardus
2807 748 3192 842 prepositus
3225 749 3452 820 Sancti
3497 748 3690 820 Pauli

866 877 939 949 in
965 876 1392 964 Wormacia,
1427 874 1870 955 Eberhardns
1895 874 2481 969 archipresbyter,
2518 871 2872 949 Conradus
2901 871 3243 965 palatinus
3276 872 3446 947 Reni
3469 925 3489 964 ,
3536 873 3692 945 Fri-

865 1000 1144 1073 dericns
1198 998 1350 1072 dux
1397 997 1684 1089 Suevie,
1728 998 2107 1070 Florentius
2160 1017 2390 1070 comes
2439 996 2833 1087 Hollan'die,
2875 994 3288 1075 ,Gerhardns
3330 1017 3559 1068 comes
3604 997 3696 1070 de

865 1125 1044 1213 Lon,
1082 1122 1449 1195 Heinricus
1483 1142 1711 1194 comes
1734 1119 2109 1209 Gelrensis,
2148 1122 2305 1193 Otto
2339 1119 2431 1201 de
2458 1119 2986 1206 „Binthenheim,
3047 1141 3278 1192 comes
3318 1121 3576 1215 Symon
3605 1119 3695 1193 de

867 1245 1335 1334 Sarabrukke,
1374 1244 1615 1317 Comes
1650 1244 2024 1316 Heinricus‘
2044 1243 2136 1316 de
2166 1243 2432 1330 Dietse,
2486 1243 2721 1336 Poppo
2759 1242 2847 1314 de
2877 1242 3286 1333 Wertheim,
3341 1242 3696 1315 Conradns

869 1368 960 1442 de
993 1368 1456 1461 Buchiesberg
1483 1366 2007 1463 (Bockesherg),
2050 1366 2414 1438 Heinricus
2445 1365 2533 1437 de
2556 1365 2836 1437 Chuoch
2858 1419 2877 1454 ,
2919 1367 3381 1438 Hartmannus
3410 1365 3500 1437 de
3524 1368 3698 1438 Bue-

867 1493 1141 1585 tingen,
1199 1493 1543 1586 Rupertus
1577 1489 1669 1566 de
1704 1492 1974 1581 Durne,
2016 1490 2379 1564 Heius-icus
2424 1489 2871 1580 marscalcuS,
2924 1488 3284 1561 Cunradus
3332 1488 3691 1584 pincerna,

870 1616 1053 1689 Cono
1082 1615 1172 1687 de
1197 1614 1687 1706 Mincenberg„
1709 1613 2078 1688 Anselmns
2096 1613 2534 1702 marscalcus,
2575 1613 2957 1686 Wicelinus
2985 1611 3076 1685 (16
3108 1614 3363 1705 Berge,
3406 1611 3698 1685 Anshel-

871 1761 1029 1811 mus
1063 1738 1153 1810 de
1182 1738 1491 1832 Roninge
1513 1795 1529 1824 ‚
1570 1737 1995 1828 GotefriduS,
2028 1746 2096 1808 et
2124 1736 2238 1808 alii
2272 1737 2740 1830 quamplures,

967 1862 1258 1955 Signum
1289 1860 1556 1948 domini
1584 1860 1913 1945 Friderici
1951 1861 2415 1934 Romanorum
2455 1858 2882 1953 imperatoris
2920 1857 3378 1931 invictissimi.
3434 1858 3695 1954 (Mono-

866 1984 1238 2078 9ramma.)
2523 2056 2526 2060 .

967 2109 1116 2202 Ego
1134 2107 1483 2181 Gotfridus
1511 2106 1886 2202 imperialis
1911 2107 2071 2178 aule
2088 2106 2570 2194 cancellarius,
2595 2106 2751 2176 vice
2770 2103 3083 2176 Cristiani
3097 2104 3498 2198 Maguntine
3509 2103 3695 2175 sedis

871 2232 1370 2325 archiepiscopi
1406 2239 1475 2304 et
1507 2229 1874 2302 Germanic
1909 2229 2521 2316 archicancellarii,
2554 2227 2952 2319 recognovi.

970 2354 1142 2427 Acta
1173 2363 1335 2427 sunt
1363 2354 1495 2426 hec
1530 2375 1713 2425 anno
1750 2353 2092 2425 dominice
2127 2352 2612 2425 incarnationis
2637 2351 3096 2440 MCLXXXII,
3136 2349 3510 2422 indictione
3538 2350 3690 2438 XV,

873 2489 1207 2573 regnante
1236 2477 1514 2550 domino
1536 2477 1880 2549 Friderico
1901 2476 2304 2571 imperatore
2324 2474 2836 2569 gloriosissimo,
2857 2494 3040 2546 anno
3055 2474 3251 2565 regni
3273 2475 3426 2566 ejus
3444 2475 3693 2561 XXXI,

877 2602 1148 2697 imperii
1183 2623 1349 2673 vero
1377 2601 1682 2672 XXVIII.

972 2727 1219 2797 Datum
1242 2724 1612 2818 Magantiis
1641 2724 1714 2794 in
1736 2722 2072 2817 solempni
2104 2721 2330 2811 curia,
2364 2722 2454 2794 VI
2485 2720 2819 2792 kalendas
2838 2720 3018 2812 Junii
3039 2774 3060 2811 ,
3101 2720 3403 2793 feliciter.
3437 2719 3685 2794 Amen.

975 2849 1115 2920 Nos
1162 2847 1371 2942 igitur
1401 2846 1704 2920 inclinati
1736 2846 2052 2942 precibus
2084 2843 2347 2918 civium
2384 2843 2878 2939 predictorum,
2924 2843 3106 2917 idem
3136 2844 3576 2939 privilegium
3610 2843 3699 2916 (16

879 2971 1093 3045 verbo
1133 2971 1224 3044 ad
1251 2971 1541 3042 verbum
1578 2970 1879 3064 presenti
1913 2970 2166 3065 pagine
2205 2969 2486 3040 inscribi
2533 2969 2846 3053 fecimus,
2896 2968 3302 3040 innovantes
3346 2978 3414 3039 et
3449 2967 3697 3039 conflr-

880 3104 1147 3166 mantes
1180 3094 1583 3172 auctoritate
1608 3093 1798 3186 regia
1834 3093 2219 3181 libertateS,
2276 3092 2811 3163 consuetudines
2865 3091 3116 3185 pariter
3169 3098 3238 3162 et
3286 3091 3579 3163 honores
3615 3111 3697 3162 ac

880 3218 1113 3290 omnia
1148 3239 1424 3312 prorsus
1439 3218 1599 3308 jura
1631 3238 1768 3308 que
1800 3217 2061 3288 civitati
2095 3215 2401 3310 Spirensi
2435 3215 2508 3286 in
2539 3215 2782 3288 eodem
2809 3214 3173 3309 privilegio
3209 3225 3370 3285 sunt
3395 3214 3689 3287 indulta.

880 3341 1277 3412 Inhibemus
1305 3341 1534 3432 itaque
1569 3340 1854 3412 firmiter
1879 3350 1946 3412 et
1976 3339 2297 3411 distincte
2330 3337 2690 3433 (districte)
2721 3338 2853 3409 sub
2889 3338 3170 3410 obtentu
3209 3338 3438 3429 gracie
3468 3347 3699 3409 nostre
