4842 5802
1224 625 1346 688 892
2214 625 2641 688 rmnnnlcl
2690 625 3033 688 sncumm
3662 627 3829 705 [An.
3867 629 4037 692 1236.

1231 762 1303 831 in
1354 760 1587 854 aliquo
1626 761 2009 833 molestare.
2059 760 2264 846 Quod
2294 762 2717 856 quicumque
2753 758 3244 856 presumpserit
3289 756 3835 853 indignationem
3880 785 4041 837 nos-

1230 893 1403 955 tram
1432 893 1500 956 et
1536 884 1804 978 imperii
1838 906 1913 955 se
1940 885 2206 957 noverit
2243 885 2542 978 graviter
2574 885 3039 957 incursurum.

1330 1009 1578 1080 Datum
1605 1008 1677 1078 in
1710 1008 1947 1080 castris
1985 1009 2058 1079 in
2091 1007 2352 1104 prediis
2380 1007 2726 1103 Auguste,
2761 1006 2983 1080 XXIII
3011 1005 3193 1098 julii,
3237 1004 3356 1077 lx·
3389 1005 3804 1081 indictionis.

3069 1313 3612 1325 -———

1332 1591 1757 1675 Fridericus
1772 1653 1796 1698 ,
1862 1591 2383 1675 Romanorum
2454 1590 2894 1699 imperator,
2969 1614 3108 1698 pro
3169 1589 3458 1673 devotis
3521 1588 3841 1674 servitiis
3906 1589 4033 1671 ci-

1226 1724 1437 1808 vium
1491 1723 2108 1834 Maguntinorum
2174 1723 2282 1805 eis
2354 1722 2681 1832 gratiam
2744 1719 2923 1835 facit
2966 1731 3053 1805 ut
3095 1721 3358 1805 nullus
3404 1731 3616 1804 extra
3660 1722 4034 1805 civitatem

1226 1883 1357 1941 eos
1395 1856 1493 1939 ad
1532 1882 1759 1939 suum
1787 1856 2162 1963 judicium
2197 1855 2497 1937 trahere
2531 1857 2812 1963 possit,
2861 1853 3008 1936 nisi
3047 1853 3128 1935 in
3173 1853 3467 1937 civitate
3504 1881 3644 1938 sua
3679 1880 4031 1965 conque-

1222 1989 1567 2075 rentibus
1601 1990 1698 2071 de
1733 1988 1916 2098 ipsis
1944 1988 2318 2100 justitiam
2353 1987 2890 2098 denegaverint
2922 1985 3301 2070 exhibere.

1381 2203 1651 2283 (Edldcr.
1682 2202 1946 2275 Osrm,
1967 2199 2207 2263 Samml.
2237 2200 2713 2280 matamala„
2734 2208 2785 2263 t.
2805 2204 2858 2275 1,
2877 2221 2941 2280 p.
2961 2203 3692 2276 422.—Hmssmm,
3711 2199 4027 2283 Diplomat.

1457 2307 1701 2368 Beweiss
1735 2306 1832 2368 des
1872 2306 2077 2369 haum
2113 2305 2386 2382 Hohenl„
2418 2312 2468 2368 t.
2497 2308 2551 2382 1,
2581 2325 2644 2384 p.
2694 2316 2834 2383 401,
2882 2317 2949 2368 n⁶
2976 2308 3205 2386 XXVI,
3242 2325 3317 2370 ex
3358 2311 3527 2386 copta
3559 2308 3932 2370 collatIonata
3965 2310 4030 2368 in
4126 2374 4141 2389 ⁶

1452 2416 1739 2489 archivo.)

1311 2603 1388 2673 In
1429 2600 1707 2671 nomine
1742 2607 1977 2670 sancte
2011 2607 2081 2669 et
2110 2596 2483 2670 individue
2516 2597 2887 2670 Trinitatis.
2934 2597 3322 2669 Fridericus
3361 2596 3745 2686 secundus,
3787 2595 4027 2669 divina

1214 2727 1492 2798 favente
1526 2723 1883 2796 clementia
1913 2723 2372 2795 Romanorum
2417 2723 2787 2817 imperator
2823 2743 3095 2816 semper
3132 2731 3506 2816 augustus,
3546 2721 3920 2794 Jerusalem
3958 2731 4029 2793 et

1210 2848 1440 2922 Sicilie
1471 2868 1623 2920 rex.
1667 2845 2067 2918 Liberalitas
2097 2845 2485 2942 principum
2524 2855 2594 2919 et
2629 2845 3012 2939 augustalis
3060 2846 3275 2939 gloria
3308 2844 3665 2940 dignitatis
3694 2854 3860 2917 tunc
3903 2865 4028 2917 ex·

1212 2973 1566 3047 cellentius
1607 2970 1841 3042 rutilat
1882 2971 1953 3041 in
1997 2969 2322 3060 subjectis
2349 2979 2420 3042 et
2456 2969 2733 3043 devotio
2777 2969 3241 3061 subjectorum
3276 2991 3444 3041 cura
3487 2970 3638 3063 (sic)
3672 2969 3892 3059 surgit
3932 2967 4027 3041 ad

1209 3095 1543 3189 obsequia
1573 3093 2025 3187 promptiora,
2065 3115 2222 3165 cum
2257 3113 2375 3165 eos
2423 3094 2700 3188 respicit
2736 3093 3170 3187 providentia
3215 3092 3635 3166 dominantis
3661 3114 3804 3187 qua
3836 3093 4026 3165 nulla

1208 3241 1319 3292 res
1350 3227 1456 3291 est
1485 3217 1923 3290 favorabilior
1957 3216 2209 3311 populo
2242 3214 2575 3288 beneficio
2610 3217 2964 3289 libertatis.
3009 3218 3185 3289 Hinc
3213 3226 3316 3289 est
3351 3216 3585 3310 itaque
3618 3214 3812 3309 quod
3862 3237 4023 3310 pre·

1208 3342 1382 3415 senti
1428 3341 1681 3434 scripto
1741 3340 2007 3412 noverit
2057 3361 2338 3435 presens
2384 3349 2530 3413 etas
2579 3350 2647 3412 et
2699 3341 2926 3413 futura
2982 3340 3344 3436 posteritas
3393 3338 3584 3434 quod
3629 3360 3756 3412 nos
3798 3349 4021 3413 atten-

1209 3466 1451 3539 dentes
1484 3464 1737 3538 devota
1779 3473 1850 3536 et
1885 3461 2113 3536 fidelia
2155 3463 2437 3536 servitia
2469 3485 2608 3557 que
2643 3465 2831 3537 cives
2874 3465 3256 3558 Maguntini
3294 3462 3533 3537 fideles
3571 3464 3783 3535 nostri
3829 3485 3872 3536 a
3901 3484 4022 3535 re-

1207 3590 1483 3663 troactis
1541 3588 1964 3683 temporibus
2014 3587 2200 3659 divis
2247 3588 2562 3679 augustis
2609 3608 2743 3660 avo
2797 3601 3028 3660 nostro
3077 3587 3420 3660 Friderioo
3453 3595 3525 3659 et
3567 3587 3745 3684 patri
3790 3595 4021 3660 nostro

1204 3714 1496 3786 Henrico
1559 3714 2017 3785 Romanorum
2073 3710 2599 3805 imperatoribus
2643 3712 2971 3784 memorie
3024 3709 3418 3802 recolende,
3474 3720 3704 3783 nostre
3740 3732 4021 3805 quoque

1206 3835 1544 3930 majestati
1575 3835 2046 3907 exhibuerunt
2084 3834 2414 3907 hactenus
2448 3844 2518 3905 et
2547 3856 2687 3928 que
2721 3836 3141 3907 incessanter
3169 3834 3500 3906 exhibent
3532 3844 3602 3906 et
3636 3855 3777 3928 que
3817 3834 4018 3908 nobis

1205 3969 1275 4032 et
1309 3959 1560 4031 nostris
1590 3957 1961 4032 heredibus
1992 3958 2325 4030 exhibere
2356 3966 2678 4052 poterunt
2710 3960 3035 4051 gratiora,
3075 3957 3166 4030 de
3197 3959 3430 4030 innata
3468 3958 4015 4031 mansuetudinis

1207 4092 1437 4155 nostre
1473 4083 1693 4174 gratia
1723 4103 1862 4176 qua
1914 4081 2401 4153 consuevimus
2437 4081 2615 4153 bene
2647 4082 2902 4154 meritis
2943 4081 3393 4175 respondere,
3432 4080 3692 4154 eisdem
3741 4080 4014 4153 civibus

1204 4205 1622 4299 Magantinis
1653 4212 1987 4277 eteorum
2017 4203 2278 4274 civitati
2319 4204 2524 4275 talem
2560 4205 2847 4296 gratiam
2886 4203 3221 4277 duximus
3251 4203 3635 4276 faciendam
3671 4213 3747 4274 ut
3780 4202 4012 4275 nullus

1204 4331 1522 4425 princeps
1555 4327 1905 4418 secularis,
1958 4326 2146 4418 dux,
2184 4325 2516 4417 marchio,
2551 4327 3021 4420 lantgravius„
3041 4348 3270 4400 comes
3310 4329 3422 4400 vel
3456 4329 3625 4400 alter
3644 4327 3870 4421 judex
3902 4348 4012 4400 se-

1205 4453 1479 4542 cularis,
1512 4452 1916 4543 advocatuS,
1951 4452 2280 4522 scultetus
2310 4451 2462 4523 sive
2483 4450 2707 4542 judex
2740 4461 2861 4523 aut
2893 4453 3201 4525 minister
3229 4453 3572 4549 predictos
3598 4454 3785 4526 cives
3813 4461 4012 4526 extra

1204 4576 1549 4648 civitatem
1579 4597 1770 4646 suam
1804 4573 2016 4670 possit
2048 4573 2317 4646 trahere
2347 4572 2441 4645 ad
2473 4596 2675 4646 suum
2697 4575 3039 4668 judicium
3067 4578 3179 4649 vel
3209 4577 3279 4647 in
3313 4599 3431 4651 eos
3456 4576 4008 4670 jurisdictionem

1201 4719 1398 4771 suam
1436 4698 1805 4771 extendere
1835 4698 1942 4769 vel
1971 4717 2318 4788 exercere,
2359 4699 2553 4770 salva
2587 4699 2657 4770 in
2686 4699 3009 4772 omnibus
3037 4702 3421 4775 reverentia
3443 4711 3513 4775 et
3530 4701 4009 4793 jurisdictione
