4842 5802
860 631 1066 697 ιωιπ.
1091 625 1193 706 a}
1770 621 2175 687 msroam
2222 621 2808 688 nrrtoua'rtcA.
3580 626 3706 693 783

860 765 1036 841 toris
1065 772 1235 835 sunt
1264 779 1521 857 passus
1557 766 1834 832 eentum
1880 758 2258 833 duodecim
2303 780 2525 856 usque
2530 814 3688 839 ...............

858 898 1026 962 sunt
1060 886 1183 960 tali
1211 883 1303 982 (P)
1332 904 1546 981 passu
1580 903 1742 955 cum
1778 882 2098 978 quinque
2134 881 2434 979 pedibus
2478 892 2548 957 et
2587 884 2762 959 semi
2799 894 3067 958 constat
3094 906 3419 961 mensura
3462 898 3694 963 autem

860 1010 1066 1110 pedis
1109 1017 1217 1083 est
1250 1016 1594 1105 quantum
1646 1029 1690 1080 a
1733 1006 2076 1104 principio
2132 1059 2719 1081 ........
2778 1009 3205 1105 conspicitur
3229 1031 3458 1107 usque
3508 1062 3534 1083 .
3589 1064 3614 1085 .
3672 1068 3687 1085 .

861 1186 1215 1208 .....
1272 1130 1605 1206 inciditur
1637 1138 1708 1205 et
1728 1152 1913 1204 crux
1947 1129 2375 1226 designatur.
2410 1132 2498 1204 Et
2525 1153 2648 1231 per
2678 1131 2893 1227 hujus
2921 1131 3348 1207 vendicionis
3373 1144 3452 1209 et
3478 1135 3696 1210 tradi-

861 1256 1069 1333 tionis
1107 1254 1696 1333 confirmationem
1729 1253 2134 1353 profitemur
2167 1277 2294 1329 nos
2320 1277 2368 1330 a
2387 1255 2718 1352 predictis
2751 1257 3006 1331 Iacobo
3036 1256 3127 1331 de
3160 1258 3466 1352 Padulo,
3498 1260 3704 1335 Petro
3819 1302 3822 1307 <

863 1378 1177 1457 Oddonis
1221 1390 1298 1458 et
1331 1380 1587 1455 Iacobo
1627 1380 1725 1454 de
1766 1379 2063 1476 Caleppa
2094 1388 2234 1453 tres
2267 1379 2510 1454 uncias
2553 1389 2622 1454 et
2652 1380 3018 1454 dimidiam
3047 1381 3205 1454 auri
3243 1403 3406 1456 cum
3448 1382 3696 1457 defini-

867 1505 1068 1582 cione
1124 1526 1252 1603 pro
1316 1512 1513 1603 parte
1563 1503 1752 1577 curie
1804 1503 2169 1601 recepisse.
2205 1502 2405 1578 Unde
2441 1524 2577 1577 nos
2612 1504 2908 1600 predicti
2936 1505 3333 1581 collectores
3360 1504 3460 1581 de
3484 1528 3698 1581 man·-

870 1632 1038 1707 dato
1073 1632 1267 1705 curie
1289 1628 1681 1704 voluntarie
1714 1649 1947 1702 coram
1972 1627 2236 1725 prefato
2259 1626 2499 1723 judice
2525 1629 2812 1703 Nicolao
2835 1638 2908 1703 et
2936 1630 3234 1705 testibus
3248 1629 3706 1729 infrascriptis

866 1756 1341 1855 obligavimus
1369 1776 1497 1828 nos
1519 1775 1648 1852 pro
1678 1762 1873 1850 parte
1905 1752 2096 1827 curie
2132 1752 2396 1827 eisdem
2424 1754 2680 1828 Iacobo
2712 1753 2803 1828 de
2828 1753 3132 1847 Padulo,
3163 1756 3364 1829 Petro
3386 1755 3706 1832 Oddonis

868 1888 939 1952 et
964 1880 1222 1954 Iacobo
1259 1877 1350 1953 de
1385 1878 1682 1975 Caleppa
1719 1886 2071 1952 eteorum
2097 1875 2477 1951 heredibus
2519 1898 2643 1974 per
2697 1930 3700 1955 .............

866 2023 1049 2103 quas
1096 2003 1198 2077 eis
1226 2002 1488 2096 judicis
1524 2000 1985 2099 prenominati
2035 1999 2303 2094 judicio
2337 2000 2684 2089 dedimus,
2718 1997 2899 2101 [pto]
2927 2001 3078 2098 ipsa
3122 2002 3317 2076 curia
3354 2003 3698 2101 imperiali

870 2126 1331 2221 fidejubentes
1363 2124 1696 2221 quatinus
1736 2123 1993 2198 dictam
2021 2134 2270 2197 terram
2302 2124 2405 2199 eis
2452 2135 2785 2198 eteorum
2823 2123 3204 2199 heredibus
3251 2127 3445 2200 curia
3475 2128 3697 2224 impe-

869 2250 1064 2323 rialis
1097 2251 1190 2322 ab
1225 2249 1548 2323 omnibns
1584 2247 1909 2321 hostibus
1942 2255 2281 2320 antestare
2316 2256 2386 2320 et
2416 2245 2791 2320 defendere
2827 2246 3112 2338 debeat,
3153 2248 3358 2322 etad
3386 2250 3701 2346 ipsorum

870 2375 1214 2450 cautelam
1260 2393 1545 2469 presens
1589 2372 2126 2444 instrumentum
2162 2371 2421 2444 factum
2455 2378 2586 2444 est.
2640 2372 2845 2457 Quod
2893 2372 3138 2468 scripsi
3175 2394 3306 2469 ego
3353 2372 3699 2448 Guarinus

870 2500 1072 2575 Troia
1105 2496 1414 2572 notarius
1456 2496 1580 2593 qui
1614 2495 1929 2586 interfui,
1966 2494 2038 2566 in
2073 2516 2313 2569 mense
2344 2504 2415 2569 et
2448 2495 2849 2592 supradicta
2879 2495 3296 2592 indictione,
3320 2496 3400 2570 in
3421 2498 3711 2574 civitate

870 2625 1099 2697 Troia.

971 2745 1024 2836 ·1-
1074 2746 1223 2840 Ego
1254 2744 1377 2839 qui
1411 2766 1630 2843 supra
1649 2743 1979 2817 Nicolaus
2006 2739 2097 2818 de
2132 2745 2466 2840 Sperano‚
2488 2744 2683 2818 Troie
2710 2744 3354 2842 imperialisiudex.

970 2868 1023 2960 ’ὶ-
1071 2870 1222 2964 Ego
1276 2921 2019 2941 ..........
2078 2865 2265 2942 filius
2294 2866 2551 2963 Egidii.

969 2995 1024 3088 ·1-
1071 2989 1641 3090 EgoProbusde
1696 3046 1713 3064 .
1777 3044 1803 3064 .
1860 3044 1889 3065 .,
1939 3044 1961 3065 .
2021 3044 2041 3064 .
2107 3047 2126 3066 .
2192 3046 2219 3065 .
2269 3045 2291 3064 .
2352 2993 2755 3066 testissum.

978 3584 1459 3692 Fridffleus,
1498 3585 2024 3669 Romanorum
2087 3585 2531 3692 imperatur,
2570 3584 2986 3670 buticlariu
3027 3584 3126 3668 de
3175 3584 3664 3670 Nusenhereh
3811 3598 4056 3652 how»

3677 3648 3701 3695 9
3792 3650 3852 3696 28
3865 3651 4074 3697 octobris.

875 3719 987 3804 ad
1025 3715 1425 3828 querelam
1470 3715 1881 3826 praepositi
1936 3726 2015 3801 et
2089 3726 2507 3800 conventus
2558 3717 2660 3798 de
2709 3716 3167 3825 Spmnslmt.
3195 3717 3513 3800 mandat
3536 3775 3572 3825 ,
3618 3728 3718 3802 ut·

877 3877 1112 3936 causa
1173 3848 1539 3960 inquisita
1593 3874 1824 3958 super
1878 3848 2271 3933 advocatia
2322 3847 2681 3931 villarum
2734 3848 3256 3958 quarumdam
3305 3862 3712 3962 arrogata,

874 3983 1346 4095 lantgravios
1380 3984 1479 4066 de
1513 3980 1917 4091 Waldeck‚
1958 3983 2054 4066 de
2089 3980 2704 4066 Leuchtenberch
2740 3990 2816 4064 et
2857 3979 3270 4064 Henricum
3301 3983 3396 4066 de
3432 3983 3491 4065 Τ
3496 4010 3702 4066 urn—

876 4117 1084 4227 dors,
1126 4117 1225 4201 ab
1261 4117 1479 4201 omni
1511 4115 2039 4201 molestatione
2070 4114 2266 4200 dicti
2287 4112 2693 4225 praepositi
2727 4123 3184 4223 compescat.

1039 4330 1309 4411 (Editum
1332 4332 1527 4409 prima
1558 4332 1692 4392 vice
1737 4347 1829 4409 ap.
1862 4330 2122 4392 M'onum.
2166 4328 2354 4405 Boio„
2385 4337 2529 4391 t'om.
2564 4327 2761 4410 XXX,
2784 4347 2846 4408 p.
2879 4337 3019 4408 2423
3047 4346 3216 4394 num.
3244 4328 3701 4397 Dccxxxvn.

1119 4437 1369 4499 Nullum
1415 4438 1655 4518 quidem
1709 4438 2005 4516 appendet
2050 4439 2310 4518 sigillum
2332 4483 2351 4515 ,
2397 4438 2750 4515 nullumque
2791 4439 3033 4517 appensi
3074 4445 3180 4499 aut
3221 4439 3487 4518 impressi
3528 4440 3705 4502 medo

1120 4549 1303 4604 restat
1338 4544 1683 4622 vestigium.
1713 4541 2139 4606 Verumtamen
2172 4559 2310 4605 cum
2336 4544 2642 4605 character
2666 4545 2988 4622 scripturae
3013 4560 3083 4604 ac
3108 4543 3300 4605 forma
3328 4543 3706 4612 membranae

1121 4663 1261 4709 cum
1288 4650 1670 4728 inscriptione
1710 4655 1960 4712 externa
1996 4645 2301 4711 lucidario
2326 4647 2396 4711 de
2423 4645 2795 4714 merenberch
2811 4646 2988 4727 fideli
3022 4666 3127 4712 nco
3157 4666 3275 4730 pro
3304 4651 3599 4731 preposito
3637 4647 3708 4713 de

1122 4752 1490 4831 Breimffiart,
1512 4756 1707 4833 ipsum
1724 4757 2170 4837 autographum·
2192 4762 2649 4837 repraesentent,
2665 4755 2760 4818 vel
2782 4756 2947 4819 locus
2970 4755 3150 4837 at'glffl
3173 4772 3310 4820 cum
3327 4765 3724 4837 pai-tamem·-
