<?xml version="1.0" encoding="UTF-8"?>
<!DOCTYPE html PUBLIC "-//W3C//DTD XHTML 1.0 Transitional//EN"
    "http://www.w3.org/TR/xhtml1/DTD/xhtml1-transitional.dtd">
<html xmlns="http://www.w3.org/1999/xhtml" xml:lang="en" lang="en">
 <head>
  <title>
</title>
<meta http-equiv="Content-Type" content="text/html;charset=utf-8" />
  <meta name='ocr-system' content='tesseract 3.04.00' />
  <meta name='ocr-capabilities' content='ocr_page ocr_carea ocr_par ocr_line ocrx_word'/>
</head>
<body>
  <div class='ocr_page' id='page_1' title='image "./historiadiploma01degoog_0579.png"; bbox 0 0 4842 5802; ppageno 0'>
   <div class='ocr_carea' id='block_1_1' title="bbox 1777 609 3051 708">
    <p class='ocr_par' dir='ltr' id='par_1_1' title="bbox 1777 609 3051 708">
     <span class='ocr_line' id='line_1_1' title="bbox 1777 609 3051 708; baseline 0.002 -5"><span class='ocrx_word' id='word_1_1' title='bbox 1777 609 2158 704; x_wconf 88' lang='lat' dir='ltr'><strong>INDEX</strong></span> <span class='ocrx_word' id='word_1_2' title='bbox 2230 611 3051 708; x_wconf 84' lang='lat' dir='ltr'><strong>MATERIARUM</strong></span> 
     </span>
    </p>
   </div>
   <div class='ocr_carea' id='block_1_2' title="bbox 1974 844 2831 920">
    <p class='ocr_par' dir='ltr' id='par_1_2' title="bbox 1974 844 2831 920">
     <span class='ocr_line' id='line_1_2' title="bbox 1974 844 2831 920; baseline 0.001 -14"><span class='ocrx_word' id='word_1_3' title='bbox 1974 844 2456 910; x_wconf 82' lang='lat' dir='ltr'>VOLUMINIS</span> <span class='ocrx_word' id='word_1_4' title='bbox 2511 844 2831 920; x_wconf 80' lang='lat' dir='ltr'>QUARTI</span> 
     </span>
    </p>
   </div>
   <div class='ocr_carea' id='block_1_3' title="bbox 1655 1025 3149 1081">
    <p class='ocr_par' dir='ltr' id='par_1_3' title="bbox 1655 1025 3149 1081">
     <span class='ocr_line' id='line_1_3' title="bbox 1655 1025 3149 1081; baseline 0.001 -11"><span class='ocrx_word' id='word_1_5' title='bbox 1655 1025 1787 1070; x_wconf 70' lang='grc' dir='ltr'><strong>ΤΔΙ</strong></span> <span class='ocrx_word' id='word_1_6' title='bbox 1842 1025 1906 1070; x_wconf 75' lang='lat' dir='ltr'><strong>m</strong></span> <span class='ocrx_word' id='word_1_7' title='bbox 1958 1026 2170 1072; x_wconf 67' lang='lat' dir='ltr'><strong>ruina</strong></span> <span class='ocrx_word' id='word_1_8' title='bbox 2226 1027 2404 1081; x_wconf 64' lang='lat' dir='ltr'><strong>QUA!</strong></span> <span class='ocrx_word' id='word_1_9' title='bbox 2450 1028 2513 1071; x_wconf 73' lang='lat' dir='ltr'><strong>in</strong></span> <span class='ocrx_word' id='word_1_10' title='bbox 2567 1026 2864 1073; x_wconf 74' lang='lat' dir='ltr'><strong>ssscunnll</strong></span> <span class='ocrx_word' id='word_1_11' title='bbox 2915 1026 3149 1074; x_wconf 66' lang='lat' dir='ltr'><strong>murz.</strong></span> 
     </span>
    </p>
   </div>
   <div class='ocr_carea' id='block_1_4' title="bbox 2234 1232 2551 1244">
    <p class='ocr_par' dir='ltr' id='par_1_4' title="bbox 2234 1232 2551 1244">
     <span class='ocr_line' id='line_1_4' title="bbox 2234 1232 2551 1244; baseline 0 0"><span class='ocrx_word' id='word_1_12' title='bbox 2234 1232 2551 1244; x_wconf 95' lang='lat' dir='ltr'><strong> </strong></span> 
     </span>
    </p>
   </div>
   <div class='ocr_carea' id='block_1_5' title="bbox 946 1364 3806 3858">
    <p class='ocr_par' dir='ltr' id='par_1_5' title="bbox 946 1364 3806 3858">
     <span class='ocr_line' id='line_1_5' title="bbox 995 1364 3806 1585; baseline 0.001 -83"><span class='ocrx_word' id='word_1_13' title='bbox 995 1442 1453 1503; x_wconf 81' lang='lat' dir='ltr'><strong>constitutiones</strong></span> <span class='ocrx_word' id='word_1_14' title='bbox 1492 1443 1658 1519; x_wconf 81' lang='lat' dir='ltr'><strong>regni</strong></span> <span class='ocrx_word' id='word_1_15' title='bbox 1696 1441 1962 1520; x_wconf 87' lang='lat' dir='ltr'><strong>Siciliae,</strong></span> <span class='ocrx_word' id='word_1_16' title='bbox 1990 1447 2121 1502; x_wconf 87' lang='lat' dir='ltr'><strong>tum</strong></span> <span class='ocrx_word' id='word_1_17' title='bbox 2156 1438 2518 1515; x_wconf 85' lang='lat' dir='ltr'><strong>Melfienses,</strong></span> <span class='ocrx_word' id='word_1_18' title='bbox 2546 1446 2676 1502; x_wconf 90' lang='lat' dir='ltr'><strong>tum</strong></span> <span class='ocrx_word' id='word_1_19' title='bbox 2702 1456 2856 1585; x_wconf 86' lang='lat' dir='ltr'><strong>quae</strong></span> <span class='ocrx_word' id='word_1_20' title='bbox 2879 1445 3080 1517; x_wconf 81' lang='lat' dir='ltr'><strong>postea</strong></span> <span class='ocrx_word' id='word_1_21' title='bbox 3105 1440 3353 1503; x_wconf 73' lang='lat' dir='ltr'><strong>diversIs</strong></span> <span class='ocrx_word' id='word_1_22' title='bbox 3378 1449 3612 1522; x_wconf 86' lang='lat' dir='ltr'><strong>tempo·</strong></span> <span class='ocrx_word' id='word_1_23' title='bbox 3650 1364 3806 1419; x_wconf 38' lang='lat' dir='ltr'><strong>pm·</strong></span> 
     </span>
     <span class='ocr_line' id='line_1_6' title="bbox 1073 1547 3799 1615; baseline 0.003 -8"><span class='ocrx_word' id='word_1_24' title='bbox 1073 1547 1239 1608; x_wconf 87' lang='lat' dir='ltr'><strong>ribus</strong></span> <span class='ocrx_word' id='word_1_25' title='bbox 1265 1564 1303 1608; x_wconf 91' lang='lat' dir='ltr'><strong>a</strong></span> <span class='ocrx_word' id='word_1_26' title='bbox 1328 1547 1622 1608; x_wconf 88' lang='lat' dir='ltr'><strong>Friderico</strong></span> <span class='ocrx_word' id='word_1_27' title='bbox 1650 1547 1908 1608; x_wconf 85' lang='lat' dir='ltr'><strong>secundo</strong></span> <span class='ocrx_word' id='word_1_28' title='bbox 1939 1548 2129 1608; x_wconf 87' lang='lat' dir='ltr'><strong>editae</strong></span> <span class='ocrx_word' id='word_1_29' title='bbox 2154 1547 2395 1608; x_wconf 83' lang='lat' dir='ltr'><strong>fuerunt</strong></span> <span class='ocrx_word' id='word_1_30' title='bbox 2400 1587 3604 1612; x_wconf 87' lang='grc'><strong>...................</strong></span> <span class='ocrx_word' id='word_1_31' title='bbox 3774 1564 3799 1615; x_wconf 99' lang='grc'><strong>1</strong></span> 
     </span>
     <span class='ocr_line' id='line_1_7' title="bbox 990 1680 3802 1774; baseline 0.002 -33"><span class='ocrx_word' id='word_1_32' title='bbox 990 1680 1308 1774; x_wconf 79' lang='lat' dir='ltr'><strong>Appendix</strong></span> <span class='ocrx_word' id='word_1_33' title='bbox 1344 1682 1933 1742; x_wconf 85' lang='lat' dir='ltr'><strong>constitutionum..</strong></span> <span class='ocrx_word' id='word_1_34' title='bbox 1991 1720 3602 1746; x_wconf 90' lang='grc'><strong>.........................</strong></span> <span class='ocrx_word' id='word_1_35' title='bbox 3687 1695 3802 1748; x_wconf 83' lang='grc'><strong>240</strong></span> 
     </span>
     <span class='ocr_line' id='line_1_8' title="bbox 990 1811 3609 1893; baseline 0.002 -19"><span class='ocrx_word' id='word_1_36' title='bbox 990 1814 1344 1893; x_wconf 81' lang='lat' dir='ltr'><strong>Fragmenta</strong></span> <span class='ocrx_word' id='word_1_37' title='bbox 1369 1815 1534 1874; x_wconf 81' lang='lat' dir='ltr'><strong>varia</strong></span> <span class='ocrx_word' id='word_1_38' title='bbox 1559 1815 1636 1874; x_wconf 90' lang='lat' dir='ltr'><strong>ad</strong></span> <span class='ocrx_word' id='word_1_39' title='bbox 1673 1830 1768 1874; x_wconf 88' lang='lat' dir='ltr'><strong>res</strong></span> <span class='ocrx_word' id='word_1_40' title='bbox 1792 1811 2021 1874; x_wconf 88' lang='lat' dir='ltr'><strong>fiscales</strong></span> <span class='ocrx_word' id='word_1_41' title='bbox 2045 1814 2396 1889; x_wconf 75' lang='lat' dir='ltr'><strong>pertinentia</strong></span> <span class='ocrx_word' id='word_1_42' title='bbox 2437 1830 2514 1873; x_wconf 82' lang='lat' dir='ltr'><strong>ex</strong></span> <span class='ocrx_word' id='word_1_43' title='bbox 2554 1813 2818 1892; x_wconf 76' lang='lat' dir='ltr'><strong>registris</strong></span> <span class='ocrx_word' id='word_1_44' title='bbox 2851 1812 3133 1874; x_wconf 87' lang='lat' dir='ltr'><strong>Fridericl</strong></span> <span class='ocrx_word' id='word_1_45' title='bbox 3159 1814 3403 1875; x_wconf 88' lang='lat' dir='ltr'><strong>secundi</strong></span> <span class='ocrx_word' id='word_1_46' title='bbox 3433 1816 3609 1879; x_wconf 85' lang='lat' dir='ltr'><strong>hodie</strong></span> 
     </span>
     <span class='ocr_line' id='line_1_9' title="bbox 1068 1918 3799 1997; baseline 0.002 -18"><span class='ocrx_word' id='word_1_47' title='bbox 1068 1918 1384 1997; x_wconf 78' lang='lat' dir='ltr'><strong>deperditis</strong></span> <span class='ocrx_word' id='word_1_48' title='bbox 1389 1958 3598 1984; x_wconf 89' lang='grc'><strong>..................................</strong></span> <span class='ocrx_word' id='word_1_49' title='bbox 3686 1933 3799 1986; x_wconf 88' lang='grc'><strong>250</strong></span> 
     </span>
     <span class='ocr_line' id='line_1_10' title="bbox 986 2053 3800 2129; baseline 0.002 -16"><span class='ocrx_word' id='word_1_50' title='bbox 986 2053 1178 2113; x_wconf 88' lang='lat' dir='ltr'><strong>Index</strong></span> <span class='ocrx_word' id='word_1_51' title='bbox 1211 2053 1473 2129; x_wconf 87' lang='lat' dir='ltr'><strong>capitum</strong></span> <span class='ocrx_word' id='word_1_52' title='bbox 1480 2091 3599 2118; x_wconf 80' lang='grc'><strong>.................................</strong></span> <span class='ocrx_word' id='word_1_53' title='bbox 3683 2066 3800 2119; x_wconf 88' lang='grc'><strong>255</strong></span> 
     </span>
     <span class='ocr_line' id='line_1_11' title="bbox 983 2184 3604 2266; baseline 0.001 -19"><span class='ocrx_word' id='word_1_54' title='bbox 983 2186 1269 2248; x_wconf 85' lang='lat' dir='ltr'><strong>Frideriei</strong></span> <span class='ocrx_word' id='word_1_55' title='bbox 1309 2185 1580 2260; x_wconf 84' lang='lat' dir='ltr'><strong>secundi,</strong></span> <span class='ocrx_word' id='word_1_56' title='bbox 1630 2185 2035 2246; x_wconf 85' lang='lat' dir='ltr'><strong>Romanorum</strong></span> <span class='ocrx_word' id='word_1_57' title='bbox 2066 2185 2461 2261; x_wconf 86' lang='lat' dir='ltr'><strong>imperatoris,</strong></span> <span class='ocrx_word' id='word_1_58' title='bbox 2499 2184 2827 2244; x_wconf 76' lang='lat' dir='ltr'><strong>Jerusalem</strong></span> <span class='ocrx_word' id='word_1_59' title='bbox 2864 2190 2925 2244; x_wconf 89' lang='lat' dir='ltr'><strong>et</strong></span> <span class='ocrx_word' id='word_1_60' title='bbox 2962 2185 3196 2247; x_wconf 87' lang='lat' dir='ltr'><strong>Siclliae</strong></span> <span class='ocrx_word' id='word_1_61' title='bbox 3235 2188 3425 2266; x_wconf 79' lang='lat' dir='ltr'><strong>regis,</strong></span> <span class='ocrx_word' id='word_1_62' title='bbox 3465 2187 3604 2250; x_wconf 85' lang='lat' dir='ltr'><strong>His-</strong></span> 
     </span>
     <span class='ocr_line' id='line_1_12' title="bbox 946 2289 3606 2373; baseline 0.002 -21"><span class='ocrx_word' id='word_1_63' title='bbox 946 2347 949 2352; x_wconf 66' lang='lat'><em>,</em></span> <span class='ocrx_word' id='word_1_64' title='bbox 1065 2294 1251 2352; x_wconf 88' lang='lat' dir='ltr'><strong>toriae</strong></span> <span class='ocrx_word' id='word_1_65' title='bbox 1288 2292 1699 2370; x_wconf 76' lang='lat' dir='ltr'><strong>diplomaticae</strong></span> <span class='ocrx_word' id='word_1_66' title='bbox 1733 2307 1871 2369; x_wconf 85' lang='lat' dir='ltr'><strong>pars</strong></span> <span class='ocrx_word' id='word_1_67' title='bbox 1908 2296 2155 2369; x_wconf 86' lang='lat' dir='ltr'><strong>quarta,</strong></span> <span class='ocrx_word' id='word_1_68' title='bbox 2197 2306 2235 2350; x_wconf 92' lang='lat' dir='ltr'><strong>a</strong></span> <span class='ocrx_word' id='word_1_69' title='bbox 2270 2305 2475 2350; x_wconf 89' lang='lat' dir='ltr'><strong>mense</strong></span> <span class='ocrx_word' id='word_1_70' title='bbox 2518 2289 2834 2369; x_wconf 78' lang='lat' dir='ltr'><strong>septembri</strong></span> <span class='ocrx_word' id='word_1_71' title='bbox 2883 2299 3029 2353; x_wconf 97' lang='grc'><strong>1231</strong></span> <span class='ocrx_word' id='word_1_72' title='bbox 3081 2292 3160 2352; x_wconf 90' lang='lat' dir='ltr'><strong>ad</strong></span> <span class='ocrx_word' id='word_1_73' title='bbox 3204 2309 3470 2355; x_wconf 86' lang='lat' dir='ltr'><strong>mensem</strong></span> <span class='ocrx_word' id='word_1_74' title='bbox 3501 2296 3606 2373; x_wconf 81' lang='lat' dir='ltr'><strong>Ju-</strong></span> 
     </span>
     <span class='ocr_line' id='line_1_13' title="bbox 1064 2401 3801 2464; baseline 0.001 -4"><span class='ocrx_word' id='word_1_75' title='bbox 1064 2401 1233 2460; x_wconf 83' lang='lat' dir='ltr'><strong>nium</strong></span> <span class='ocrx_word' id='word_1_76' title='bbox 1275 2408 1456 2460; x_wconf 81' lang='grc'><strong>1235.</strong></span> <span class='ocrx_word' id='word_1_77' title='bbox 1516 2440 1535 2460; x_wconf 90' lang='grc'><strong>.</strong></span> <span class='ocrx_word' id='word_1_78' title='bbox 1597 2437 3602 2462; x_wconf 78' lang='grc'><strong>...............................</strong></span> <span class='ocrx_word' id='word_1_79' title='bbox 3687 2411 3801 2464; x_wconf 84' lang='grc'><strong>265</strong></span> 
     </span>
     <span class='ocr_line' id='line_1_14' title="bbox 983 2523 3608 2611; baseline 0.001 -17"><span class='ocrx_word' id='word_1_80' title='bbox 983 2533 1225 2594; x_wconf 87' lang='lat' dir='ltr'><strong>Henriei</strong></span> <span class='ocrx_word' id='word_1_81' title='bbox 1250 2523 1507 2611; x_wconf 84' lang='lat' dir='ltr'><strong>septimi,</strong></span> <span class='ocrx_word' id='word_1_82' title='bbox 1534 2531 1937 2594; x_wconf 86' lang='lat' dir='ltr'><strong>Romanorum</strong></span> <span class='ocrx_word' id='word_1_83' title='bbox 1964 2532 2139 2608; x_wconf 79' lang='lat' dir='ltr'><strong>regis,</strong></span> <span class='ocrx_word' id='word_1_84' title='bbox 2174 2531 2469 2592; x_wconf 78' lang='lat' dir='ltr'><strong>Historiae</strong></span> <span class='ocrx_word' id='word_1_85' title='bbox 2495 2531 2904 2607; x_wconf 79' lang='lat' dir='ltr'><strong>diplomaticae</strong></span> <span class='ocrx_word' id='word_1_86' title='bbox 2941 2547 3078 2609; x_wconf 89' lang='lat' dir='ltr'><strong>pars</strong></span> <span class='ocrx_word' id='word_1_87' title='bbox 3102 2533 3306 2607; x_wconf 87' lang='lat' dir='ltr'><strong>tertia,</strong></span> <span class='ocrx_word' id='word_1_88' title='bbox 3335 2548 3371 2593; x_wconf 88' lang='lat' dir='ltr'><strong>a</strong></span> <span class='ocrx_word' id='word_1_89' title='bbox 3407 2550 3608 2597; x_wconf 88' lang='lat' dir='ltr'><strong>mense</strong></span> 
     </span>
     <span class='ocr_line' id='line_1_15' title="bbox 1062 2637 3800 2714; baseline 0.001 -14"><span class='ocrx_word' id='word_1_90' title='bbox 1062 2638 1288 2700; x_wconf 88' lang='lat' dir='ltr'><strong>octobri</strong></span> <span class='ocrx_word' id='word_1_91' title='bbox 1322 2647 1466 2699; x_wconf 90' lang='grc'><strong>1231</strong></span> <span class='ocrx_word' id='word_1_92' title='bbox 1513 2637 1591 2698; x_wconf 92' lang='lat' dir='ltr'><strong>ad</strong></span> <span class='ocrx_word' id='word_1_93' title='bbox 1624 2653 1886 2698; x_wconf 87' lang='lat' dir='ltr'><strong>mensem</strong></span> <span class='ocrx_word' id='word_1_94' title='bbox 1906 2638 2149 2714; x_wconf 88' lang='lat' dir='ltr'><strong>junium</strong></span> <span class='ocrx_word' id='word_1_95' title='bbox 2178 2645 2332 2698; x_wconf 90' lang='grc'><strong>1235</strong></span> <span class='ocrx_word' id='word_1_96' title='bbox 2339 2677 3600 2701; x_wconf 89' lang='grc'><strong>....................</strong></span> <span class='ocrx_word' id='word_1_97' title='bbox 3687 2651 3800 2704; x_wconf 91' lang='grc'><strong>555</strong></span> 
     </span>
     <span class='ocr_line' id='line_1_16' title="bbox 980 2768 3604 2849; baseline 0.001 -17"><span class='ocrx_word' id='word_1_98' title='bbox 980 2771 1265 2833; x_wconf 87' lang='lat' dir='ltr'><strong>Friderici</strong></span> <span class='ocrx_word' id='word_1_99' title='bbox 1298 2771 1539 2832; x_wconf 87' lang='lat' dir='ltr'><strong>secundi</strong></span> <span class='ocrx_word' id='word_1_100' title='bbox 1553 2815 1572 2845; x_wconf 92' lang='lat'>,</span> <span class='ocrx_word' id='word_1_101' title='bbox 1606 2770 2010 2831; x_wconf 84' lang='lat' dir='ltr'><strong>Romanorum</strong></span> <span class='ocrx_word' id='word_1_102' title='bbox 2044 2770 2413 2847; x_wconf 86' lang='lat' dir='ltr'><strong>imperatoris</strong></span> <span class='ocrx_word' id='word_1_103' title='bbox 2432 2811 2449 2843; x_wconf 93' lang='lat'><strong>‚</strong></span> <span class='ocrx_word' id='word_1_104' title='bbox 2491 2768 2816 2829; x_wconf 82' lang='lat' dir='ltr'><strong>Jerusalem</strong></span> <span class='ocrx_word' id='word_1_105' title='bbox 2850 2774 2912 2829; x_wconf 88' lang='lat' dir='ltr'><strong>et</strong></span> <span class='ocrx_word' id='word_1_106' title='bbox 2944 2768 3175 2830; x_wconf 84' lang='lat' dir='ltr'><strong>Siciliae</strong></span> <span class='ocrx_word' id='word_1_107' title='bbox 3218 2771 3373 2849; x_wconf 83' lang='lat' dir='ltr'><strong>regls</strong></span> <span class='ocrx_word' id='word_1_108' title='bbox 3389 2815 3408 2849; x_wconf 92' lang='lat'>‚</span> <span class='ocrx_word' id='word_1_109' title='bbox 3451 2772 3604 2834; x_wconf 85' lang='lat' dir='ltr'><strong>His-</strong></span> 
     </span>
     <span class='ocr_line' id='line_1_17' title="bbox 1060 2875 3601 2957; baseline 0.001 -18"><span class='ocrx_word' id='word_1_110' title='bbox 1060 2880 1247 2940; x_wconf 86' lang='lat' dir='ltr'><strong>toriae</strong></span> <span class='ocrx_word' id='word_1_111' title='bbox 1278 2878 1691 2957; x_wconf 82' lang='lat' dir='ltr'><strong>diplomaticae</strong></span> <span class='ocrx_word' id='word_1_112' title='bbox 1721 2893 1859 2956; x_wconf 86' lang='lat' dir='ltr'><strong>pars</strong></span> <span class='ocrx_word' id='word_1_113' title='bbox 1884 2877 2125 2955; x_wconf 87' lang='lat' dir='ltr'><strong>quinta,</strong></span> <span class='ocrx_word' id='word_1_114' title='bbox 2165 2892 2203 2937; x_wconf 92' lang='lat' dir='ltr'><strong>a</strong></span> <span class='ocrx_word' id='word_1_115' title='bbox 2240 2892 2443 2938; x_wconf 88' lang='lat' dir='ltr'><strong>mense</strong></span> <span class='ocrx_word' id='word_1_116' title='bbox 2462 2875 2634 2953; x_wconf 76' lang='lat' dir='ltr'><strong>junio</strong></span> <span class='ocrx_word' id='word_1_117' title='bbox 2677 2884 2828 2936; x_wconf 84' lang='grc'><strong>1235</strong></span> <span class='ocrx_word' id='word_1_118' title='bbox 2870 2875 2948 2936; x_wconf 91' lang='lat' dir='ltr'><strong>ad</strong></span> <span class='ocrx_word' id='word_1_119' title='bbox 2975 2891 3236 2938; x_wconf 87' lang='lat' dir='ltr'><strong>mensem</strong></span> <span class='ocrx_word' id='word_1_120' title='bbox 3263 2879 3601 2955; x_wconf 78' lang='lat' dir='ltr'><strong>januarium</strong></span> 
     </span>
     <span class='ocr_line' id='line_1_18' title="bbox 1066 2994 3793 3049; baseline 0.001 -3"><span class='ocrx_word' id='word_1_121' title='bbox 1066 2994 1216 3047; x_wconf 81' lang='grc'><strong>1237</strong></span> <span class='ocrx_word' id='word_1_122' title='bbox 1224 3024 3592 3049; x_wconf 83' lang='grc'><strong>.....................................</strong></span> <span class='ocrx_word' id='word_1_123' title='bbox 3681 2997 3793 3049; x_wconf 88' lang='grc'><strong>727</strong></span> 
     </span>
     <span class='ocr_line' id='line_1_19' title="bbox 978 3116 3797 3198; baseline 0 -18"><span class='ocrx_word' id='word_1_124' title='bbox 978 3119 1401 3181; x_wconf 83' lang='lat' dir='ltr'><strong>Additamenta</strong></span> <span class='ocrx_word' id='word_1_125' title='bbox 1433 3119 1511 3179; x_wconf 91' lang='lat' dir='ltr'><strong>ad</strong></span> <span class='ocrx_word' id='word_1_126' title='bbox 1546 3124 1821 3198; x_wconf 78' lang='lat' dir='ltr'><strong>quartam</strong></span> <span class='ocrx_word' id='word_1_127' title='bbox 1859 3123 1920 3178; x_wconf 89' lang='lat' dir='ltr'><strong>et</strong></span> <span class='ocrx_word' id='word_1_128' title='bbox 1951 3118 2221 3196; x_wconf 85' lang='lat' dir='ltr'><strong>quintam</strong></span> <span class='ocrx_word' id='word_1_129' title='bbox 2258 3122 2489 3194; x_wconf 87' lang='lat' dir='ltr'><strong>partem</strong></span> <span class='ocrx_word' id='word_1_130' title='bbox 2515 3117 2809 3178; x_wconf 84' lang='lat' dir='ltr'><strong>Historiae</strong></span> <span class='ocrx_word' id='word_1_131' title='bbox 2843 3116 3249 3195; x_wconf 85' lang='lat' dir='ltr'><strong>diplomaticae</strong></span> <span class='ocrx_word' id='word_1_132' title='bbox 3253 3159 3596 3180; x_wconf 92' lang='grc'><strong>......</strong></span> <span class='ocrx_word' id='word_1_133' title='bbox 3684 3128 3797 3180; x_wconf 88' lang='grc'><strong>935</strong></span> 
     </span>
     <span class='ocr_line' id='line_1_20' title="bbox 979 3249 3796 3326; baseline 0.001 -16"><span class='ocrx_word' id='word_1_134' title='bbox 979 3249 1345 3311; x_wconf 79' lang='lat' dir='ltr'><strong>Documenta</strong></span> <span class='ocrx_word' id='word_1_135' title='bbox 1384 3252 1586 3326; x_wconf 86' lang='lat' dir='ltr'><strong>spuria</strong></span> <span class='ocrx_word' id='word_1_136' title='bbox 1594 3287 3074 3311; x_wconf 89' lang='grc'><strong>.......................</strong></span> <span class='ocrx_word' id='word_1_137' title='bbox 3108 3260 3116 3267; x_wconf 82' lang='grc'><em>·</em></span> <span class='ocrx_word' id='word_1_138' title='bbox 3121 3289 3597 3313; x_wconf 89' lang='grc'><strong>........</strong></span> <span class='ocrx_word' id='word_1_139' title='bbox 3681 3261 3796 3314; x_wconf 84' lang='grc'><strong>956</strong></span> 
     </span>
     <span class='ocr_line' id='line_1_21' title="bbox 979 3379 3788 3458; baseline 0.001 -16"><span class='ocrx_word' id='word_1_140' title='bbox 979 3381 1164 3442; x_wconf 84' lang='lat' dir='ltr'><strong>Index</strong></span> <span class='ocrx_word' id='word_1_141' title='bbox 1190 3380 1677 3442; x_wconf 89' lang='lat' dir='ltr'><strong>documentorum</strong></span> <span class='ocrx_word' id='word_1_142' title='bbox 1702 3397 1858 3458; x_wconf 84' lang='lat' dir='ltr'><strong>quae</strong></span> <span class='ocrx_word' id='word_1_143' title='bbox 1883 3381 1947 3439; x_wconf 89' lang='lat' dir='ltr'><strong>in</strong></span> <span class='ocrx_word' id='word_1_144' title='bbox 1973 3380 2087 3441; x_wconf 86' lang='lat' dir='ltr'><strong>hoc</strong></span> <span class='ocrx_word' id='word_1_145' title='bbox 2111 3381 2411 3440; x_wconf 80' lang='lat' dir='ltr'><strong>volumine</strong></span> <span class='ocrx_word' id='word_1_146' title='bbox 2437 3379 2792 3441; x_wconf 82' lang='lat' dir='ltr'><strong>exhibentur</strong></span> <span class='ocrx_word' id='word_1_147' title='bbox 2817 3381 2943 3440; x_wconf 84' lang='lat' dir='ltr'><strong>sive</strong></span> <span class='ocrx_word' id='word_1_148' title='bbox 2976 3387 3394 3443; x_wconf 85' lang='lat' dir='ltr'><strong>memorantur.</strong></span> <span class='ocrx_word' id='word_1_149' title='bbox 3445 3425 3462 3443; x_wconf 89' lang='lat'><strong>.</strong></span> <span class='ocrx_word' id='word_1_150' title='bbox 3509 3423 3528 3443; x_wconf 88' lang='lat'><strong>.</strong></span> <span class='ocrx_word' id='word_1_151' title='bbox 3579 3426 3595 3443; x_wconf 93' lang='lat'><strong>.</strong></span> <span class='ocrx_word' id='word_1_152' title='bbox 3682 3392 3788 3446; x_wconf 82' lang='grc'><strong>961</strong></span> 
     </span>
     <span class='ocr_line' id='line_1_22' title="bbox 948 3504 3795 3611; baseline 0.001 -36"><span class='ocrx_word' id='word_1_153' title='bbox 948 3515 1165 3576; x_wconf 80' lang='lat' dir='ltr'><strong>&#39;Index</strong></span> <span class='ocrx_word' id='word_1_154' title='bbox 1190 3514 1499 3574; x_wconf 89' lang='lat' dir='ltr'><strong>nominum</strong></span> <span class='ocrx_word' id='word_1_155' title='bbox 1524 3520 1584 3574; x_wconf 90' lang='lat' dir='ltr'><strong>et</strong></span> <span class='ocrx_word' id='word_1_156' title='bbox 1608 3529 1991 3591; x_wconf 85' lang='lat' dir='ltr'><strong>personarum</strong></span> <span class='ocrx_word' id='word_1_157' title='bbox 1999 3554 2995 3573; x_wconf 91' lang='grc'><strong>................</strong></span> <span class='ocrx_word' id='word_1_158' title='bbox 3003 3600 3015 3611; x_wconf 34' lang='grc'><strong>“</strong></span> <span class='ocrx_word' id='word_1_159' title='bbox 3047 3555 3327 3574; x_wconf 91' lang='grc'><strong>.....</strong></span> <span class='ocrx_word' id='word_1_160' title='bbox 3375 3504 3395 3573; x_wconf 56' lang='grc'><strong>’.</strong></span> <span class='ocrx_word' id='word_1_161' title='bbox 3446 3557 3462 3574; x_wconf 94' lang='grc'><strong>.</strong></span> <span class='ocrx_word' id='word_1_162' title='bbox 3512 3557 3528 3574; x_wconf 94' lang='grc'><strong>.</strong></span> <span class='ocrx_word' id='word_1_163' title='bbox 3578 3557 3593 3575; x_wconf 93' lang='grc'><strong>.</strong></span> <span class='ocrx_word' id='word_1_164' title='bbox 3643 3523 3795 3577; x_wconf 89' lang='grc'><strong>1009</strong></span> 
     </span>
     <span class='ocr_line' id='line_1_23' title="bbox 977 3645 3789 3726; baseline -0 -16"><span class='ocrx_word' id='word_1_165' title='bbox 977 3649 1168 3710; x_wconf 82' lang='lat' dir='ltr'><strong>Index</strong></span> <span class='ocrx_word' id='word_1_166' title='bbox 1207 3648 1470 3709; x_wconf 91' lang='lat' dir='ltr'><strong>locorum</strong></span> <span class='ocrx_word' id='word_1_167' title='bbox 1499 3649 1623 3707; x_wconf 87' lang='lat' dir='ltr'><strong>sive</strong></span> <span class='ocrx_word' id='word_1_168' title='bbox 1656 3645 2079 3726; x_wconf 84' lang='lat' dir='ltr'><strong>geographicus</strong></span> <span class='ocrx_word' id='word_1_169' title='bbox 2086 3685 3592 3708; x_wconf 90' lang='grc'><strong>........................</strong></span> <span class='ocrx_word' id='word_1_170' title='bbox 3642 3656 3668 3707; x_wconf 88' lang='grc'><strong>1</strong></span> <span class='ocrx_word' id='word_1_171' title='bbox 3681 3657 3789 3709; x_wconf 90' lang='grc'><strong>031</strong></span> 
     </span>
     <span class='ocr_line' id='line_1_24' title="bbox 978 3777 3793 3858; baseline 0 -17"><span class='ocrx_word' id='word_1_172' title='bbox 978 3779 1269 3841; x_wconf 79' lang='lat' dir='ltr'><strong>Addenda</strong></span> <span class='ocrx_word' id='word_1_173' title='bbox 1295 3783 1356 3839; x_wconf 88' lang='lat' dir='ltr'><strong>et</strong></span> <span class='ocrx_word' id='word_1_174' title='bbox 1381 3777 1726 3858; x_wconf 86' lang='lat' dir='ltr'><strong>corrigenda</strong></span> <span class='ocrx_word' id='word_1_175' title='bbox 1731 3817 3593 3839; x_wconf 90' lang='grc'><strong>.............................</strong></span> <span class='ocrx_word' id='word_1_176' title='bbox 3644 3788 3793 3841; x_wconf 83' lang='grc'><strong>1043</strong></span> 
     </span>
    </p>
   </div>
  </div>
 </body>
</html>
