4842 5802
1162 576 1284 639 980
2089 586 2341 647 1NnEx
2390 588 3086 650 DOCUMENTORUM.

1190 777 1412 853 1256

1213 907 1392 965 maio.

1593 905 1774 980 Apud

1490 999 1878 1077 Herbipolim.

1935 943 2016 957 —
2054 912 2314 973 sculteto
2358 915 2434 975 de
2486 917 2848 993 Oppenheim
2890 922 2952 975 et
2995 913 3424 975 successoribus
3469 918 3598 991 ejus
3630 916 3876 977 mandat
3927 924 3997 978 ut

2004 1012 2145 1086 jura
2187 1017 2247 1070 et
2284 1013 2736 1073 consuetudines
2774 1028 2930 1088 quae
2955 1014 3112 1071 cives
3138 1012 3210 1069 de
3236 1011 3598 1087 oppenheim
3625 1028 3662 1071 a
3687 1014 3994 1089 majestate

2010 1122 2118 1166 sua
2142 1113 2377 1178 tenent,
2409 1109 2720 1169 observare
2745 1108 3041 1168 studeant.
3874 1119 3991 1170 864

1932 1233 2011 1245 -
2050 1202 2147 1262 Ad
2183 1204 2666 1279 supplicationem
2713 1204 2966 1280 Philippi
3003 1204 3077 1263 de
3115 1203 3453 1264 Hohenvels
3495 1203 3689 1264 fidelis
3713 1207 3837 1279 sui,
3864 1205 3990 1265 filio

2007 1304 2068 1357 et
2092 1297 2249 1359 filiae
2284 1302 2410 1375 ejus
2445 1301 2718 1376 Philippo
2762 1307 2823 1358 et
2862 1299 3166 1359 Ellzabeth
3205 1299 3381 1360 feuda
3409 1316 3559 1377 quae
3587 1302 3711 1376 ipse
3749 1302 3989 1378 Philip-

2003 1410 2118 1470 pus
2157 1394 2234 1455 ab
2273 1397 2516 1502 imperio
2561 1401 2760 1467 tenet,
2790 1402 2924 1471 post
2963 1402 3212 1456 mortem
3238 1397 3425 1472 ipsius
3451 1397 3805 1473 possidenda
3828 1413 3987 1458 con-

1919 1490 2452 1662 —cz’dgepositum
2480 1592 2541 1645 et
2566 1591 2920 1646 conventum
2947 1587 3282 1646 monasterii
3312 1587 3371 1645 ln
3399 1585 3637 1646 Selbold
3664 1604 3803 1648 cum
3842 1504 3983 1650 ξιξ-4

1593 1195 1771 1272 Apud

1484 1291 1872 1371 Herblpollm.

1158 1235 1169 1240 ι
1205 1198 1381 1256 maio.

1997 1783 2058 1837 et
2082 1779 2311 1854 imperii
2338 1781 2700 1856 protectione
2726 1781 2954 1855 recipit.
3859 1792 3973 1843 865

1916 1903 1998 1919 --
2035 1874 2410 1935 Abbatissam
2437 1881 2498 1935 et
2523 1882 2882 1935 conventum
2907 1875 3313 1936 Porcetensem
3336 1878 3516 1952 juxta
3542 1879 3975 1954 Aquisgranum

1994 1985 2132 2030 cum
2162 1970 2440 2031 omnibus
2466 1972 2803 2030 monasterii
2845 1971 3016 2031 bonis
3053 1970 3166 2031 sub
3211 1987 3321 2031 sua
3364 1978 3425 2031 et
3469 1972 3703 2048 imperii
3741 1979 3976 2049 protec-

1992 2066 2151 2125 tione
2182 2068 2411 2142 recipit.
3854 2078 3970 2131 866

1910 2192 1992 2203 -
2028 2162 2124 2222 Ad
2150 2163 2635 2239 supplicationem
2653 2165 2993 2224 Wenemarl
3017 2162 3248 2224 abbatis
3272 2163 3570 2224 Portensls
3597 2161 3697 2243 (de
3713 2163 3968 2244 Psorta),

1985 2258 2357 2336 privilegium
2384 2260 2578 2320 eidem
2606 2261 2959 2320 monasterio
2986 2266 3246 2335 tempore
3273 2260 3437 2337 regni
3464 2260 3557 2319 sui
3605 2275 3642 2318 a
3679 2276 3742 2320 se
3769 2262 3972 2323 indul-

1984 2360 2113 2415 tum
2139 2362 2387 2416 renovat
2414 2363 2475 2416 et
2501 2357 2808 2417 lnserendo
2835 2355 3167 2417 confirmat.
3850 2368 3962 2419 867

1578 1867 1761 1945 Apud

1474 1964 1856 2043 Herbipolim.

1977 2550 2294 2611 Mlsnensis
2350 2551 2427 2612 ab
2484 2552 2853 2611 Hartmanno
2907 2551 2981 2611 de
3027 2549 3280 2628 Salburg
3324 2549 3541 2610 factam
3596 2549 3672 2609 de
3721 2553 3964 2628 triginta

1967 2647 2279 2726 jugeribus
2320 2646 2616 2725 lignorum
2656 2664 2837 2723 prope
2883 2647 3254 2725 Tutenberg,
3284 2647 3363 2707 ad
3403 2663 3575 2707 usum
3616 2647 3962 2708 comandiae

1971 2744 2045 2804 de
2072 2745 2339 2803 Zwelsen
2363 2751 2645 2820 perpetuo
2671 2746 3045 2804 servituram.
3842 2754 3959 2806 869

1161 2831 1359 2916 [junio
1443 2874 1859 2901 .......
1892 2872 1972 2885 -
2008 2841 2098 2901 De
2138 2841 2486 2901 Lombardls
2520 2843 2900 2918 conqueritur
2943 2855 3197 2919 quorum
3242 2839 3581 2899 rebelliones
3617 2847 3677 2899 et
3712 2842 3959 2919 injurias

1125 2937 1397 3012 exeunt]
1969 2940 2231 2999 seriatim
2274 2945 2510 2998 enarrat
2526 2980 2545 3012 ,
2588 2945 2647 2998 et
2686 2940 2921 2998 nuntiat
2947 2954 3041 3011 se,
3071 2952 3208 2997 cum
3235 2938 3335 2996 isti
3359 2936 3537 2996 nullis
3564 2938 3723 3012 pacis
3749 2938 3957 2998 condi-

1969 3034 2229 3094 tionibus
2253 3033 2529 3094 accedere
2557 3034 2772 3106 velint,
2806 3049 2945 3093 mox
2986 3032 3221 3092 Italiam
3269 3034 3672 3109 ingressurum
3697 3074 3715 3106 ,
3745 3034 3955 3093 simul-

1968 3147 2087 3207 que
2131 3130 2490 3206 objectiones
2533 3145 2720 3208 papae
2759 3130 2836 3189 de
2874 3132 3113 3208 negotio
3154 3130 3370 3191 Terrae
3408 3130 3656 3191 Sanctae
3695 3131 3954 3192 ineundo

1966 3228 2200 3289 refellit.
3659 3235 3800 3299 872,
3832 3236 3948 3288 878

1884 3356 1967 3371 -
2004 3325 2186 3402 Apud
2213 3341 2426 3403 papam
2451 3342 2515 3386 se
2541 3331 2787 3387 excusat
2818 3324 2982 3402 quod
3022 3325 3271 3384 transire
3304 3322 3382 3384 ad
3409 3322 3731 3384 Saracenos
3760 3324 3950 3385 hosti·

1965 3423 2097 3483 liter
2124 3438 2244 3481 non
2273 3422 2486 3499 possit,
2518 3423 2662 3483 dum
2687 3420 3106 3482 Lombardiam
3133 3426 3193 3480 et
3217 3420 3527 3497 praecipue
3551 3419 3950 3481 Mediolanen-

1962 3522 2118 3580 slum
2143 3521 2440 3580 civitatem
2464 3520 2569 3581 ubi
2595 3525 2686 3580 tot
2708 3519 2978 3581 haeroeoe
3002 3518 3328 3594 pullulant,
3357 3519 3615 3594 primum
3643 3517 3948 3578 debellan-

1961 3617 2070 3677 das
2095 3616 2330 3677 habeat.
3650 3622 3792 3687 880,
3824 3623 3934 3675 881

1879 3744 1963 3759 —
1999 3715 2229 3775 Foedus
2256 3730 2557 3775 armorum
2584 3716 2696 3774 lnlt
2722 3729 2860 3773 cum
2887 3714 3149 3791 quinque
3175 3711 3497 3771 nominatis
3521 3712 3749 3786 imperii
3778 3714 3943 3787 prin-

1958 3812 2188 3886 cipibus
2241 3812 2526 3872 adversus
2567 3811 2931 3871 Fridericum
2976 3810 3189 3870 ducem
3232 3807 3509 3867 Austriae
3562 3813 3622 3866 et
3669 3807 3905 3885 styriae
3918 3850 3937 3880 ,

1957 3911 2160 3986 gravia
2185 3909 2365 3968 nimis
2406 3915 2467 3967 et
2508 3908 2713 3968 illicita
2739 3912 2941 3967 contra
2984 3922 3048 3966 se
3087 3904 3486 3981 honoremque
3525 3904 3756 3979 imperil
3805 3920 3939 3963 mo-

2199 4049 2214 4064 .
3816 4009 3931 4061 883

1876 4005 2375 4180 —nffitsffegium
2401 4101 2756 4160 monasterio
2780 4096 3300 4173 Berchtesgadensi
3338 4098 3599 4169 tempore
3640 4096 3803 4172 regni
3839 4098 3933 4155 sui

1946 4488 2273 4562 praeposito
2315 4491 2377 4545 et
2421 4486 2736 4545 conventui
2777 4483 3296 4561 Berchtesgadensi
3338 4498 3513 4559 super
3552 4483 3926 4541 immunitate

1947 4582 2309 4643 teloneorum
2335 4581 2665 4659 indultum,
2692 4583 2895 4642 inserit
2927 4589 2987 4641 et
3012 4580 3351 4640 renovando
3374 4577 3703 4640 eonflrmat.
3804 4587 3917 4638 887

1142 4681 1316 4757 julio.
1403 4679 1513 4756 Ap.
1529 4679 1838 4740 Werdam.
1868 4710 1949 4721 —
1987 4678 2320 4738 Ekkeberto
2354 4680 2626 4754 episcopo
2651 4676 3114 4756 Babenbergensi
3150 4678 3217 4736 in
3245 4675 3385 4736 villa
3410 4674 3921 4736 Frankenmarket
