4842 5802
1123 584 1242 650 840
1339 633 1349 643 ,
2118 575 2546 637 FRIDERICI
2598 574 2943 636 SECUNDI
3565 576 3724 655 [Arm.
3761 575 3931 639 1236.

1562 865 2970 876 ψ’,ο-η--Ἇῄῳ-...ο-ο-αω-ω--ς-*ψ
2987 866 3086 873 ——
3098 865 3488 873 ffl—--—·rm—

780 1152 1039 1257 wffi‘ln.
1239 1143 1665 1228 Fridericus
1687 1204 1711 1247 ‚
1789 1132 2309 1225 Romanorum
2381 1143 2792 1253 imperator
2812 1205 2836 1251 ‚
2922 1143 3213 1227 civibus
3300 1122 3416 1228 de⁴
3472 1143 3941 1253 Oppenheim

842 1263 956 1302 tiam

847 1290 983 1357 maol
1136 1278 1521 1361 nundinas
1570 1302 1866 1359 annuas
1911 1277 2010 1359 ab
2053 1287 2317 1360 octava
2367 1277 2698 1362 Paschae
2733 1276 3000 1361 diebus
3037 1278 3610 1388 quatuordecim
3648 1277 3943 1362 solem-

1143 1412 1340 1494 niter
1392 1411 1847 1493 exercendas
1905 1410 2285 1516 concedit,
2335 1418 2409 1492 et
2464 1410 2894 1493 accedentes
2929 1411 3028 1494 ad
3081 1413 3384 1494 easdem
3422 1410 3568 1494 sub
3630 1419 3942 1520 protec-

1136 1545 1339 1627 tione
1374 1570 1515 1625 sua
1547 1542 1833 1652 recipit.

1312 1771 1562 1849 (Inedit.
1604 1787 1680 1831 ex
1719 1771 1987 1849 originali
2026 1773 2090 1832 in
2133 1770 2371 1833 archivo
2413 1770 2888 1844 Darmstadensi,
2935 1776 3102 1850 cujus
3144 1773 3405 1851 sigillum
3439 1788 3577 1834 cum
3616 1770 3735 1834 illis
3773 1773 3949 1833 simul

1383 1878 1656 1939 avulsum
1679 1884 1792 1956 est,
1813 1893 2167 1956 pergamena
2193 1885 2487 1939 caeterum
2511 1880 2887 1956 integerrima
2910 1885 2971 1939 et
2993 1879 3377 1940 nitidissimae
3401 1878 3770 1958 scripturae.)

1164 2106 1175 2115 ·
1243 2081 1318 2151 In
1353 2080 1631 2152 nomine
1662 2089 1899 2152 sancte
1941 2088 2009 2151 et
2059 2077 2423 2152 individue
2473 2078 2843 2151 Trinitatis·
2881 2080 3269 2153 Fridericus
3318 2079 3666 2153 secundus
3710 2080 3950 2154 divina

1148 2207 1421 2278 favente
1456 2204 1814 2276 clementia
1847 2203 2305 2275 Romanorum
2350 2202 2718 2296 imperator
2743 2225 3017 2298 semper
3047 2215 3418 2298 augustuS,
3479 2204 3853 2277 Jerusalem
3884 2214 3952 2277 et

1149 2327 1375 2402 Sicilie
1403 2349 1554 2400 rex.
1592 2329 1785 2400 Juste
1817 2326 2177 2398 consuevit
2199 2326 2571 2420 imperialis
2599 2326 2982 2398 sublimitas
3012 2327 3419 2400 devotorum
3455 2327 3722 2424 imperii
3750 2348 3953 2400 com-

1149 2452 1461 2525 moditati
1500 2452 1911 2547 prospicere,
1947 2451 2201 2544 quibus
2232 2450 2402 2522 dum
2440 2450 2853 2546 prospicitur
2879 2451 3363 2523 nichilominus
3390 2451 3657 2545 imperii
3692 2453 3953 2547 profec-

1149 2579 1336 2649 tibus
1391 2576 1790 2671 providetur
1843 2584 1913 2647 et
1961 2577 2235 2647 fervens
2297 2575 2577 2648 devotio
2619 2574 3049 2648 subditorum
3116 2578 3295 2648 circa
3336 2577 3608 2672 imperii
3676 2577 3954 2649 servitia

1158 2702 1535 2776 ferventius
1564 2699 1973 2772 exardescit.
2016 2700 2157 2772 Hac
2198 2699 2542 2794 siquidem
2569 2700 3113 2773 consideratione
3141 2701 3367 2793 ducti,
3419 2711 3653 2773 tenore
3677 2723 3954 2796 presen-

1152 2829 1325 2900 tium
1349 2836 1585 2899 notum
1609 2845 1760 2897 esse
1789 2824 2113 2895 volumus
2135 2833 2275 2895 tam
2304 2825 2733 2920 presentibus
2759 2846 2969 2919 quam
2993 2824 3243 2896 futuris
3284 2825 3473 2919 quod
3508 2826 3856 2897 constituti
3886 2828 3956 2898 in

1160 2964 1391 3025 nostra
1410 2950 1751 3045 presentia
1774 2947 1961 3020 cives
1988 2949 2076 3020 de
2107 2947 2545 3042 Oppenhein,
2577 2947 2815 3022 fideles
2839 2950 3079 3038 nostri,
3113 2959 3341 3023 nostre
3373 2949 3763 3021 celsitudini
3792 2972 3959 3045 sup-

1161 3077 1506 3172 plicarunt
1537 3084 1613 3144 ut
1649 3072 1815 3166 quia
1843 3072 2257 3166 expediebat
2290 3072 2425 3163 eis,
2468 3071 2559 3144 ad
2599 3071 3143 3166 promovendum
3179 3081 3432 3144 statum
3467 3094 3651 3145 nove
3691 3074 3959 3148 habita-
4015 3089 4036 3102 ”²

1159 3200 1361 3271 tionis
1413 3218 1684 3285 eorum,
1731 3195 1899 3290 ipsis
1957 3205 2026 3268 et
2079 3194 2340 3268 civitati
2401 3204 2628 3267 nostre
2688 3195 2776 3267 de
2836 3195 3237 3291 Oppenhein
3295 3218 3562 3268 annuas
3616 3196 3963 3270 nundinas

1158 3322 1522 3416 indulgere
1561 3331 1628 3393 et
1657 3317 2033 3391 concedere
2083 3318 2173 3390 de
2220 3328 2451 3390 nostra
2490 3320 2707 3413 gratia
2751 3317 3230 3424 dignaremur,
3282 3320 3572 3414 singulis
3621 3321 3822 3394 annis
3871 3323 3962 3395 ab

1158 3456 1402 3521 octava
1425 3445 1683 3518 Pasche
1715 3444 1962 3516 diebus
1993 3443 2515 3537 quatuordecim
2549 3443 2940 3515 solemniter
2964 3443 3412 3517 exercendas.
3447 3445 3584 3518 Nos
3614 3446 3824 3538 igitur
3851 3456 3965 3519 at-

1162 3571 1516 3645 tendentes
1544 3569 1914 3642 novitatem
1957 3567 2289 3638 incolatus
2319 3587 2556 3638 eorum
2598 3576 2665 3638 et
2711 3564 2903 3660 quod
2941 3577 3159 3639 status
3198 3568 3494 3640 civitatis
3533 3568 3845 3660 ejusdem
3875 3571 3965 3644 de

1158 3697 1341 3768 bono
1370 3695 1442 3766 in
1479 3693 1723 3765 melius
1754 3700 2122 3785 augeatur,
2181 3689 2699 3762 considerantes
2727 3691 2928 3763 etiam
2972 3692 3312 3765 sinceram
3357 3690 3565 3764 fidem
3614 3703 3683 3765 et
3717 3717 3962 3789 puram

1173 3819 1607 3893 devotionem
1643 3838 1852 3910 quam
1884 3837 2048 3908 erga
2081 3834 2205 3886 nos
2234 3822 2302 3885 et
2344 3814 2707 3908 imperium
2739 3813 3022 3905 habent,
3063 3836 3335 3888 necnon
3365 3826 3435 3888 et
3469 3825 3662 3907 grata
3691 3818 3968 3889 servitia

1160 3966 1296 4038 que
1326 3941 1618 4015 fideliter
1649 3940 2118 4012 exhibuerunt
2147 3938 2478 4011 hactenus
2501 3949 2569 4010 et
2604 3937 2938 4010 exhibent
2967 3940 3385 4012 incessanter
3414 3950 3482 4012 et
3502 3962 3641 4035 que
3664 3942 3734 4012 in
3766 3951 3967 4014 antea

1164 4067 1446 4140 culmini
1497 4074 1728 4137 nostro
1771 4063 2100 4136 exhibere
2155 4070 2475 4155 poterunt
2510 4062 2838 4155 gratiora,
2902 4061 3049 4134 suis
3094 4062 3302 4153 justis
3352 4063 3969 4159 supplicationibus

1166 4198 1583 4280 annuenteS,
1644 4189 1734 4262 de
1789 4188 2024 4260 innata
2066 4185 2267 4258 nobis
2339 4185 2868 4257 mansuetudine
2920 4185 3356 4280 indulgemus
3413 4197 3481 4259 et
3525 4187 3970 4261 concedimus

1165 4317 1426 4390 eisdem
1458 4314 1732 4388 civibus
1755 4321 1824 4384 et
1856 4310 2115 4384 civitati
2140 4316 2372 4382 nostre
2400 4307 2491 4381 de
2512 4308 2916 4405 Oppenhein
2944 4310 3288 4405 predictas
3310 4310 3657 4383 nundinas
3679 4311 3971 4404 singulis

1163 4439 1365 4511 annis
1419 4437 1891 4531 prenominato
1939 4444 2247 4528 tempore
2291 4431 2798 4522 observandae,
2864 4452 3103 4503 omnes
3145 4431 3237 4503 ad
3289 4431 3567 4504 easdem
3620 4431 3973 4503 nundinas

1162 4563 1566 4635 accedentes
1596 4558 1854 4649 eund0,
1882 4555 2216 4630 morando
2241 4564 2309 4628 et
2329 4553 2684 4628 redeundo
2716 4576 2874 4626 cum
2904 4554 3215 4649 personis
3236 4563 3304 4626 et
3339 4554 3546 4626 rebus
3573 4554 3973 4649 recipientes

1163 4686 1294 4756 sub
1331 4695 1560 4757 nostra
1591 4693 1659 4757 et
1690 4681 1959 4778 imperii
1993 4679 2407 4754 defensionis
2444 4678 2665 4773 gratia
2696 4678 3019 4774 speciali;
3074 4679 3480 4752 mandantes
3517 4688 3586 4753 et
3630 4678 3967 4774 presentis
