4842 5802
1173 680 1295 744 862
2168 685 2594 748 FRmERlcl
2645 687 2991 747 SECUNDI
3617 690 3776 767 [Amr.
3814 690 3986 753 1236.

1280 820 1523 889 Datum
1559 817 1748 913 apud
1789 817 2128 891 Franszen
2178 818 2306 916 (⁴),
2348 841 2530 894 anno
2583 820 2928 895 dominice
2973 821 3462 895 incarnationis
3507 822 3987 918 MCCXXXVI,

1181 961 1415 1015 mense
1456 941 1659 1034 maio,
1699 963 1879 1015 nona
1915 940 2313 1017 indictione.

802 1540 1107 1650 „23ng
1289 1526 1713 1609 Fridericus
1728 1588 1752 1634 ,
1793 1526 2311 1609 Romanorum
2357 1525 2792 1635 imperator,
2834 1552 2976 1636 pro
3012 1529 3249 1638 gratis
3284 1537 3359 1612 et
3392 1529 3681 1612 devotis
3715 1528 3993 1612 civium

893 1650 1028 1692 '¹⁸¹⁰‘
1186 1658 1871 1743 wormaciensium
1909 1656 2266 1763 servitiis,
2305 1658 2785 1768 privilegium
2830 1660 3115 1742 eisdem
3161 1687 3208 1743 a
3253 1686 3333 1743 se
3387 1672 3724 1770 temporo
3776 1659 3994 1769 regni

1187 1792 1305 1874 sui
1340 1790 1724 1874 indultum
1766 1790 2028 1874 inserit
2063 1799 2138 1871 et
2168 1792 2604 1874 renovando
2638 1792 3065 1875 confirmat.

1347 2003 1618 2084 (Edlder.
1651 2005 1913 2077 Mona-z,
1932 2000 2324 2084 abhandlung]
2346 2020 2459 2064 von
2489 2003 2732 2081 Wom,
2761 2006 3043 2083 append„
3070 2016 3139 2067 n⁰
3162 2006 3326 2082 XIV,
3356 2024 3418 2086 p.
3449 2015 3674 2070 tos.—
3691 2006 3996 2067 Hmssnn-

1423 2127 1632 2184 rums,
1661 2107 2096 2190 mplomatisclz.
2122 2109 2363 2170 Beweiss
2387 2107 2486 2171 des
2508 2108 2676 2172 Ιιαω.
2706 2109 3060 2186 Hohenloloe,
3090 2117 3236 2176 tom.
3265 2113 3347 2188 11,
3377 2129 3441 2190 p.
3476 2122 3617 2192 278,
3644 2112 3708 2173 n‘
3736 2110 3993 2191 CCXII.)

1286 2302 1364 2374 ln
1394 2300 1672 2374 nomine
1714 2308 1949 2372 sancte
1988 2308 2058 2372 et
2093 2296 2461 2374 individue
2490 2300 2859 2374 Trinitatis.
2897 2300 3283 2376 Fridericus
3318 2301 3707 2392 secundus,
3754 2300 3996 2375 divina

1190 2427 1463 2499 favente
1490 2424 1851 2497 clementia
1881 2424 2340 2496 Romanorum
2390 2408 2760 2519 imperator
2799 2447 3071 2521 semper
3109 2434 3483 2520 augustus,
3518 2426 3892 2499 Jerusalem
3929 2434 4000 2499 et

1190 2550 1418 2621 Sicilie
1465 2569 1615 2620 rex.
1667 2547 2040 2643 Imperialis
2081 2546 2444 2620 clementia
2493 2569 2732 2620 eorum
2771 2550 2954 2641 juste
2991 2536 3260 2623 devotis
3305 2550 3745 2644 petitionibus
3796 2570 3997 2622 aures

1186 2696 1311 2746 sue
1343 2673 1618 2767 pietatis
1642 2672 2110 2745 accommodat
2138 2693 2437 2767 quorum
2469 2672 2803 2768 obsequia
2851 2673 3062 2765 digne
3097 2674 3373 2768 prestita
3420 2684 3606 2747 tanto
3652 2673 4000 2746 liberalius

1190 2796 1574 2869 desiderata
1627 2803 1972 2868 merentur
2031 2796 2369 2891 accipere,
2424 2805 2683 2890 quanto
2732 2796 2878 2890 ipsa
2925 2799 3204 2871 servitia
3258 2800 3577 2889 majestas
3626 2797 4000 2892 imperialis

1190 2921 1487 3015 gratiora
1533 2941 1609 2993 se
1641 2921 1874 2993 recolit
1920 2921 2283 3016 recepisse.
2328 2921 2517 2992 Tunc
2554 2922 2739 2993 enim
2772 2922 3077 3013 jocunda
3123 2921 3557 2994 subditorum
3603 2920 3882 2993 devotio
3926 2922 3999 2992 in

1190 3044 1387 3116 solita
1429 3044 1721 3137 persistit
1778 3053 1848 3116 et
1894 3042 1985 3115 ad
2033 3043 2476 3117 serviendum
2525 3046 2813 3141 imperio
2875 3046 3250 3118 ferventius
3296 3044 3662 3116 animatur.
3701 3045 3844 3115 Hac
3888 3043 3999 3114 si·-

1191 3166 1474 3262 quidem
1530 3170 1789 3241 ratione
1833 3167 2058 3257 ducti,
2101 3177 2336 3240 notum
2378 3190 2532 3240 esse
2575 3171 2898 3241 volumus
2947 3179 3083 3241 tam
3141 3167 3573 3262 presentibus
3623 3187 3835 3260 quam
3888 3168 3998 3238 fu·

1198 3293 1369 3365 turis
1418 3292 1609 3386 quod
1652 3292 1999 3364 constituti
2032 3314 2259 3364 coram
2309 3293 2511 3364 nobis
2557 3294 2745 3365 cives
2801 3291 3334 3364 wormatienses
3383 3290 3616 3363 devoti
3654 3299 3722 3363 et
3766 3287 4001 3362 fideles

1196 3417 1409 3489 nostri
1444 3415 1917 3488 exhibuerunt
1968 3415 2358 3488 celsitudini
2392 3427 2622 3488 nostre
2672 3416 3030 3510 quoddam
3075 3415 3512 3510 privilegium
3566 3416 3733 3510 ipsis
3771 3437 3814 3489 a
3853 3436 4000 3487 ma·

1183 3542 1430 3634 Jestate
1480 3550 1709 3613 nostra
1755 3539 2208 3611 contraditum
2255 3550 2560 3633 tempore
2609 3541 2805 3633 regni
2863 3540 3110 3627 nostri,
3170 3540 3634 3636 supplicantes
3675 3539 3851 3612 illud
3896 3542 4002 3610 in·

1195 3665 1434 3738 novari
1482 3665 1735 3760 pariter
1789 3674 1858 3735 et
1907 3663 1994 3736 de
2042 3664 2471 3759 plenitudine
2518 3673 2747 3736 nostre
2802 3664 3024 3757 gratie
3079 3662 3501 3754 confirmari;
3557 3665 3757 3756 quus
3809 3674 4002 3736 tenor

1192 3789 1349 3861 talis
1383 3797 1526 3860 erat
1558 3813 1576 3857 ε

1297 3908 1654 4007 [Sequitur
1683 3909 1774 3982 de
1815 3910 2030 3984 verbo
2071 3910 2164 3983 ad
2202 3913 2493 3983 verbum
2537 3911 2974 4005 privilegium
3022 3909 3259 3983 datum
3295 3911 3482 4006 apud
3521 3910 3995 4001 Frankenfort,

1198 4055 1383 4109 anno
1411 4034 1743 4124 MCCXX,·
1780 4033 1904 4105 XII
1933 4034 2251 4107 calendas
2286 4034 2478 4122 maii,
2522 4034 2758 4106 indict.
2801 4044 3078 4125 octava3
3109 4034 3300 4128 quod
3337 4057 3544 4130 supra
3582 4032 3995 4121 videndum,

1195 4170 1245 4232 t.
1285 4161 1340 4247 1,
1382 4182 1454 4252 p.
1492 4155 1695 4253 925]
4073 4233 4076 4236 Α

1292 4282 1430 4353 Nos
1488 4282 1721 4374 itaque
1776 4279 2204 4353 attendentes
2258 4281 2619 4376 puritatem
2688 4279 2851 4354 fidei
2907 4303 2990 4354 ac
3038 4280 3421 4354 devotionis
3473 4299 3612 4374 qua
3667 4281 3999 4374 prenotati

1199 4406 1388 4478 cives
1437 4404 1967 4477 Wormatienses
2019 4403 2571 4500 progenitoribus
2616 4404 2865 4477 nostris
2911 4405 3094 4477 divis
3138 4404 3449 4495 augustis
3503 4413 3885 4476 constanter
3937 4414 4005 4475 ct

1192 4601 1255 4611 ...-
1268 4601 1278 4607 .
1292 4600 1649 4609 οςοα---η-..Αῤ
1664 4598 1941 4606 --.-—-›—-—·
1953 4597 2619 4608 -no-—uo-u—w-xo-a
2634 4599 2782 4607 *⁴0*
2796 4600 2922 4607 ----·
2939 4601 2950 4604 -
2964 4600 3064 4606 Μ»...
3074 4599 3170 4607 ..ς-..-
3184 4599 3315 4607 m
3327 4598 3448 4608 ..a-

1274 4708 1345 4780 (l)
1384 4708 1475 4765 Sic
1497 4724 1584 4781 ap.
1614 4708 1785 4781 Ilugo,
1808 4723 1878 4765 ex
1900 4708 2053 4782 copia
2076 4707 2437 4765 verisimiliter
2461 4708 2736 4780 mendosa,
2760 4723 2884 4764 cum
2907 4707 3066 4765 suerit
3089 4708 3144 4764 in
3170 4707 3475 4765 authentico
3507 4706 3900 4782 Franckenford
3923 4706 4005 4764 vel

1204 4805 1527 4877 hujusmodi.
1564 4807 1735 4864 Locus
1758 4806 1900 4863 enim
1923 4805 2123 4879 optime
2147 4805 2415 4864 itinerario
2437 4822 2498 4865 se
2525 4805 2907 4865 aoeommodat.
