4842 5802
846 645 1033 705 hemer.
1070 644 1156 719 7.]
1742 641 2139 703 HISTORIA
2187 640 2773 703 DIPLOMATICA.
3546 644 3669 705 627

849 781 1122 851 functus
1155 800 1415 873 pueros
1442 777 1764 851 habuerit
1785 779 1910 872 qui
1942 779 2418 853 condicionem
2447 801 2644 852 suam
2672 787 3070 872 sequantur,
3092 778 3281 871 quod
3300 780 3522 871 vulgo
3541 779 3662 861 di·-

850 902 1026 974 citur
1060 921 1264 996 gnoz,
1300 911 1468 973 tunc
1497 901 1685 974 inter¹
1703 899 1939 974 habita
1965 901 2160 995 qnod
2193 903 2444 975 melius
2455 901 2684 990 fuerit,
2718 900 2896 972 sicut
2927 901 3303 990 vulgariter
3327 902 3464 974 dici
3491 904 3665 976 solet

847 1025 1212 1118 Fiirstegut
1231 1028 1279 1117 ,⁸
1315 1024 1409 1098 ad
1442 1024 1966 1097 usum'ecclesie
1993 1024 2219 1098 cedet.
2260 1026 2332 1097 Si
2367 1046 2538 1098 vero
2570 1024 2780 1120 pueri
2807 1024 3282 1096 conditionem·
3305 1034 3661 1120 xpaternam

847 1169 984 1220 non
1021 1157 1381 1239 secuntur,
1424 1158 1591 1221 tunc
1628 1148 2312 1221 medietas-omnium
2362 1149 2770 1221 habitorum·
2804 1156 2874 1220 et
2922 1154 3392 1243 possessorum
3431 1152 3664 1244 pueris

849 1271 1089 1361 cedet3
1140 1273 1277 1344 alia
1321 1292 1490 1344 vero
1537 1272 1873 1345 medietas
1914 1270 2199 1346 ecclesie
2243 1269 2653 1346 remanebit.
2713 1273 2816 1343 De
2860 1272 3236 1347 novalibus?
3273 1294 3566 1366 quoque·
3591 1274 3665 1346 in

850 1395 1026 1468 silva
1049 1395 1417 1468 Altorfensl
1443 1396 1737 1467 excultis
1764 1404 1903 1468 tam
1928 1397 1999 1467 in
2022 1397 2208 1490 agris
2229 1418 2439 1491 quam
2461 1396 2533 1466 i'n
2555 1395 2772 1490 pratis
2792 1395 2948 1466 etin
2974 1394 3264 1467 decimis
3283 1398 3660 1489 novalium,

852 1540 991 1612 que
1021 1519 1094 1589 in
1131 1519 1282 1612 ipsa
1318 1518 1494 1591 silva
1523 1517 1924 1610 Altorfensi,
1972 1520 2243 1591 *scilicet
2279 1518 2521 1590 Ouriet
2560 1526 2628 1590 et
2657 1518 2826 1591 alias
2867 1518 2936 1588 in
2986 1518 3160 1589 silva
3210 1520 3661 1610 excoluntur,

851 1642 1027 1713 sicut
1060 1651 1264 1714 antea
1295 1662 1420 1713 nos
1447 1641 1686 1714 fecisse
1710 1643 2269 1735 recognoscimus
2307 1639 2445 1736 (l),
2494 1641 2589 1712 ita
2625 1661 2904 1733 quoque
2934 1640 3167 1712 denuo
3195 1641 3478 1735 perrhoc
3513 1642 3669 1736 pri-

850 1762 1191 1856 vilegium*
1235 1762 1582 1857 sepedicto
1629 1763 1920 1835 ecclesie
1962 1764 2246 1858 plenum
2290 1764 2406 1854 jus
2453 1762 2524 1832 in
2572 1772 2982 1857 perpetuum
3012 1763 3467 1853 conferimus;
3527 1785 3669 1837 vo—

851 1885 1069 1957 lentes
1116 1885 1323 1956 etiam
1374 1894 1451 1956 ut
1491 1893 2106 1979 quantumcunque
2153 1908 2276 1981 per
2320 1884 2742 1957 excisionem
2792 1886 3133 1979 lignorum
3177 1887 3296 1959 vel·
3344 1887 3666 1960 fruticum

853 2008 943 2079 ad
992 2010 1330 2081 culturam
1388 2028 1727 2102 agrorum
1798 2008 2113 2082 homines
2173 2010 2461 2082 ecclesie
2525 2008 2828 2102 predicte
2886 2009 3238 2081 elaborare
3295 2018 3662 2104 poterunt,

853 2140 1071 2203 totum
1102 2131 1233 2227 ipsi
1262 2131 1549 2203 ecclesie
1590 2132 1663 2202 iu
1713 2132 1947 2225 quieta
1996 2132 2426 2225 possessione
2466 2140 2795 2225 perpetuo
2832 2132 3220 2226 pertinebit.
3257 2132 3671 2225 Quicunque

853 2255 1055 2326 etiam
1086 2255 1379 2326 aliorum
1414 2254 1772 2328 hominum
1805 2255 2199 2348 cuicunque
2225 2255 2711 2347 pertinentium
2759 2256 2832 2325 in
2874 2254 3239 2326 novalibus
3276 2252 3459 2325 dicte
3493 2254 3669 2327 silve

857 2375 1120 2470 aliquid
1152 2376 1645 2465 elaboraverit,
1689 2377 1780 2450 de
1812 2377 2166 2450 laboribus
2200 2378 2349 2449 suis
2379 2378 2565 2451 dicte
2600 2377 2890 2449 ecclesie
2926 2376 3263 2448 decimam
3300 2377 3665 2470 persolvet.

853 2498 1237 2572 statuentes
1271 2500 1476 2572 etiam
1503 2509 1581 2572 ut
1615 2499 2045 2595 sepedictum
2074 2501 2562 2574 monasterium
2602 2500 2792 2594 ligna
2822 2498 2913 2570 de
2948 2498 3126 2571 silva
3164 2497 3389 2571 Altort'
3412 2497 3504 2571 ad
3535 2519 3675 2571 ne-

859 2623 1234 2695 cessarium
1262 2623 1529 2717 ignem,
1566 2620 1658 2696 ad
1691 2624 1927 2697 omnia
1954 2623 2218 2697 edifitia
2253 2635 2322 2698 et
2356 2623 2452 2697 ad
2484 2624 2747 2696 victum
2782 2643 3145 2718 porcorum
3182 2621 3432 2694 habeat
3467 2622 3675 2694 suffi—

853 2745 1117 2818 tienter.
1152 2748 1467 2819 Preterea
1501 2746 1591 2819 de
1618 2747 1877 2818 colonis
1904 2748 2025 2842 qui
2061 2745 2309 2842 predia
2335 2748 2670 2843 prelibate
2705 2745 2991 2819 ecclesie
3014 2747 3404 2836 coluerunt,
3436 2745 3675 2818 statui·

856 2891 1010 2941 mus
1062 2878 1139 2941 ut
1191 2870 1514 2964 cuiquam
1578 2870 1883 2965 ipsorum
1930 2892 2068 2944 non
2119 2872 2321 2945 liceat
2369 2874 2528 2965 jure
2593 2871 2718 2944 fori
2771 2890 3002 2944 aream
3056 2870 3129 2940 in
3182 2868 3412 2942 Altorf
3453 2864 3566 2942 vel
3601 2870 3675 2942 in

855 2993 1300 3089 Ravenspurc
1327 2994 1723 3088 possiders;
1789 2996 1882 3067 ita
1916 2997 2106 3089 quod
2135 3004 2454 3091 pretextu
2483 2997 2638 3068 talis
2669 2994 3118 3090 possessionis
3144 2995 3292 3087 agri
3327 2996 3677 3089 sepedicte

856 3118 1136 3189 ecclesie
1172 3118 1414 3189 inculti
1447 3118 1958 3212 relinquantur,
2002 3140 2131 3190 nec
2167 3120 2342 3191 inter
2371 3119 2560 3191 cives
2585 3119 2698 3191 vel
2721 3127 3132 3190 mercatores
3159 3127 3428 3191 nostros
3451 3172 3471 3211 ,
3516 3119 3677 3191 licet

856 3239 1165 3330 ejusdem
1198 3240 1484 3313 ecclesie
1521 3242 1658 3312 sint
1686 3241 2031 3333 homines,
2071 3250 2500 3336 reputentur.
2536 3241 2608 3312 Si
2653 3261 2819 3312 vero
2856 3240 3109 3332 aliquis
3143 3249 3672 3314 memoratorum

858 3363 1286 3451 colonorum,
1334 3365 1756 3457 agricultura
1781 3365 2189 3460 postposita,
2232 3364 2322 3436 ad
2357 3363 2789 3459 supradictos
2822 3362 3011 3435 cives
3047 3385 3122 3436 se
3153 3363 3570 3435 transtulerit
3603 3374 3674 3435 et

859 3506 1088 3556 aream
1118 3488 1276 3577 jure
1311 3488 1437 3560 sori
1493 3487 1752 3560 ibidem
1790 3488 2221 3582 acquisierit,
2279 3489 2337 3559 si
2365 3488 2546 3559 infra
2587 3509 2847 3559 anuum
2875 3486 3094 3558 abbas
3137 3486 3676 3579 Winegartensis

859 3609 1084 3701 ipsum
1109 3611 1487 3704 repetierit,
1547 3633 1709 3682 cum
1743 3611 1948 3706 pleno
1974 3613 2129 3703 jure
2154 3611 2553 3683 restituatur
2585 3609 2835 3683 eidem.
2873 3609 3162 3704 Insuper
3188 3618 3672 3683 conservantes

858 3732 989 3826 ipsi
1020 3733 1303 3805 ecclesie
1339 3735 1813 3808 concessiones
1835 3745 1902 3807 et
1926 3736 2178 3826 gratias
2207 3756 2382 3827 quas
2418 3733 2644 3805 eidem
2673 3733 3142 3827 progenitores
3170 3733 3380 3805 nostri
3416 3733 3508 3806 de
3540 3735 3672 3806 im·

856 3856 1191 3946 peratoria
1229 3866 1298 3928 et
1339 3857 1531 3951 regia
1578 3857 1711 3928 sibi
1758 3856 2164 3930 celsitudine
2205 3859 2430 3929 facere
2481 3856 2981 3943 decreverunt3
3041 3854 3479 3950 indulgentes
3535 3857 3672 3952 ipsi

855 3979 1264 4052 monasterio
1293 3980 1485 4073 quod
1520 3979 1723 4052 faciat
1751 3980 2164 4075 emptiones,
2204 3980 2738 4075 permutationes
2762 3987 2831 4051 et
2857 3979 3127 4051 cambia
3163 3981 3672 4075 possessionum

856 4121 1132 4198 suarum
1151 4123 1307 4174 cum
1333 4103 1638 4174 ecclesiis
1663 4111 1731 4174 et
1748 4102 2144 4174 bominibus
2169 4103 2445 4196 nostris,
2474 4101 2921 4176 concedimus
2937 4104 3141 4176 etiam
3159 4104 3350 4198 quod
3368 4101 3484 4202 [si]
3500 4126 3672 4199 pos-

857 4225 1189 4297 sessiones
1209 4217 1628 4320 quocunque
1654 4225 1744 4297 ad
1781 4248 1907 4299 nos
1927 4226 2202 4299 nomine
2230 4227 2644 4321 pertinentes
2671 4236 2810 4324 tam
2837 4248 2884 4314 a
2915 4226 3475 4299 ministerialibus
3500 4226 3670 4318 bur,-

860 4348 1188 4435 gensibus
1212 4350 1464 4422 nostris
1489 4370 1699 4442 quam
1728 4350 1819 4422 ab
1849 4350 2000 4423 aliis
2016 4348 2704 4423 -hominibusnostris
2735 4348 2830 4422 ad
2862 4370 2988 4422 nos
3019 4370 3437 4444 quocunque
3471 4351 3668 4425 titulo

931 4731 1000 4804 (l)
1036 4732 1117 4789 cf.
1146 4747 1312 4806 supra
1339 4737 1378 4788 t.
1410 4733 1464 4801 1,
1494 4749 1551 4806 p.
1581 4734 1707 4790 722.
