4842 5802
1090 545 1215 607 964
2000 553 2255 613 INDEX
2309 550 3008 613 DOCUMENTORUM.

1126 746 1343 822 1252

1112 878 1347 937 martio.
1474 877 1756 939 venetiis.
1861 913 1942 925 —
1980 880 2308 939 Johannem
2336 879 2608 940 abbatem
2656 884 2715 936 et
2757 876 2970 938 fratres
3010 877 3346 936 monasterii
3372 874 3569 936 Sancti
3596 876 3818 938 Nicoiai
3842 877 3919 938 de

1939 978 2161 1038 Littore
2187 976 2443 1037 Rivoalti
2465 992 2599 1036 cum
2636 975 2908 1035 omnibus
2942 975 3110 1034 bonis
3139 991 3342 1034 eorum
3385 973 3499 1035 sub
3544 991 3654 1035 sua
3688 981 3916 1052 protec-

1940 1075 2098 1132 tione
2124 1075 2359 1149 recipit,
2386 1074 2708 1148 statuitque
2750 1077 2821 1131 ut
2859 1071 2934 1131 de
2966 1071 3277 1147 praedictis
3311 1070 3485 1132 bonis
3522 1074 3661 1149 jura
3685 1074 3917 1149 imperii

1937 1170 2303 1246 recolligant,
2331 1169 2444 1229 sibi
2471 1169 2561 1227 vel
2586 1171 2807 1228 nuntiis
2830 1170 2952 1227 suis
2977 1167 3346 1245 assignanda.
3797 1178 3911 1230 313

1112 1261 1344 1319 martio·
1473 1264 1758 1326 venetiis.
1862 1296 1940 1310 -
1978 1265 2072 1326 Ad
2099 1265 2582 1341 supplicationem
2611 1265 2781 1324 Pauli
2802 1265 3031 1325 abbatis
3056 1262 3257 1325 Sancti
3282 1264 3516 1344 Georgii
3541 1266 3616 1327 de
3635 1267 3913 1337 venetiis,

1938 1363 2140 1420 inserit
2177 1366 2239 1421 et
2283 1359 2593 1420 confirmat
2641 1361 3005 1437 privilegium
3054 1376 3092 1420 a
3132 1360 3428 1421 Friderico
3474 1363 3506 1421 Ι
3552 1378 3710 1422 anno
3757 1371 3908 1422 1177

1937 1458 2127 1518 eidem
2173 1461 2529 1517 monasterio
2565 1458 2896 1529 indultum,
2925 1457 3206 1534 additque
3246 1464 3315 1518 ut
3349 1458 3626 1519 victualia
3659 1476 3766 1522 sua
3809 1476 3914 1536 per

1936 1554 2246 1629 imperium
2272 1556 2398 1613 sine
2417 1556 2554 1629 jure
2577 1555 2830 1631 passagii
2855 1553 3127 1613 monachi
3152 1553 3377 1613 deferre
3403 1554 3658 1616 valeant.
3794 1566 3910 1617 315

1089 1652 1166 1705 29
1185 1650 1362 1705 mart.
1443 1652 1516 1710 In
1539 1652 1779 1712 civitate
1856 1681 1938 1694 —
1974 1648 2369 1710 Lanfrancum
2395 1649 2672 1710 abbatem
2714 1649 2961 1710 Sanctae
2999 1650 3222 1709 Mariae
3258 1649 3334 1709 de
3370 1650 3639 1711 Pratalea
3672 1654 3915 1712 investit

1451 1748 1525 1808 de
1549 1749 1769 1810 Friule.
1935 1745 2009 1806 de
2043 1746 2452 1822 jurisdictione
2488 1752 2550 1806 et
2589 1748 2872 1806 comitatu
2911 1746 3182 1806 villarum
3218 1745 3620 1823 Bursignanae
3635 1790 3652 1819 ,
3682 1747 3911 1808 Tenea-

1933 1843 2123 1918 rolae,
2153 1842 2421 1904 Nemoris
2436 1885 2454 1916 ,
2479 1845 2812 1904 Tramontls
2825 1887 2844 1920 ,
2871 1850 2931 1904 et
2956 1844 3034 1904 ab
3065 1860 3137 1904 eo
3172 1847 3576 1922 juramentum
3616 1843 3914 1906 fidelitatis

1932 1941 2154 2015 recipit.
3791 1951 3907 2003 330

1121 2031 1314 2108 aprili.
1388 2036 1827 2115 Ap.Civitatem
1855 2067 1934 2081 —
1973 2035 2070 2095 Ad
2096 2037 2575 2112 supplicationem
2602 2037 2915 2113 praepositi
2940 2043 3001 2096 et
3025 2038 3436 2097 canonicorum
3475 2038 3733 2114 capellae
3767 2054 3909 2099 suae

1389 2137 1451 2195 in
1483 2136 1635 2196 Foro
1657 2136 1823 2197 Julii.
1933 2131 2135 2194 Sancti
2159 2134 2411 2194 Servatii
2436 2135 2499 2192 in
2523 2133 2814 2211 Trnjecm,
2843 2133 3191 2193 divisionem
3221 2133 3507 2195 bonorum
3548 2137 3700 2194 inter
3736 2152 3907 2212 prae-

1932 2232 2187 2306 positum
2206 2229 2477 2289 eumde-
2495 2234 2554 2288 et
2572 2231 2884 2289 canonicos
2901 2230 3266 2291 concorditer
3283 2230 3499 2292 factam
3518 2238 3703 2293 ratam
3729 2231 3912 2292 habet

1931 2330 1992 2385 et
2021 2323 2353 2385 confirmat.
3790 2336 3899 2387 331

1126 2416 1316 2493 aprili.
1388 2416 1824 2494 Ap.Civitatem
1851 2454 1932 2466 —
1971 2422 2068 2482 Ad
2095 2420 2576 2499 supplicationem
2600 2419 2828 2480 abbatis
2851 2421 2925 2481 de
2949 2420 3395 2496 Bebenhausen,
3427 2422 3582 2483 bona
3605 2439 3760 2500 quae
3785 2439 3909 2484 mo-

1453 2515 1516 2573 in
1540 2515 1754 2577 Priola.
1929 2522 2245 2580 nasterium
2292 2519 2453 2600 apud
2495 2519 2842 2596 Ezzelingen
2875 2521 3035 2595 juste
3076 2520 3335 2596 possidet
3377 2519 3453 2580 ab
3498 2523 3660 2581 omni
3686 2521 3826 2581 dato
3843 2528 3909 2581 et

1929 2619 2234 2677 exactione
2260 2618 2487 2675 eximit.
3789 2626 3903 2678 333

1118 2707 1306 2783 aprili.
1425 2706 1789 2786 Aquilegiae.
1853 2743 1930 2756 -
1969 2713 2241 2773 Renovat
2283 2711 2469 2789 legem
2508 2726 2631 2788 qua
2673 2715 3023 2771 revocantur
3065 2713 3399 2772 communia
3413 2753 3432 2782 ,
3475 2713 3745 2786 consilia,
3775 2729 3906 2774 ma-

1929 2811 2096 2888 gistri
2123 2809 2338 2885 aliique
2365 2807 2645 2869 officiales
2670 2809 2920 2881 civium,
2963 2810 3067 2886 qui
3104 2811 3166 2867 in
3212 2810 3373 2868 omni
3419 2809 3655 2869 civitate
3679 2810 3773 2870 vel
3797 2827 3906 2888 op-

1927 2906 2067 2983 pido
2108 2905 2489 2966 Alamanniae
2531 2907 2657 2966 sine
2698 2903 3102 2983 episcoporum
3147 2905 3511 2983 beneplacito
3563 2913 3732 2967 erant
3772 2914 3906 2969 sta-

1929 3004 2071 3073 tuti,
2096 3007 2202 3061 etc.
3786 3012 3903 3065 285

1114 3094 1310 3170 aprili.
1421 3093 1778 3174 Aquilegiae.
1851 3130 1928 3143 -
1967 3099 2040 3158 In
2064 3100 2390 3175 praesentia
2432 3103 2494 3157 et
2535 3097 2612 3157 de
2652 3098 2896 3159 consilio
2929 3098 3165 3158 Henrici
3205 3096 3315 3158 filii
3353 3100 3447 3159 sui
3473 3104 3534 3159 et
3557 3106 3903 3178 magnatum

1926 3196 2194 3272 imperii,
2223 3196 2612 3271 principatum
2651 3195 2926 3255 ecclesiae
2966 3194 3361 3257 laurissensis
3394 3195 3472 3255 ad
3514 3196 3903 3273 archiepisco·

1924 3309 2070 3370 pum
2116 3291 2529 3370 Maguntinum
2576 3307 2713 3352 cum
2761 3294 2923 3352 omni
2967 3291 3188 3353 honore
3242 3298 3303 3352 et
3342 3294 3480 3369 jure
3523 3295 3654 3369 ejus
3707 3299 3904 3354 trans-

1925 3388 2061 3449 fert.
3784 3396 3899 3448 826

1114 3480 1307 3557 aprili.
1509 3484 1690 3561 Apud
1850 3520 1920 3533 -
1961 3485 2320 3548 Monasterio
2345 3485 2619 3547 Siticinae
2654 3484 2914 3563 (Sittich)
2945 3487 3009 3545 in
3038 3485 3337 3546 Carinthia
3370 3485 3680 3547 confirmat
3714 3487 3901 3548 iores-

1408 3583 1794 3662 Aquilegiam.
1922 3590 2119 3645 tarum
2147 3591 2207 3645 et
2232 3586 2610 3645 venationum
2630 3586 2736 3660 Jus
2760 3582 2921 3660 quod
2947 3598 3142 3643 comes
3167 3582 3447 3644 Albertus
3469 3583 3544 3644 de
3569 3584 3902 3644 Weichsel·

1923 3681 2067 3760 berg
2104 3684 2440 3741 monasterii
2479 3679 2756 3740 fundator
2796 3694 2974 3756 super
3010 3680 3280 3757 plurimis
3304 3680 3568 3757 eiusdem
3592 3679 3765 3740 bonis
3788 3679 3901 3740 sibi

1508 3826 1513 3831 .
1924 3785 2351 3847 reservaverat,
2378 3782 2493 3838 etc.
2567 3812 2570 3817 >
3605 3784 3742 3845 338,
3783 3784 3897 3837 339

1114 3871 1305 3948 aprili.
1513 3870 1689 3948 Apud
1846 3905 1926 3920 —
1975 3873 2072 3934 Ad
2136 3874 2619 3950 supplicationem
2681 3872 3127 3951 Bambergensis
3193 3875 3483 3951 episcopi,
3544 3875 3899 3934 monasterio

1406 3967 1798 4046 Aquilegiam.
1924 3966 2151 4050 [Sancti
2177 3967 2449 4047 Georgii]
2476 3970 2550 4030 de
2576 3969 2739 4031 Stein
2764 3968 3048 4029 telonium
3070 3969 3230 4046 apud
3255 3969 3492 4030 Merket
3514 3976 3576 4029 et
3599 3975 3897 4029 monetam

1923 4068 1987 4126 in
2012 4066 2209 4127 steine
2230 4066 2562 4127 confirmat.
3547 4074 3663 4126 339
3691 4072 3752 4126 et
3779 4071 3895 4127 939

1116 4159 1307 4236 aprili.
1512 4161 1690 4238 Apud
1844 4195 1926 4208 —
1964 4162 2060 4222 Ad
2084 4165 2521 4240 requisitionem
2547 4162 2826 4223 Burcardi
2852 4162 3153 4239 burgravii
3179 4160 3700 4239 Magdeburgensis
3716 4204 3735 4239 ,
3765 4176 3896 4221 mo-

1404 4257 1795 4337 Aqnilegiam.
1921 4260 2174 4319 nasterio
2222 4258 2295 4318 de
2336 4260 2519 4336 Berge
2552 4258 2816 4318 concedit
2854 4264 2914 4318 et
2958 4255 3270 4318 confirmat
3309 4256 3677 4317 advocatiam
3722 4272 3896 4333 super

1922 4353 2096 4414 bonis
2120 4355 2486 4427 monasterii,
2518 4368 2695 4431 quam
2720 4354 2877 4414 idem
2912 4353 3241 4414 Burcardus
3275 4368 3434 4413 anno
3462 4360 3610 4413 1321
3642 4354 3706 4412 in
3732 4351 3896 4412 trau-

1921 4450 2060 4509 dem
2087 4451 2310 4525 imperii
2334 4449 2522 4509 eidem
2552 4450 2903 4509 monasterio
2929 4448 3293 4509 vendiderat.
3778 4455 3894 4507 330

1105 4558 1162 4610 1⁰
1189 4550 1354 4610 maii.
1512 4547 1691 4623 Apud
1849 4577 1926 4591 -
1965 4547 2318 4606 monasterio
2343 4545 2544 4607 Sancti
2568 4547 2726 4606 Petri
2761 4547 2825 4605 in
2863 4545 3058 4623 Augia
3084 4544 3313 4605 confert
3335 4542 3730 4621 praebendam
3753 4559 3895 4619 par-

1436 4641 1766 4705 Civitatem.
1923 4640 2195 4702 rochialis
2219 4641 2491 4702 ecclesiae
2516 4644 2579 4701 in
2608 4643 2903 4720 Bregenz,
2942 4641 3083 4703 olim
3107 4657 3144 4702 a
3171 4657 3236 4702 se
3261 4639 3599 4701 Burcbardo
3636 4638 3712 4700 de
3744 4638 3896 4699 Rie-
