4842 5802
1175 603 1298 667 990
2083 606 2340 667 INDEX
2395 606 3095 670 nochssNTonuM.

1200 944 1274 995 2ο
1297 934 1448 994 febr.
1612 929 1790 1006 Apud
1953 963 2028 977 —
2065 933 2369 996 Universis
2395 934 2627 997 civibus
2661 935 2737 997 de
2771 935 3147 998 Geinbansen
3182 936 3474 1011 promittit
3507 933 3667 1012 quod
3697 945 4009 1009 nunquam

1506 1026 1889 1089 Gessnhnsen.
2026 1031 2104 1092 ab
2130 1033 2328 1109 aliquo
2354 1049 2559 1094 eornm
2583 1035 2781 1112 exiget
2803 1039 2874 1095 ut
2899 1032 3011 1094 sibi
3042 1032 3286 1093 accedat
3321 1032 3416 1092 vel
3444 1032 3697 1107 excipiat
3731 1033 4007 1104 sumptus

2027 1144 2177 1204 quos
2213 1129 2436 1189 faceret
2479 1128 2733 1204 ibidem,
2774 1130 2880 1191 sed
2922 1129 3082 1207 quod
3121 1127 3388 1206 eiusdem
3422 1127 3534 1187 loci
3571 1126 3853 1187 scultetus
3891 1124 4007 1184 hoc

2027 1226 2188 1287 idem
2216 1226 2406 1288 iacere
2430 1227 2662 1288 debeat.
3656 1231 3769 1285 562
3800 1229 3861 1284 et
3888 1230 3998 1282 951

1198 1348 1272 1400 25
1302 1337 1450 1400 febr.
1615 1333 1794 1410 Apud
1948 1373 2025 1387 —
2067 1340 2479 1402 Venditionem
2516 1358 2552 1402 a
2577 1342 2883 1403 Ludovico
2909 1340 2984 1400 de
3023 1339 3265 1416 Schipia
3298 1340 3652 1400 monasterio
3688 1337 3763 1398 de
3807 1339 4004 1400 otter-

1510 1431 1895 1507 Herbipolim·
2026 1438 2173 1515 berg
2211 1455 2347 1499 cum
2373 1456 2615 1499 assensn
2645 1454 2754 1498 suo
2791 1438 3009 1498 factam
3036 1437 3110 1497 de
3136 1435 3306 1497 bonis
3338 1452 3490 1515 quae
3519 1435 3775 1497 babebat
3799 1437 3863 1497 in
3889 1436 4007 1497 Or-

2028 1534 2321 1607 misheim,
2353 1541 2554 1596 notam
2580 1534 2723 1595 facit
2747 1541 2807 1594 et
2833 1533 3160 1596 confirmat.
3887 1541 4003 1594 568

1184 1650 1256 1700 17
1278 1644 1451 1700 mart.
1620 1634 1794 1711 Apud
1948 1670 2029 1685 —
2068 1638 2419 1699 Consulibus
2465 1646 2525 1700 et
2560 1641 2854 1700 universis
2898 1633 3130 1700 civibus
3163 1635 3698 1700 wormatiensibns
3742 1637 4011 1716 indulget

1523 1731 1877 1811 Augustam.
2028 1741 2097 1796 ut
2124 1738 2301 1813 Juxta
2341 1736 2594 1798 formam
2632 1737 3071 1815 privilegiorum
3113 1738 3198 1796 eis
3234 1753 3271 1797 a
3307 1735 3849 1812 praedecessoribus
3887 1738 4009 1800 suis

2027 1832 2420 1905 indultorum,
2446 1836 2617 1910 jura,
2648 1833 2948 1893 ubertates
2973 1838 3033 1892 et
3058 1832 3366 1892 consilium
3401 1830 3686 1906 babeant,
3719 1831 3886 1892 salva
3916 1838 4009 1893 ta·

2028 1944 2164 1988 men
2190 1929 2456 1990 libertate
2482 1930 2758 1990 eeclesiae
2782 1930 3253 1990 wormatiensis.
3887 1933 4004 1992 564

1189 2046 1259 2098 ιο
1283 2036 1454 2114 april.
1613 2028 1791 2106 Apud
1949 2066 2030 2079 —
2066 2034 2346 2112 Gregorio
2375 2052 2560 2112 papae
2584 2035 2788 2096 scribit
2805 2052 2868 2095 se
2884 2041 3201 2111 spontanee
3219 2036 3511 2111 juravisse
3535 2035 3698 2111 quod
3719 2034 4010 2114 quidquid

1523 2123 1879 2204 Augustam.
2029 2139 2089 2193 et
2125 2135 2354 2208 quoties
2389 2134 2705 2210 imperator
2738 2139 2905 2210 pater
2946 2151 3089 2194 suus
3129 2150 3230 2194 ore
3267 2133 3363 2194 vel
3400 2133 3610 2193 litteris
3644 2134 4011 2194 mandaverit

2029 2229 2363 2290 faciendum
2382 2273 2402 2308 ,
2447 2232 2510 2291 id
2545 2231 2876 2292 voluntarie
2910 2236 2971 2291 et
3003 2230 3160 2291 bona
3198 2229 3320 2291 flde
3357 2228 3704 2307 complebit,
3733 2232 3818 2291 ita
3854 2236 3924 2291 ut
3957 2233 4011 2291 si

2028 2334 2233 2387 contra
2257 2329 2505 2400 venerit,
2543 2333 2771 2404 praeter
2795 2344 3046 2405 poenam
3072 2329 3338 2405 perjurii,
3365 2329 3560 2405 ipsum
3592 2329 4012 2389 excommuni-

2029 2431 2228 2485 catum
2254 2426 2380 2501 ipso
2408 2424 2564 2485 facto
2590 2425 2936 2485 denuntiare
2962 2441 3149 2502 papae
3173 2425 3367 2485 liceat.
3660 2433 3776 2487 565
3807 2431 3867 2485 et
3890 2431 4005 2485 952

1187 2545 1255 2596 17
1282 2533 1454 2612 aprss.
1619 2519 1795 2597 Apud
1953 2563 2031 2575 —
2074 2529 2289 2591 Abbati
2315 2529 2514 2589 Sancti
2532 2530 2770 2608 Georgii
2796 2529 2956 2606 apud
2979 2528 3145 2590 Stein
3171 2545 3347 2605 super
3370 2527 3679 2604 Rhenum,
3702 2530 3779 2590 ad
3806 2532 4007 2591 imita-

1531 2615 1879 2678 Slbidfltum·
2028 2628 2250 2688 tionem
2273 2627 2553 2687 Friderici
2581 2629 2943 2704 imperatoris
2967 2628 3150 2704 patris
3175 2628 3267 2687 sui
3280 2669 3299 2700 ‚
3332 2632 3630 2688 monetam
3658 2628 3818 2704 apud
3844 2629 4010 2690 Stcin

2031 2725 2106 2785 ab
2148 2728 2394 2803 imperio
2437 2726 2755 2787 tenendam
2793 2730 2853 2787 et
2879 2729 3058 2803 juxta
3090 2724 3573 2786 consuetudinem
3608 2725 4010 2787 renovandam

2030 2822 2322 2883 concedit.
3720 2829 3860 2896 565,
3893 2829 4009 2883 566

1185 2940 1257 2992 27
1288 2930 1451 3008 april.
1616 2910 1793 2989 ΑΡιιᾶ
1957 2961 2033 2973 —-
2071 2928 2292 2989 sifrido
2319 2925 2754 3004 archIepiscopo
2777 2925 3128 3005 Maguntino
3155 2931 3215 2985 et
3241 2925 3516 2986 ecclesiae
3540 2928 3671 3004 ejus
3701 2925 4013 2988 confirmat

1525 3007 1878 3072 Sfibfflfltum·
2033 3023 2410 3084 donationem
2438 3025 2807 3099 principatus
2828 3024 3105 3084 ecciesiae
3128 3022 3528 3085 Laurissensis
3551 3039 3591 3083 a
3615 3028 3783 3100 patre
3806 3039 3917 3085 suo
3945 3026 4011 3085 in

2033 3136 2140 3180 sua
2167 3123 2497 3197 praesentia
2525 3120 2715 3179 eidem
2739 3120 3174 3197 archiepiscopo
3199 3118 3441 3181 facum.
3892 3128 4008 3182 566

1192 3242 1260 3294 18
1296 3234 1454 3293 maii.
1622 3209 1798 3287 Apud
1953 3256 2033 3269 —
2070 3224 2160 3284 De
2186 3224 2556 3301 providentia
2582 3225 2807 3285 consilii
2842 3226 2935 3285 sui
2964 3223 3274 3286 confirmat
3296 3226 3667 3304 privilequm
3693 3225 3857 3302 quod
3885 3227 4013 3289 in-

1527 3306 1882 3386 Aussusstflm·
2032 3328 2268 3398 perator
2294 3327 2459 3398 pater
2495 3338 2638 3382 suns
2665 3324 3001 3398 praeposito
3027 3327 3088 3382 et
3128 3322 3386 3399 capitulo
3426 3320 3625 3383 Sancti
3661 3321 3910 3385 Servatii
3947 3325 4013 3384 in

2033 3420 2305 3498 Trajecto
2335 3435 2515 3497 super
2543 3419 2833 3481 divisione
2871 3419 3163 3482 bonorum
3197 3421 3635 3498 praepositurae
3671 3425 3733 3483 α
3769 3420 4014 3498 eapituli

2030 3518 2298 3578 contulit.
3892 3524 4009 3577 568

1184 3638 1257 3690 24
1291 3630 1454 3689 maii.
1488 3623 1597 3701 Ap.
1613 3623 1922 3685 Werdam.
1951 3655 2032 3668 —
2071 3623 2286 3683 Abbati
2316 3628 2376 3683 et
2401 3624 2718 3683 conventui
2746 3623 3000 3685 Sanctae
3024 3622 3229 3684 Crucis
3254 3623 3414 3699 apud
3434 3621 3838 3684 Donauwerth
3859 3637 4013 3682 con-
4075 3630 4082 3633 ⁴

2032 3721 2187 3782 cedit
2213 3729 2282 3781 ut
2305 3723 2576 3781 minister
2613 3720 2726 3781 loci
2751 3720 3016 3798 ejusdem
3035 3722 3172 3798 jure
3202 3719 3400 3781 debito
3437 3720 3598 3796 quod
3636 3720 3856 3780 dicitur
3899 3735 4013 3779 vo-

2030 3823 2326 3896 getmuete
2348 3817 2563 3877 debeat
2586 3833 2714 3877 esse
2743 3823 3079 3896 contentus,
3091 3824 3152 3878 et
3174 3832 3608 3896 quemcumque
3633 3832 3709 3876 ex
3736 3816 4013 3878 officiatis

2032 3916 2262 3992 imperii
2292 3915 2618 3988 voluerint,
2659 3913 2772 3974 sibi
2820 3915 3044 3993 eligant
3081 3917 3144 3975 in
3181 3915 3587 3989 defensorem3
3618 3914 3850 3992 aliaque
3870 3918 4011 3992 jura

2030 4029 2069 4074 a
2094 4011 2635 4089 praedecessoribus
2665 4014 2788 4073 suis
2814 4013 3046 4073 indulta
3070 4012 3291 4073 eisdem
3316 4009 3648 4072 confirmat.
3891 4017 4007 4070 569

1186 4129 1261 4181 29
1280 4121 1455 4198 junii.
1512 4117 1630 4193 Ap.
1662 4116 1897 4195 Egram.
1953 4150 2030 4164 —
2072 4119 2320 4180 Nomine
2361 4134 2469 4177 suo
2504 4124 2750 4179 renovat
2786 4116 3351 4178 confoederationem
3393 4122 3663 4177 mutuam
3700 4116 3854 4176 inter
3885 4115 4010 4176 Lu-

2026 4214 2304 4275 dovicnm
2330 4213 2696 4276 Francorum
2724 4231 2926 4294 regem
2963 4222 3024 4276 et
3047 4221 3274 4292 patrem
3302 4231 3477 4277 suum
3503 4216 3708 4274 initam
3725 4257 3744 4288 ,
3778 4218 3840 4274 et
3878 4229 4010 4274 eam

2029 4312 2092 4370 in
2119 4314 2318 4371 anima
2344 4327 2455 4372 sua
2472 4313 2666 4388 jurari
2691 4314 2997 4390 praecipit.
3891 4319 4008 4372 570

1206 4431 1264 4482 1⁰
1282 4420 1440 4500 julii.
1512 4417 1629 4496 Ap.
1660 4418 1896 4498 Egram.
1949 4416 2242 4574 —uCives
2269 4417 2738 4575 Ratisponenstis¹
2761 4419 2871 4478 sub
2907 4416 3768 4575 ἓνίὴηοᾶᾞωοῒηᾱίὓέώυὲθ
3768 4418 4006 4575 11:¹83?-

2021 4529 3246 4690 ,u”r¹1¹;2¹2⁸3m⁸31‘tiss⁹ah¹33²1„⁰213222.
3372 4531 3532 4589 ’⁰⁰⁰
3575 4530 3690 4575 ⁰¹¹⁸
3890 4530 3998 4671 ⁵3¹1

1209 4720 1436 4798 1⁰julii.
1510 4715 1623 4794 Ap.
1650 4717 1890 4796 Egi-am.
1927 4748 2031 4786 ⁸—
2073 4717 2245 4779 Cives
2271 4717 2724 4795 Ratisponenses
2749 4720 2810 4779 in
2839 4720 3088 4796 gratiam
3116 4733 3286 4780 suam
3312 4718 3528 4778 iterum
3563 4717 3876 4792 recipiens,
3905 4732 4008 4793 per
