4842 5802
1798 645 2048 706 INDEX
2097 643 2794 706 DOCUME'NTORUM.
3545 647 3698 708 1005

905 851 1124 929 1252

1787 1026 2155 1071 noctuarum
2194 1027 2384 1072 vnn
2421 1027 2505 1070 An
2544 1026 2656 1070 BBS
2696 1024 3114 1069 AumAmucAs
3155 1023 3547 1083 SPBCTAN‘uA.

886 1170 1123 1231 martio.
1303 1170 1483 1248 Apud
1637 1167 2014 1231 Meinhardus
2039 1169 2269 1249 junior,
2310 1183 2491 1229 comes
2532 1166 2602 1227 de
2654 1166 2868 1229 Gor-zia
2879 1212 2900 1243 ,
2942 1168 3005 1227 in
3050 1169 3377 1244 praesentia
3404 1168 3688 1229 Friderici

1195 1268 1591 1347 Aquileglam.
1715 1266 2116 1328 Romanorum
2160 1267 2527 1344 imperatoris
2565 1271 2625 1325 et
2664 1271 3006 1343 magnatum
3038 1266 3269 1340 imperii
3284 1307 3301 1335 ,
3349 1264 3689 1325 Hermanno

1716 1363 1998 1442 magistro
2022 1362 2327 1440 hospitalis
2351 1363 2853 1424 Tbeutonicorum
2887 1362 3145 1439 resignat
3169 1361 3461 1438 quidquid
3490 1362 3683 1422 Mein-

1715 1457 1935 1519 hardus
1960 1459 2152 1519 senior
2176 1463 2421 1534 patruus
2462 1474 2607 1518 suus
2650 1458 2840 1517 eidem
2888 1455 3161 1532 hospitali
3204 1459 3270 1515 in
3316 1456 3648 1517 Brissenich
3667 1499 3684 1527 ,

1713 1554 1994 1631 Carpenal
2020 1560 2081 1614 et
2105 1554 2246 1614 alibi
2273 1554 2547 1614 contulit.
3402 1562 3541 1627 318,
3574 1561 3688 1615 319

1298 1651 1479 1728 Apud
1632 1648 1973 1712 Ber-tholam
1993 1649 2330 1730 patriarcha
2355 1646 2750 1731 Aqnaileqemis
2783 1657 2844 1711 et
2873 1650 3147 1711 undecim
3175 1653 3466 1729 principes
3496 1652 3688 1728 impe-

1163 1745 1500 1808 Sibidatum
1538 1749 1602 1806 in
1710 1750 1785 1808 rii
1798 1791 1819 1823 ,
1860 1749 2156 1808 assidente
2190 1748 2486 1809 Friderico
2523 1748 2921 1808 Romanorum
2971 1749 3322 1824 imperatore
3336 1792 3356 1822 ,
3393 1754 3687 1809 testantur

1209 1845 1363 1906 Foro
1384 1846 1549 1907 Juiii.
1708 1861 1774 1906 se
1799 1844 1874 1905 ab
1902 1846 2154 1906 Hem-ico
2188 1846 2589 1906 Romanorum
2624 1861 2758 1922 rege
2786 1848 2914 1923 ejus
2938 1843 3060 1904 iilio
3081 1844 3263 1904 fuisse
3286 1846 3594 1921 requisitos
3617 1852 3687 1904 ut

1699 1945 1968 2020 jurarent
1993 1941 2153 2020 quod
2187 1942 2238 2001 si
2277 1942 2642 2019 contingeret
2672 1942 2897 2002 dictum
2937 1957 3135 2020 regem
3180 1947 3385 2001 contra
3429 1942 3684 2017 capitula

1703 2054 1859 2114 quae
1901 2040 2056 2113 patri
2105 2053 2212 2099 suo
2249 2040 2479 2115 juravit
2521 2039 2754 2111 venire,
2802 2038 2991 2099 eidem
3043 2039 3378 2113 imperatori
3431 2039 3684 2098 assiste-

1704 2140 1868 2205 rent,
1898 2140 2014 2196 etc.
3565 2141 3681 2193 825

1292 2229 1471 2307 Apud
1621 2229 1903 2290 Hem-icus
1939 2246 2120 2289 comes
2151 2227 2221 2288 de
2249 2227 2581 2310 Ortenburq
2605 2245 2743 2290 cum
2778 2229 3212 2306 archiepiscopo
3252 2227 3676 2306 salzburgense

1207 2323 1541 2389 Civitatem.
1701 2327 2151 2385 conventionem
2175 2327 2290 2385 init
2314 2331 2384 2386 ut
2408 2328 2576 2402 pueri
2601 2325 2913 2402 cujusdam
2938 2327 3050 2384 viri
3073 2326 3467 2385 ministerialis
3488 2327 3579 2385 sui
3616 2332 3676 2385 et

1698 2423 2012 2499 cujusdam
2048 2423 2303 2483 feminae
2329 2424 2728 2485 ministerialis
2754 2424 3032 2483 ecclesiae
3058 2420 3495 2499 Salzburgensis
3520 2424 3674 2481 inter

1697 2520 1889 2595 ipsum
1903 2525 1962 2579 et
1979 2519 2284 2579 ecclesiam
2301 2519 2569 2580 eamdem
2587 2520 2906 2597 aequaliter
2921 2518 3284 2579 dividantur.
3319 2525 3455 2589 333,
3467 2524 3592 2578 not.
3612 2527 3666 2576 1.

852 2616 922 2669 19
964 2613 1119 2672 maii.
1174 2615 1292 2694 Ap.
1317 2617 1564 2681 Portum
1588 2691 1591 2692 ⁷
1615 2614 1951 2676 Eridu-iem
1992 2614 2118 2676 dux
2156 2615 2431 2676 Auser-iae
2465 2617 2663 2678 Ulrico
2701 2616 2887 2676 Pitter
2922 2615 2997 2675 de
3039 2615 3304 2693 Ragonia
3344 2615 3671 2676 custodiam
3739 2605 3746 2618 '

1226 2714 1518 2780 Naonem.
1695 2717 1872 2776 turris
1898 2730 2039 2774 suae
2063 2717 2125 2774 in
2153 2714 2339 2774 Portu
2362 2715 2582 2775 Naonis
2603 2717 2665 2774 in
2688 2714 2933 2774 feudum
2954 2713 3240 2773 concedit.
3289 2720 3429 2788 363,
3456 2717 3580 2771 not.
3611 2721 3666 2772 1.

882 2809 916 2862 8
937 2816 1076 2882 flug-
1180 2812 1296 2890 Ap.
1328 2813 1561 2875 Lauen-
1611 2807 1885 2872 albertus
1919 2808 2045 2870 dux
2067 2809 2365 2870 Saxoniae
2389 2810 2766 2871 donationem
2793 2809 2871 2870 ab
2895 2808 3165 2885 Adolpbo
3191 2811 3404 2869 comite
3429 2808 3669 2869 Holtsa-

1224 2910 1503 2990 burgum.
1690 2913 1809 2970 tiae
1835 2910 2186 2971 monasterio
2228 2910 2574 2969 monialium
2599 2909 2674 2969 de
2700 2910 2906 2970 Poretz
2942 2908 3241 2985 quondam
3284 2906 3499 2967 factam
3526 2924 3665 2968 con·

897 1649 1091 1725 aprili.

850 2232 926 2284 27
954 2227 1125 2305 april.

1159 3142 1577 3168 .......
1608 3005 1942 3164 Lm
1982 3119 2163 3164 comes
2203 3100 2274 3164 de
2316 3099 2562 3162 Riemck
2600 3101 2899 3163 Salomoni
2933 3102 3213 3161 canonico
3254 3011 3433 3161 113Ξὲἧὶ
3438 3011 3664 3178 {latenti

1617 3251 1621 3254 .
1686 3204 2139 3274 monasterium,
2169 3202 2373 3261 villam
2413 3207 2476 3261 et
2499 3201 2903 3261 molendinum
2934 3202 2997 3258 in
3024 3198 3329 3277 Wollberg
3353 3200 3561 3270 donat,
3594 3216 3662 3260 ea

1684 3300 2018 3360 conditione
2051 3305 2122 3359 ut
2165 3299 2383 3359 ibidem
2426 3299 2774 3361 coenobium
2811 3298 3154 3358 monialium
3192 3299 3659 3360 cisterciensium

861 3097 931 3154 Π
950 3110 1093 3159 nov.

844 3362 1081 3443 *1235
1681 3397 1974 3455 instituat.
3265 3403 3403 3465 631,
3433 3401 3560 3455 not.
3597 3403 3652 3455 1.

843 3489 1087 3563 januar.
1138 3492 1251 3567 Ap.
1293 3491 1578 3552 Sanctum
1603 3487 1920 3550 Ladona-m
1951 3490 2313 3548 Francorum
2348 3504 2460 3549 rex
2497 3491 2785 3549 universis
2820 3488 3092 3550 fidelibus
3132 3491 3254 3550 suis
3295 3490 3540 3549 mandat
3581 3506 3657 3549 ne

1177 3586 1537 3649 Germanum
1682 3591 1889 3645 contra
1928 3600 2123 3661 regem
2158 3584 2507 3655 Henricum,
2546 3587 2820 3645 comitem
2847 3584 3013 3644 Barri
3038 3600 3145 3645 seu
3173 3586 3334 3645 cives
3365 3585 3656 3645 Metenses

1215 3685 1282 3742 in
1308 3683 1493 3762 Laya.
1683 3682 1954 3758 episcopo
1980 3679 2231 3740 Metensi
2259 3679 2571 3740 consilium
2596 3680 2963 3756 impendant.
3536 3691 3651 3742 595

1254 3776 1455 3861 [Apud
1601 3778 1879 3836 Hem-iem
1916 3777 2345 3837 wormatiensis
2370 3777 2661 3856 episcopus
2692 3783 2754 3837 et
2790 3778 3113 3853 capitulum
3155 3778 3418 3855 ejusdem
3462 3781 3653 3840 eccle-

1159 3874 1573 3959 oppenheim]
1679 3876 1801 3935 siae
1825 3876 2303 3951 compositionem
2322 3876 2479 3934 inter
2507 3891 2571 3935 se
2591 3880 2652 3934 et
2674 3876 2832 3935 cives
2848 3875 3312 3936 Wormatienses
3336 3876 3649 3937 accedente

1676 3987 1964 4032 consensu
1989 3971 2226 4032 Henrici
2260 3974 2414 4049 regis
2447 3973 2685 4045 innam,
2715 3970 3071 4047 quibusdam
3097 3973 3173 4033 de
3209 3989 3364 4033 novo
3402 3974 3643 4054 additis,

839 3786 915 3837 27
932 3779 1089 3844 febr.

1674 4075 1867 4129 ratam
1893 4068 2116 4129 habent
2135 4075 2196 4130 et
2219 4069 2612 4147 promulgant.
3534 4081 3647 4133 603

1216 4167 1482 4229 Bremae.
1597 4162 1886 4224 Gerar-dus
1908 4162 2361 4243 archiepiscopus
2377 4164 2699 4224 Brememis
2716 4170 2777 4225 et
2799 4164 3041 4227 ecclesia
3059 4170 3187 4242 ejus
3213 4182 3287 4226 ex
3315 4184 3433 4227 una
3456 4175 3643 4244 parte,

1671 4261 1993 4340 burgenses
2020 4263 2363 4322 Bremenses
2388 4278 2466 4322 ex
2490 4261 2674 4322 altera
2698 4261 2903 4322 foedus
2934 4264 3146 4323 incunt
3178 4271 3380 4324 contra
3407 4264 3641 4325 Stedin·

1672 4375 1802 4437 gos,
1831 4359 1911 4420 ad
1935 4375 2187 4437 quorum
2219 4360 2635 4420 exterminium
2661 4374 2893 4420 crucem
2928 4374 3083 4435 papa
3115 4360 3437 4436 praedicari
3476 4377 3644 4437 man·

1672 4457 1857 4517 davit.
3251 4464 3391 4527 657,
3422 4464 3546 4519 not.
3583 4468 3639 4520 1.

818 4560 887 4613 31
922 4555 1091 4615 mali.
1182 4552 1509 4615 Emmcrik.
1592 4552 1730 4615 ouo
1759 4569 1939 4614 comes
1967 4549 2194 4615 Gelu-iae
2208 4597 2229 4628 ,
2260 4559 2500 4629 accepta
2527 4552 2760 4614 licentia
2784 4551 2860 4612 ab
2888 4554 3234 4629 imperatore
3261 4552 3555 4614 Friderico
3583 4562 3644 4616 et

1665 4649 1744 4710 ab
1771 4648 2024 4710 ilenrico
2050 4649 2448 4709 Romanorum
2475 4663 2634 4725 rege,
2652 4647 2726 4708 de
2747 4646 3106 4709 Embricensi
3132 4648 3273 4708 vilia
3300 4651 3519 4726 regiam
3536 4667 3640 4713 seu

1568 4774 1582 4824 ι,
1664 4744 2025 4821 imperialem
2053 4746 2353 4805 civitatem
2381 4744 2603 4804 condit.
3245 4753 3386 4825 269,
3416 4753 3543 4808 not.
3581 4757 3637 4808 1.

825 4173 899 4227 22
919 4175 1098 4230 mart.
