4842 5802
820 1984 849 2024 ι
870 1938 1036 2037 ..ptuit

1175 596 1298 658 648
2208 600 2552 664 HENRICI
2600 604 2936 666 SEPTIMI
3604 610 3762 689 [Aua.
3803 614 3972 676 1234.

1170 734 1299 820 sis,
1340 731 1719 805 Dietericus
1756 733 2175 806 Trevirensis
2214 736 2743 833 archiepiscopi,
2794 741 3100 836 episcopi
3142 763 3300 815 vero
3332 743 3627 817 Sifridus
3668 748 3977 843 Ratispo-

1169 855 1403 927 nensis
1465 857 1906 929 cancellarius
1962 858 2120 930 aule
2189 860 2377 954 regie
2395 913 2417 951 ,
2494 863 2924 936 Her-mannus
2979 865 3522 961 Herbipolensis,
3595 869 3979 944 Eckbertus

1168 978 1791 1073 BabenbergeusiS‚
1826 980 2057 1055 Simon
2093 1003 2321 1054 comes
2344 986 2880 1080 Sarepontanus,
2915 987 3300 1062 Fridericus
3332 1011 3562 1063 comes
3587 991 3678 1066 de
3701 994 3978 1065 Leinin-

1168 1124 1300 1196 gen
1317 1157 1337 1194 ,
1374 1103 1735 1177 Cunradus
1760 1125 1992 1177 comes
2020 1105 2109 1178 de
2143 1106 2534 1200 Everstein,
2581 1117 2651 1181 et
2680 1111 2890 1183 ceteri
2918 1113 3388 1207 quamplures.

1260 1225 1509 1298 Actum
1557 1227 1748 1322 apud
1806 1228 2115 1319 Lutram,
2175 1250 2356 1303 anno
2406 1232 2624 1326 gratie
2679 1233 3043 1306 millesimo
3105 1235 3575 1310 ducentesimo
3626 1237 3975 1332 trigesimo

1165 1359 1444 1444 quarto,
1482 1350 1860 1425 indictione
1888 1352 2210 1448 septima,
2252 1375 2440 1427 anno
2477 1366 2706 1429 autem
2731 1357 2930 1451 regni
2962 1359 3176 1431 nostri
3203 1359 3640 1433 duodecimo.

1272 1894 1640 1978 Henricus
1661 1955 1685 2001 ,
1724 1893 2240 1977 Romanorum
2294 1919 2467 2001 rex,
2516 1895 2613 1977 de
2668 1895 2984 1978 consilio
3019 1895 3449 2006 principum
3502 1898 3834 1980 decernit
3884 1908 3972 1980 ut

1172 2027 1379 2112 Geba
1408 2028 1684 2110 mulier
1725 2028 1822 2110 de
1862 2025 2267 2109 Diirckeim
2312 2036 2387 2109 et
2429 2052 2694 2110 omnes
2746 2027 3087 2137 ejusdem
3135 2029 3586 2112 conditionis
3622 2030 3969 2113 homines

1162 2160 1517 2244 Volmaro
1555 2158 1819 2242 abbati
1845 2160 1940 2242 de
1983 2159 2353 2268 Limburg
2389 2170 2465 2241 et
2489 2160 2655 2271 ejus
2694 2162 3253 2245 successoribus
3283 2161 3413 2272 jus
3449 2163 3657 2272 quod
3693 2162 3965 2245 dicitur

1161 2294 1439 2374 budteil
1472 2294 1657 2376 dare
1690 2302 2114 2375 teneantur.

1322 2479 1526 2559 (Edid.
1557 2481 1874 2551 Ruunt-1,
1903 2476 2186 2540 Urhundl.
2222 2476 2416 2540 Gen-11.
2447 2477 2680 2540 dev-abc.
2713 2478 2841 2540 und
2859 2477 3178 2542 Kloeterin
3203 2480 3608 2563 Rheinbayem
3631 2481 3961 2562 (Neustudt.

1403 2585 1605 2665 1838),
1627 2603 1761 2664 pars
1786 2587 1861 2661 1⁸,
1886 2586 2107 2663 Bessag.
2140 2594 2281 2659 314,
2311 2602 2388 2646 ex
2413 2586 2684 2648 HeIdelb.
2715 2593 2832 2648 act.
2861 2585 3061 2665 MSS.)

1251 2744 1622 2832 Henricus,
1683 2742 1806 2813 Dei
1857 2741 2077 2834 gratia
2129 2742 2587 2813 Romanorum
2629 2760 2758 2811 rex
2798 2750 2868 2813 et
2911 2761 3179 2835 semper
3226 2753 3597 2836 augustus,
3647 2745 3968 2819 omnibus

1156 2889 1440 2968 presens
1460 2866 1786 2961 scriptum
1820 2863 2248 2938 intuentibus
2276 2865 2566 2938 salutem
2598 2874 2804 2959 atque
2821 2887 3017 2937 suam
3050 2867 3361 2957 gratiam.
3386 2854 3638 2941 Notum
3665 2890 3816 2942 esse
3845 2890 3966 2942 vo·

1154 2996 1385 3066 lumus
1420 2990 1763 3063 universis
1795 2989 1973 3062 hanc
1996 2988 2311 3061 cedulam
2342 2989 2746 3083 inspecturis
2780 2989 2971 3082 quod
2999 2990 3359 3061 Volmarus
3398 2991 3614 3063 abbas
3653 2992 3962 3086 Limpur-

1155 3117 1387 3213 gensis
1430 3114 1714 3187 ecclesie
1763 3134 1990 3185 coram
2035 3112 2236 3184 nobis
2286 3111 2774 3205 conquerendo
2811 3114 3162 3208 proposuit
3209 3114 3400 3207 quod
3431 3112 3620 3187 Geba
3662 3114 3960 3208 quedam

1157 3240 1408 3312 mulier
1452 3238 1543 3312 de
1585 3237 1973 3332 Durckeym
2018 3237 2135 3327 jus
2187 3235 2544 3329 quoddam
2599 3237 2791 3330 quod
2824 3237 3039 3330 vulgo
3076 3237 3328 3310 dicitur
3376 3238 3634 3334 budeyl
3676 3239 3963 3313 ecclesie

1153 3386 1316 3452 sue,
1371 3384 1530 3435 cum
1573 3364 1735 3454 jure
1780 3361 1844 3434 ei
1888 3360 2054 3433 dare
2088 3367 2465 3448 teneretur,
2506 3370 2817 3453 negaret,
2856 3361 3269 3456 pretendens
3302 3362 3495 3456 quod
3532 3383 3654 3458 per
3701 3363 3962 3457 regiam

1155 3489 1436 3563 deberet
1469 3508 1621 3560 esse
1646 3507 1690 3557 a
1722 3485 1841 3557 tali
1866 3485 2024 3575 jure
2057 3483 2272 3555 libera
2298 3491 2724 3576 potestatem.
2764 3483 2905 3557 Nos
2932 3507 3100 3559 vero
3128 3487 3417 3559 consilio
3447 3486 3828 3582 principum
3852 3488 3961 3559 usi

1152 3613 1608 3697 decernimus,
1636 3631 1796 3681 cum
1820 3607 2197 3699 ¹jamdictus
2221 3606 2436 3679 abbas
2454 3608 2814 3681 Volmarus
2842 3609 3355 3705 Limpurgensis
3381 3611 3742 3684 ecclesiam
3763 3633 3961 3684 suam

1149 3761 1361 3835 super
1394 3738 1513 3808 illo
1540 3739 1698 3829 jure
1732 3754 1882 3806 esse
1926 3754 1969 3805 a
1999 3731 2597 3827 predecessoribus
2632 3733 2879 3806 nostris
2908 3734 3410 3829 privilegiatam
3447 3736 3846 3827 affirmaret,
3885 3744 3964 3807 ut

1148 3864 1410 3959 prefata
1438 3859 1685 3932 mulier
1712 3855 1899 3930 Geba
1935 3855 2025 3928 de
2054 3855 2443 3950 Durckeym
2476 3863 2545 3928 et
2577 3878 2818 3929 omnes
2852 3857 3162 3949 ejusdem
3210 3858 3620 3931 conditionis
3648 3859 3959 3931 homines

1153 3984 1503 4074 sepedicto
1541 3981 1771 4054 abbati
1821 3979 2140 4051 Volmaro
2194 3978 2284 4050 de
2319 3978 2657 4073 Limpurg
2713 3981 2998 4074 suisque
3037 3981 3545 4054 successoribus
3585 3983 3703 4072 J'us
3752 4004 3956 4053 suum

1152 4109 1317 4182 dare
1338 4115 1723 4180 teneantur.
1755 4102 1957 4188 Quod
1979 4111 2058 4175 ut
2077 4101 2323 4173 stabile
2337 4109 2406 4172 et
2434 4100 2705 4173 firmum
2733 4113 3154 4196 permaneat,
3181 4104 3406 4196 sigillo
3423 4112 3652 4175 nostro
3669 4104 3957 4176 fecimus

1146 4228 1553 4324 consignari.

1241 4356 1410 4428 Acta
1463 4363 1626 4425 sunt
1678 4350 1807 4422 hec
1859 4349 2054 4443 Spire
2074 4401 2094 4436 ,
2164 4368 2348 4419 anno
2425 4347 2772 4420 dominice
2825 4345 3314 4419 incarnationis
3362 4346 3459 4419 Μ’
3486 4346 3611 4420 CC⁰
3637 4348 3948 4437 XXVIII,

1143 4477 1294 4553 VIII
1331 4477 1491 4550 idus
1522 4474 1789 4571 aprilis,
1824 4472 2199 4545 indictione
2230 4471 2520 4565 septima
2553 4471 2609 4565 (⁴
2625 4469 2680 4567 ).

1219 4699 1296 4773 (4)
1332 4699 1615 4759 Indictioni
1640 4698 1832 4757 litteris
1855 4711 2142 4773 expreoeae
2163 4695 2339 4772 potius
2363 4710 2531 4770 quam
2555 4710 2780 4755 numero
2803 4695 2929 4755 anni
2950 4695 3043 4770 qui
3067 4695 3125 4753 in
3151 4696 3461 4773 apographo
3496 4697 3637 4758 male
3671 4700 3952 4759 transcribi
