4842 5802
835 3364 964 3418 Apud

758 3418 1011 3471 angenoun
1027 3447 1041 3470 ‚

771 3472 1024 3526 septembri.

1128 633 1246 694 ’166
2133 632 2569 698 anssmct
2621 636 2967 699 sssctmm
3566 637 3729 714 [Anu.
3768 636 3944 700 1235.

1131 767 1299 856 nati,
1355 767 1783 841 attendentes
1832 767 2035 842 etiam
2075 781 2271 864 grata
2315 771 2485 843 satis
2527 779 2599 844 et
2642 780 2924 867 accepta
2952 770 3243 845 servicia
3272 791 3413 865 que
3442 769 3631 847 idem
3654 771 3947 865 burgra-

1131 890 1292 962 vius
1328 889 1528 964 nobis
1558 900 1627 977 et
1660 890 1948 987 imperio
1982 892 2230 967 devote
2257 890 2581 967 exhibuit
2608 894 2941 968 hactenus
2973 902 3046 967 et
3079 913 3221 987 que
3250 892 3343 967 de
3376 894 3559 966 bono
3591 893 3662 966 in
3699 895 3946 968 melius

1135 1013 1384 1107 poterit
1429 1012 1783 1104 exhibere,
1828 1012 1919 1086 de
1954 1024 2183 1087 nostre
2221 1014 2646 1088 liberalitatis
2671 1014 2890 1109 gratia
2938 1038 3079 1111 qua
3116 1017 3574 1095 benemeritos
3609 1026 3679 1089 et
3707 1016 3947 1091 fideles

1127 1146 1398 1209 nostros
1438 1158 1710 1231 semper
1770 1139 2261 1210 consuevimus
2311 1139 2700 1233 prevenire,
2765 1140 3146 1235 predictam
3207 1139 3676 1213 venditionem
3727 1148 3944 1214 ratam

1129 1261 1503 1350 habemns,
1541 1260 1803 1333 dictum
1847 1270 2142 1333 castrum
2185 1282 2343 1335 cum
2373 1263 2701 1335 omnibus
2723 1264 3010 1356 justitiis
3034 1274 3102 1337 et
3140 1264 3569 1360 pertinentiis
3597 1265 3771 1354 suis,
3811 1264 3944 1336 sibi

1132 1390 1203 1455 et
1240 1383 1615 1457 heredibus
1662 1385 1811 1456 suis
1864 1396 2198 1480 perpetuo
2245 1385 2751 1463 confirmantes.
2805 1386 2917 1459 Ad
2965 1387 3176 1480 thus
3222 1387 3459 1483 itaque
3493 1396 3723 1460 nostre
3765 1408 3946 1460 con-

1134 1507 1537 1580 firmationis
1584 1508 2006 1601 memoriam,
2046 1530 2326 1604 presens
2373 1510 2708 1605 scriptum
2743 1509 2893 1585 fieri
2941 1521 3011 1584 et
3043 1511 3271 1605 sigillo
3307 1512 3680 1604 majestatis
3718 1522 3945 1584 nostre

1121 1633 1453 1726 jussimus
1492 1632 1924 1704 communiri.

1231 1759 1452 1850 Hujus
1507 1757 1603 1828 rei
1656 1766 1860 1829 testes
1905 1765 2066 1828 sunt
2107 1784 2124 1828 ε
2161 1759 2231 1830 S.
2275 1758 2698 1832 venerabilis
2727 1759 3239 1854 Ratisponensis
3268 1758 3671 1855 episcopus,
3711 1758 3945 1855 impe—

1132 1884 1319 1956 rialis
1350 1885 1506 1955 aule
1534 1882 2005 1975 cancellariuS,
2045 1885 2250 1957 frater
2279 1884 2365 1956 H.
2404 1884 2821 1958 venerabilis
2855 1884 3181 1975 magister
3214 1884 3464 1958 domus
3492 1884 3937 1976 Teuthonice,

1129 2009 1558 2080 Hermannns
1602 2006 1908 2079 marchio
1957 2005 2047 2079 de
2091 2005 2325 2079 Baden
2345 2060 2364 2095 ‚
2414 2028 2646 2080 comes
2690 2006 3077 2080 Fridericus
3120 2006 3212 2080 de
3260 2008 3493 2099 Zolre,
3546 2005 3944 2080 Wolfradus

1133 2131 1222 2203 de
1267 2130 1650 2221 Crutheim,
1707 2131 1917 2202 frater
1967 2130 2375 2204 Bertholdus
2424 2130 2514 2204 de
2563 2129 2915 2224 Taurode,
2956 2130 3317 2205 Cunradus
3369 2131 3460 2206 de
3506 2130 3938 2222 Smidelvelt,

1128 2257 1560 2328 Hermannns
1599 2254 1686 2327 de
1722 2255 2179 2348 Stolzenberc,
2231 2255 2566 2328 Henricus
2590 2256 2681 2330 de
2706 2256 2972 2348 Steine,
3010 2255 3397 2329 Fridericus
3424 2255 3515 2330 de
3548 2256 3940 2347 Kezelberc,

1127 2381 1555 2452 Hermannns
1595 2379 1682 2452 de
1719 2379 2040 2472 Seheijm,
2078 2388 2144 2452 et
2179 2379 2297 2452 alii
2326 2382 2794 2477 quamplures,

1225 2506 1392 2577 Data
1428 2503 1615 2599 apud
1667 2505 2102 2598 Hagenowe,
2145 2527 2326 2578 anno
2369 2505 2715 2579 dominice
2756 2507 3244 2580 incarnationis
3288 2506 3649 2579 millesimo
3685 2504 3944 2579 ducen-

1126 2629 1368 2701 tesimo
1399 2628 1738 2701 tricesimo
1774 2629 2042 2721 quinto,
2085 2651 2321 2702 mense
2357 2630 2791 2726 septembris,
2829 2651 3013 2703 none
3043 2629 3467 2703 indictionis,

1234 3349 1657 3433 Friderious
1670 3412 1694 3454 ‚
1737 3349 2255 3433 Romanorum
2310 3348 2749 3460 imperator,
2808 3349 2907 3431 ad
2969 3347 3591 3458 conquestionem
3653 3347 3950 3434 abbatis

1124 3483 1639 3572 Murbacensis
1691 3482 2061 3567 universis
2115 3482 2409 3594 imperii
2464 3482 2816 3566 fidelibus
2869 3483 3187 3565 mandat
3240 3491 3325 3567 ut
3368 3482 3629 3567 nullus
3680 3484 3779 3566 sit
3814 3484 3947 3594 qui

1127 3622 1330 3705 bona
1390 3617 1732 3728 ejusdem
1803 3614 2160 3700 ecclesiae
2232 3615 2563 3701 alienare
2613 3624 3089 3725 praesumat,
3134 3615 3269 3699 sed
3339 3615 3405 3699 si
3465 3643 3621 3725 qua
3689 3616 3946 3700 illicite

1132 3753 1458 3837 alienata
1508 3750 1789 3835 fuerint
1809 3812 1832 3858 ,
1873 3749 1973 3831 ad
2005 3747 2134 3859 jus
2169 3749 2411 3858 ipsius
2446 3748 2802 3833 ecclesiae
2835 3749 3162 3834 debeant
3190 3750 3552 3833 revocari.

1287 4021 1547 4103 (Edlder.
1564 4020 1784 4092 tome,
1813 4015 2227 4096 Reichsarcltiv,
2250 4023 2577 4083 continuat.
2602 4023 2655 4098 1,
2672 4023 2948 4103 spicileg.
2972 4024 3207 4096 eccles„
3233 4038 3298 4097 p.
3330 4028 3554 4082 973.-
3572 4020 3938 4090 senorum,

1364 4124 1557 4188 Alme.
1585 4122 1850 4207 diplom„
1877 4133 1929 4189 t.
1957 4127 2018 4203 1,
2047 4143 2108 4205 p.
2143 4134 2212 4188 ³⁷
2230 4135 2247 4186 ι
2265 4125 2308 4205 .)

1219 4364 1642 4456 FridericnS,
1687 4362 1822 4436 Dei.
1846 4361 2063 4455 gratia
2101 4362 2559 4435 Romanorum
2605 4361 2975 4456 imperator
3021 4378 3293 4454 semper
3334 4364 3704 4451 angustae,
3747 4359 3939 4428 Jeru-

1125 4491 1335 4565 salem
1408 4499 1479 4563 et
1536 4486 1766 4561 Sicilie
1828 4507 1983 4559 rex.
2036 4487 2167 4559 Per
2228 4505 2513 4581 presens
2568 4484 2901 4578 scriptum
2952 4491 3190 4556 notum
3248 4482 3538 4555 facimus
3600 4483 3941 4554 universis

1118 4613 1388 4710 imperii
1423 4612 1743 4687 fidelibus
1784 4620 1926 4682 tam
1960 4609 2396 4705 presentibus
2439 4629 2650 4702 quam
2687 4607 2936 4679 futuris
2967 4608 3158 4701 quod
3194 4628 3353 4679 cum
3390 4606 3691 4680 dilectus
3738 4607 3942 4701 prin-

1117 4759 1280 4832 ceps
1335 4746 1565 4809 noster
1632 4733 2049 4809 venerabilis
2110 4731 2581 4806 Murbacensis
2643 4731 2860 4805 abbas
2920 4752 3151 4806 coram
3223 4730 3505 4804 Alberto
3569 4730 3938 4822 J'ustitiario
