4842 5802
933 614 1131 675 lamet.
1163 612 1252 688 8.]
1802 603 2225 665 ulsToma
2279 602 2863 665 DIPLOMATICA.
3643 605 3760 665 7⁴3

1036 748 1109 817 6.
1165 747 1266 817 De
1291 743 1559 815 teloneis
1590 751 1653 813 et
1675 741 1972 813 monetis.
2012 738 2185 811 Cum
2228 738 2450 811 aliena
2496 739 2712 812 invito
2759 739 3039 813 domino
3079 761 3219 811 non
3254 740 3405 812 eine
3428 739 3607 830 juris
3640 740 3757 811 in-

928 870 1113 963 juria
1142 874 1680 953 contractentur‚
1713 885 1800 936 eo
1832 862 2079 938 durius
2098 862 2259 957 quis
2280 862 2441 933 l'urti
2462 872 2531 934 et
2557 863 2867 937 falsitatis
2897 865 3209 958 arguitur
3228 886 3369 959 quo
3396 886 3756 961 presump-

936 994 1205 1067 tuoeius
1248 989 1513 1085 aliquid
1565 988 1702 1061 sibi
1744 986 1836 1060 de
1887 986 1985 1059 rei
2039 986 2316 1082 publice
2350 987 2803 1081 proventibus
2852 988 3235 1082 usurpavit.
3284 987 3583 1082 Ideoque
3618 996 3755 1060 sta·

937 1118 1194 1189 tuimus
1238 1124 1317 1187 ut
1364 1113 1596 1187 omnia
1644 1111 1916 1184 telonea
1955 1120 2096 1183 tam
2153 1108 2225 1181 in
2260 1109 2460 1183 terris
2496 1132 2705 1205 quam
2751 1113 2821 1182 in
2861 1112 3064 1206 aquis
3091 1120 3242 1207 post
3279 1121 3559 1184 mortem
3594 1111 3757 1184 dive

936 1241 1265 1315 memorie
1309 1238 1522 1332 patris
1565 1235 1782 1308 nostri
1839 1234 2270 1328 imperatoris
2322 1234 2624 1305 Heinrici
2673 1257 2715 1306 a
2750 1256 3191 1329 quocumque
3234 1245 3301 1307 et
3339 1235 3755 1330 ubicumque

938 1366 1246 1436 instituta
1270 1362 1562 1451 fuerint,
1587 1365 2071 1431 removeantur
2104 1356 2411 1446 omnino,
2439 1357 2574 1428 nisi
2606 1357 2665 1429 is
2695 1358 2817 1452 qui
2854 1357 3063 1430 habet
3091 1378 3321 1429 coram
3351 1359 3759 1453 imperatore

940 1487 1185 1584 probet
1204 1495 1284 1556 ut
1306 1485 1571 1577 justum
1597 1491 1704 1554 est
1731 1502 1810 1554 se
1836 1480 2182 1553 teloneum
2213 1478 2303 1553 de
2321 1482 2483 1573 jure
2510 1490 2771 1552 tenere.
2809 1482 2977 1552 Item
3010 1481 3426 1576 precipimus
3448 1482 3757 1553 omnium

941 1613 1358 1684 teloneorum
1394 1604 2057 1703 superadjectionem
2089 1605 2433 1677 removeri
2465 1614 2536 1677 et
2568 1605 2852 1676 omnino
2884 1626 3152 1678 cessare
3171 1615 3241 1676 et
3273 1606 3344 1675 in
3374 1615 3551 1678 statu
3583 1606 3757 1701 pris-

942 1736 1081 1807 tine
1112 1731 1559 1815 institutionis
1596 1730 1832 1803 debite
1863 1750 2289 1824 permanere.
2333 1728 2580 1821 Siquis
2617 1739 2848 1801 autem
2882 1729 3092 1820 hujus
3123 1744 3350 1801 nostre
3387 1729 3761 1801 sanctionis

939 1861 1231 1933 violator
1278 1856 1618 1931 exstiterit
1675 1862 1793 1925 aut
1850 1851 2117 1947 aliquid
2169 1854 2350 1926 ultra
2405 1851 2716 1925 debitum
2764 1862 2834 1925 et
2881 1862 3210 1924 statutum
3260 1853 3622 1925 extorserit
3645 1853 3757 1925 vel

942 1982 1378 2079 usurpaverit
1410 1981 1482 2050 in
1521 1980 1671 2051 loco
1701 1975 2055 2067 indebito,
2099 1982 2326 2048 coram
2354 1998 2486 2049 suo
2513 1975 2753 2067 judice
2786 1975 2876 2048 de
2905 1976 3016 2048 his
3066 1976 3370 2068 legitime
3404 1977 3761 2048 convictus

942 2119 1269 2201 tanquam
1291 2103 1510 2201 predo
1530 2112 1599 2174 et
1632 2101 1988 2197 populator
2018 2109 2226 2172 strate
2252 2101 2527 2196 publice
2554 2100 2905 2195 puniatur.
2938 2100 3343 2195 Receptores
3372 2122 3540 2172 vero
3577 2101 3759 2172 telo-

943 2251 1230 2304 neorum
1261 2238 1399 2301 tam
1435 2228 1506 2298 in
1530 2227 1728 2298 terris
1751 2247 1962 2320 quam
1996 2225 2067 2294 in
2105 2225 2307 2319 aquis
2341 2224 2576 2296 debito
2605 2224 2810 2297 modo
2843 2225 3056 2296 teneri
3096 2225 3411 2296 volumus
3445 2224 3535 2298 ad
3560 2246 3757 2320 repa·

942 2355 1275 2427 rationem
1316 2351 1625 2445 pontium
1662 2358 1732 2422 et
1764 2357 2166 2438 stratarum,
2212 2348 2723 2421 transeuntibus
2769 2358 2839 2420 et
2884 2348 3375 2440 navigantibus
3429 2370 3470 2421 a
3501 2350 3758 2441 quibus

945 2479 1209 2551 telonea
1246 2474 1634 2570 accipiunt,
1675 2494 1917 2569 pacem
1946 2523 1967 2555 ,
2008 2472 2443 2545 securitatem
2505 2481 2577 2544 et
2627 2473 3084 2563 conductum,
3140 2472 3235 2544 ita
3289 2473 3480 2565 quod
3548 2474 3759 2545 nichil

943 2601 1256 2672 amittant
1305 2606 1648 2692 quatenus
1690 2595 1899 2668 durat
1945 2594 2292 2667 districtus
2329 2617 2567 2667 eorum
2590 2648 2611 2685 ,
2647 2604 2850 2689 prout
2874 2595 3119 2666 melius
3148 2593 3436 2691 possunt
3471 2595 3762 2668 fideliter

945 2721 1401 2818 procurando.
1433 2721 1868 2815 Quicumque
1898 2740 2063 2792 vero
2087 2720 2300 2792 tercio
2336 2719 2642 2814 legitime
2667 2720 3025 2791 convictus
3057 2720 3263 2792 fuerit
3291 2741 3521 2792 eoram
3559 2721 3759 2793 nobis

945 2855 1277 2919 statutum
1331 2844 1468 2917 hoe
1521 2866 1657 2918 non
1721 2864 2074 2935 servasse,
2116 2843 2461 2916 teloneum
2497 2841 2775 2916 domino
2805 2851 3005 2915 vacet
3057 2865 3099 2915 a
3154 2864 3294 2937 quo
3329 2842 3505 2916 illud
3548 2853 3756 2916 tenet.

944 2971 1257 3043 Districte
1288 2972 1570 3065 insuper
1605 2969 2000 3041 inhibemus
2031 2990 2121 3041 ne
2154 2967 2415 3041 domini
2449 2970 2560 3040 vel
2597 2969 2910 3040 civitates
2946 2979 3263 3062 pretextu
3295 2967 3763 3042 faciendarum

943 3097 1403 3168 munitionum
1432 3096 1544 3166 vel
1568 3094 1702 3166 alia
1722 3115 2167 3188 quacumque
2189 3092 2280 3165 de
2302 3114 2514 3165 causa
2540 3095 2805 3165 telonea
2831 3094 2943 3165 vel
2976 3094 3373 3166 exactiones
3405 3094 3766 3167 instituant

943 3241 1082 3313 que
1115 3221 1328 3314 vulgo
1356 3218 1681 3291 dicuntur
1709 3218 1950 3311 ungelt
1983 3217 2052 3288 in
2087 3217 2402 3289 homines
2424 3224 2619 3288 extra
2651 3216 2908 3311 positos
2934 3218 3048 3290 vel
3072 3228 3435 3289 extraneos
3460 3219 3568 3288 vel
3584 3217 3766 3289 bona

944 3363 1220 3434 eorum,
1259 3343 1384 3416 sed
1414 3341 1741 3414 dominus
1775 3340 1865 3414 de
1899 3363 2029 3415 suo
2061 3342 2176 3413 vel
2223 3342 2579 3414 hominum
2618 3363 2901 3413 suorum
2933 3341 3135 3413 bonis
3167 3341 3475 3432 edificet3
3530 3341 3762 3415 viola-

945 3466 1209 3538 toribus
1243 3465 1453 3557 bujus
1481 3464 1688 3537 edicti
1724 3466 1935 3538 nostri
1981 3473 2307 3560 tanquam
2343 3465 2763 3560 predonibus
2801 3473 3007 3537 strate
3044 3465 3320 3560 publice
3364 3465 3754 3560 puniendis,

947 3588 1015 3659 Si
1040 3589 1301 3660 bellum
1335 3588 1445 3660 vel
1479 3609 1683 3661 verra
1719 3589 1924 3661 fuerit
1957 3589 2134 3661 inter
2168 3589 2436 3682 aliquos
2469 3610 2766 3682 quorum
2788 3589 2959 3661 alter
2976 3589 3089 3660 vel
3116 3596 3404 3682 uterque
3439 3588 3510 3658 in
3548 3597 3760 3662 strata

946 3712 1290 3783 teloneum
1349 3710 1600 3783 habeat
1659 3712 1774 3784 vel
1837 3711 2291 3803 conductum,
2334 3721 2579 3783 neuter
2634 3712 2905 3784 illorum
2953 3733 3081 3784 nec
3118 3712 3409 3807 quilibet
3460 3712 3637 3783 alius
3689 3713 3761 3784 in

946 3835 1190 3908 odium
1223 3835 1330 3907 vel
1358 3835 1632 3930 eulpam
1658 3834 1842 3907 illius
1877 3833 1970 3907 ad
1996 3856 2203 3928 quem
2232 3836 2346 3927 jus
2381 3835 2629 3908 telonei
2657 3836 2953 3931 pertinet
2978 3835 3091 3907 vel
3118 3834 3527 3922 conductus,
3549 3839 3762 3931 quic-

946 3980 1156 4053 quam
1189 3959 1705 4032 transeuntibus
1735 3958 1982 4054 rapiat,
2000 3967 2080 4029 nt
2103 3967 2527 4031 transeuntes
2561 3982 2683 4054 per
2718 3969 2995 4032 stratam
3027 3959 3390 4032 securitate
3419 3959 3768 4053 gaudeant

946 4091 1015 4155 et
1039 4083 1297 4177 quiete.
1340 4084 1475 4168 Qui
1511 4093 1750 4157 contra
1778 4082 1911 4156 hoc
1945 4085 2180 4157 fecerit
2212 4094 2539 4179 tanquam
2568 4085 2782 4180 predo
2824 4084 3141 4181 publicus
3171 4085 3520 4180 puniatur.
3539 4083 3763 4156 Preci-

948 4205 1177 4301 pimus
1211 4217 1443 4279 autem
1479 4229 1719 4280 omnes
1746 4216 1993 4281 stratas
2018 4209 2332 4303 publicas
2369 4210 2722 4282 observari
2773 4218 2842 4281 et
2877 4217 3147 4281 coactas
3195 4216 3439 4281 stratas
3483 4207 3763 4279 omnino

948 4349 1241 4402 cessare.

1044 4448 1118 4523 7.
1173 4455 1269 4523 De
1302 4455 1599 4526 monetis.
1660 4453 2038 4528 Statuimus
2088 4454 2371 4527 firmiter
2417 4477 2656 4526 omnes
2705 4461 3014 4526 monetas
3055 4461 3212 4548 post
3259 4460 3550 4525 mortem
3603 4450 3767 4526 dive

949 4575 1277 4646 memorie
1305 4577 1603 4649 Heinrici
1643 4559 2074 4676 imperatoris
2105 4578 2319 4673 patris
2358 4578 2569 4650 nostri
2595 4577 2876 4648 omnino
2907 4598 3208 4664 cessare,
3254 4575 3672 4671 ubicumque
3700 4587 3768 4649 et

948 4716 991 4766 a
1026 4717 1465 4793 quocumque
1502 4702 1757 4773 fuerint
1782 4702 2129 4792 institute,
2168 4701 2304 4773 nisi
2338 4703 2457 4794 qui
2489 4707 2671 4772 tenet
2705 4721 2823 4772 eas
2859 4708 3061 4795 prout
3082 4701 3348 4791 ,iustum
3393 4709 3498 4772 est
3533 4721 3767 4774 coram
