4842 5802
1180 618 1304 681 592
2223 622 2567 683 HENRICI
2619 622 2961 683 SEP'rnn
3638 621 3799 703 [Asu.
3835 622 4009 684 1232.

1327 751 1540 832 (Edid.
1570 752 1980 829 Senonum,
2005 751 2196 818 Altae.
2228 753 2557 835 diploma,
2577 762 2625 818 t.
2658 759 2710 832 I,
2741 774 2797 834 p.
2833 764 2975 832 867,
3002 764 3070 817 n⁰
3096 755 3266 835 465.)

1275 912 1611 985 Henricus
1655 914 2012 1010 septimus,
2072 914 2311 990 diviua
2356 918 2635 990 favente
2668 916 3029 989 clementia
3059 917 3519 990 Romanorum
3565 941 3693 992 rex
3739 940 4012 1014 semper

1177 1045 1543 1130 augustus,
1575 1036 1922 1110 universis
1945 1039 2204 1133 quibus
2229 1040 2361 1113 hee
2384 1040 2606 1113 littere
2619 1050 2892 1114 ostense
2915 1040 3167 1113 fuerint
3188 1041 3478 1136 gratiam
3497 1064 3696 1115 suam
3715 1051 3783 1114 et
3804 1063 4008 1117 omne

1176 1159 1463 1232 bonum.
1506 1162 1742 1233 Solum
1779 1184 1861 1234 ea
1888 1161 2166 1235 suntad
2201 1172 2572 1259 perpetuos
2606 1186 2777 1236 usus
2801 1173 2870 1236 et
2907 1163 3002 1238 ad
3029 1164 3417 1238 animarum
3453 1166 3763 1240 remedia
3805 1167 4006 1239 salu-

1174 1282 1385 1355 briter
1417 1282 1723 1378 deposita
1756 1293 1824 1358 et
1848 1296 2253 1359 conservata
2283 1308 2424 1382 que
2454 1309 2497 1360 a
2524 1286 3000 1362 munificentia
3044 1297 3277 1362 nostra
3321 1310 3570 1362 manus
3613 1311 3999 1386 pauperum

1174 1406 1560 1501 deportant.
1612 1408 1841 1494 Quare
1884 1411 2088 1483 saluti
2139 1420 2369 1484 nostre
2403 1410 2769 1484 salubriter
2819 1413 3293 1503 consulentes,
3356 1434 3512 1485 eam
3552 1412 3999 1487 donationem

1170 1552 1382 1624 quam
1422 1530 1716 1604 dilectus
1741 1530 1966 1606 fidelis
2007 1543 2238 1607 noster
2270 1556 2502 1607 comes
2536 1534 2937 1629 Sigebertus
2984 1534 3077 1608 de
3106 1535 3361 1610 Werda
3406 1545 3476 1610 et
3518 1537 3883 1609 Heinricus
3930 1547 4000 1610 et

1168 1652 1630 1726 Theodericus
1663 1656 1946 1729 comites
1978 1655 2098 1728 filii
2129 1658 2268 1747 sui,
2308 1657 2634 1731 videlicet
2658 1668 2919 1753 partem
2953 1658 3253 1731 nemoris
3294 1660 3469 1733 silve
3492 1659 3833 1732 inferioris
3859 1681 3997 1755 que

1167 1786 1432 1872 spectat
1452 1776 1543 1849 ad
1572 1779 1888 1871 Brumat,
1923 1788 2138 1852 totum
2163 1780 2486 1853 videlicet
2520 1801 2768 1853 nemus
2798 1802 2955 1852 cum
2992 1779 3369 1876 paludibus
3401 1792 3473 1853 et
3504 1782 3717 1876 pratis
3743 1803 3882 1876 que
3904 1782 3996 1855 de

1166 1900 1281 1973 via
1308 1922 1446 1995 que
1476 1900 1727 1973 dicitur
1762 1902 2140 1998 Breittweg
2173 1904 2351 1977 inter
2396 1903 2725 1999 paludem
2773 1913 2843 1976 et
2886 1904 3134 1977 silvam
3168 1903 3432 1977 domini
3475 1903 3855 1979 Burckardi
3903 1906 3995 1980 de

1164 2025 1385 2120 Blyde
1447 2047 1671 2120 usque
1725 2027 1816 2100 ad
1864 2027 2180 2100 Rhenum
2229 2027 2451 2101 tendit
2495 2050 2656 2101 cum
2704 2028 2897 2101 omni
2947 2030 3108 2121 jure
3158 2036 3227 2100 et
3275 2028 3584 2101 libertate
3625 2050 3767 2124 quo
3817 2028 3992 2103 illud

1163 2148 1483 2240 tenebat,
1529 2148 1768 2222 domui
1813 2150 2174 2246 hospitalis
2221 2151 2450 2223 Sancti
2496 2151 2791 2247 Spiritus
2839 2151 2911 2221 in
2945 2149 3354 2223 Steffansfelt
3376 2153 3539 2242 jure
3578 2150 3991 2225 hereditario

1163 2271 1539 2363 dederunt,
1568 2283 1784 2346 ratam
1822 2282 1891 2345 et
1917 2272 2185 2346 firmam
2212 2274 2597 2365 habemus3
2649 2284 2878 2347 tamen
2910 2295 3035 2370 pro
3066 2274 3390 2347 censibus
3418 2273 3713 2370 predicti
3746 2277 3990 2348 fratres

1156 2394 1339 2468 duos
1370 2418 1714 2493 cappones
1749 2397 1822 2468 in
1857 2398 2122 2470 curiam
2150 2398 2420 2471 Nazarii
2454 2397 2746 2492 singulis
2772 2398 2976 2472 annis
3004 2397 3172 2473 dare
3207 2406 3549 2471 tenentur.
3600 2395 3988 2471 Confirma-

1160 2543 1317 2594 mus
1343 2533 1412 2594 et
1432 2522 1869 2596 donationem
1897 2524 2177 2618 prefatis
2193 2523 2519 2595 fratribus
2539 2524 2786 2595 factam
2812 2523 2881 2593 in
2906 2521 3331 2614 molendino,
3360 2544 3498 2616 que
3523 2523 3750 2595 locum
3776 2522 3987 2596 habet

1154 2667 1363 2741 super
1397 2668 1650 2741 aquam
1686 2666 1826 2740 que
1866 2643 2118 2717 dicitur
2140 2647 2446 2718 Durroso
2483 2667 2643 2716 cum
2677 2666 3011 2739 aquarum
3042 2643 3477 2734 decursibus,
3511 2645 3605 2718 ita
3639 2644 3832 2739 quod
3858 2667 3985 2719 an-

1152 2771 1418 2840 nuatim
1466 2768 1558 2841 de
1602 2768 1756 2863 ipso
1794 2767 2190 2841 molendino
2249 2768 2393 2841 duo
2438 2767 2640 2840 solidi
2704 2767 2775 2838 iu
2835 2767 3095 2840 curiam
3150 2766 3419 2839 comitis
3470 2769 3977 2862 persolvantur.

1149 2891 1441 2987 Insuper
1461 2890 1946 2965 confirmamus
1971 2892 2074 2966 eis
2093 2914 2246 2965 eam
2277 2893 2568 2987 gratiam
2600 2914 2741 2987 qua
2770 2912 2863 2964 ex
2892 2900 3084 2987 parte
3110 2912 3291 2986 aque
3316 2889 3407 2964 de
3434 2890 3756 2965 omnibus
3780 2893 3982 2966 honis

1148 3015 1299 3088 suis
1330 3023 1399 3087 et
1432 3014 1523 3087 de
1555 3013 1944 3111 pecudibus
1990 3015 2063 3087 in
2112 3016 2346 3090 banno
2383 3017 2547 3090 ville
2582 3017 2863 3088 Brumat
2896 3014 3240 3088 decimam
3270 3034 3411 3085 non
3438 3015 3855 3109 persolvant.
3893 3017 3980 3091 Ut

1147 3146 1378 3209 autem
1423 3137 1553 3209 hec
1600 3148 1832 3212 nostra
1884 3138 2166 3213 donatio
2206 3149 2275 3214 et
2328 3139 2753 3214 confirmatio
2789 3151 2937 3212 rata
2979 3138 3049 3210 iu
3102 3147 3509 3235 perpetuum
3541 3147 3970 3235 permaneat,

1144 3260 1403 3335 litteras
1435 3270 1699 3334 nostras
1725 3262 1987 3336 eisdem
2014 3264 2343 3337 fratribus
2369 3263 2521 3337 dari
2544 3264 2879 3356 ,iussimus
2906 3262 3263 3358 sigillatas.

1239 3386 1475 3459 Testes
1520 3395 1754 3459 autem
1788 3387 1911 3481 qui
1951 3387 2245 3462 aderant
2290 3396 2453 3460 sunt
2503 3386 2600 3458 hii
2643 3413 2661 3457 ε
2725 3441 2743 3459 .
2803 3440 2822 3458 .
2884 3441 2902 3459 .
2951 3385 3258 3459 marchio
3304 3385 3397 3459 de
3450 3384 3722 3476 Baden,
3785 3438 3805 3457 .
3866 3441 3887 3462 .
3945 3440 3966 3460 .

1140 3509 1472 3604 pincerna
1502 3508 1594 3582 de
1615 3510 2074 3608 Winterstett,
2126 3513 2213 3584 Η.
2254 3511 2347 3585 de
2384 3513 2869 3606 Ravenspurg‚
2916 3512 3124 3582 frater
3145 3511 3226 3581 B.
3271 3508 3364 3583 de
3386 3508 3873 3603 Tannenrode,
3903 3520 3973 3586 et

1139 3635 1259 3708 alii
1292 3635 1761 3730 quamplures.

1236 3757 1489 3831 Actum
1527 3757 1719 3854 apud
1759 3759 2191 3853 Hagenoam,
2244 3780 2430 3832 anuo
2474 3759 2565 3831 ab
2607 3757 3073 3832 incarnatione
3106 3757 3383 3832 Domini
3426 3755 3916 3831 M.CC.XXX11
3941 3810 3962 3847 ,

1139 3880 1375 3956 idibus
1403 3882 1832 3975 novembris,
1869 3881 2248 3957 indictione
2271 3884 2387 3956 v1.

777 4349 962 4447 nim
1240 4311 1640 4417 HenricuS‚
1671 4309 2189 4394 Romanorum
2218 4336 2380 4417 reri,
2414 4308 2774 4393 omnibus
2809 4309 3192 4393 licentiam
3230 4308 3574 4393 concedit
3607 4334 3687 4390 se
3712 4322 3966 4390 trans-

733 4458 780 4501 1·
797 4417 1055 4503 ⁶333&
1132 4443 1423 4528 ferendi
1485 4468 1665 4528 cum
1718 4441 1948 4525 rebus
2000 4452 2075 4524 et
2127 4442 2472 4551 personis
2542 4443 2641 4524 ad
2696 4441 2968 4525 fratres
3020 4442 3418 4552 hospitalis
3474 4441 3593 4524 sui
3651 4441 3749 4523 de
3797 4438 3964 4521 Ha-

1129 4601 1432 4687 guenau
1453 4636 1476 4683 ,
1516 4574 1974 4684 eosdemque
2011 4574 2109 4657 ab
2145 4573 2354 4656 omni
2394 4574 2699 4657 servitio
2735 4573 2880 4657 sibi
2917 4573 3212 4684 debito,
3253 4573 3464 4684 quod
3499 4573 3601 4655 ad
3643 4572 3962 4680 dispen-

1127 4711 1344 4794 dium
1378 4706 1775 4816 hospitalis
1810 4706 2240 4790 redundare
2270 4715 2560 4816 posset,
2600 4706 2887 4790 eximit.
