4842 5802
830 3893 958 3949 Apud

793 3949 994 4004 Spiram,

1088 554 1211 618 832
2092 547 2534 610 ramulum
2592 548 2943 610 suenum
3539 552 3704 630 [Anu.
3743 551 3920 615 1236.

1094 684 1963 785 videmusjtranseuudam,
2011 683 2081 757 in
2115 707 2255 780 qua
2292 694 2526 759 contra
2560 685 2991 759 Veronenses
3020 685 3142 780 qui
3179 684 3721 761 Lombardorum
3768 710 3926 761 ver·

1095 816 1296 890 sutiis
1321 811 1651 902 involuti,
1696 809 1928 904 ejectis
1969 809 2061 882 de
2101 808 2378 882 civitate
2408 790 2540 882 illis
2576 811 2701 907 qui
2736 811 3039 908 corrupti
3069 810 3213 903 J‘am
3262 813 3532 886 fueraut
3556 812 3923 886 fraudibus

1093 949 1163 1014 et
1200 937 1496 1036 pecunia
1522 933 2095 1022 Lombardorum,
2130 953 2375 1006 nomen
2417 945 2729 1007 nostrum
2762 944 2832 1007 et
2866 934 3131 1031 imperii
3177 935 3454 1031 publice
3478 936 3916 1027 invocarunt,

1097 1063 1191 1136 ad
1213 1056 1947 1135 excommunicationis
1979 1057 2386 1129 seutentiam
2419 1078 2551 1131 vos
2581 1059 2759 1132 velle
2790 1057 3163 1154 procedere
3186 1057 3503 1150 dixistis3
3544 1081 3674 1132 uec
3700 1059 3772 1131 in
3789 1058 3928 1133 hoc

1099 1185 1537 1261 commodum
1589 1189 1899 1254 nostrum
1949 1180 2383 1254 solummodo
2408 1235 2430 1273 ,
2472 1180 2601 1254 sed
2637 1181 2966 1255 bonorem
3000 1182 3305 1256 Ecclesia
3351 1185 3920 1280 contemplamur.

1093 1307 1423 1382 Nonnulli
1457 1314 1621 1379 sunt
1649 1304 1905 1377 etenim
1943 1303 2092 1399 qui,
2131 1302 2411 1376 forsitan
2445 1304 2862 1377 zizaniorum
2895 1304 3045 1398 filii,
3077 1305 3167 1379 ad
3194 1306 3716 1401 aggregandum
3744 1308 3924 1382 civi·

1099 1443 1307 1506 tatem
1342 1430 1562 1525 ipsam
1597 1427 1903 1501 societati
1934 1426 2480 1500 Lombardorum
2515 1428 2648 1501 sub
2680 1438 2997 1525 pretextu
3037 1429 3380 1524 petitionis
3407 1428 3762 1521 obsidum,
3794 1451 3929 1505 vos

1099 1555 1440 1630 extimant
1459 1552 1824 1649 aspirasse.
1851 1552 1938 1624 Et
1959 1573 2387 1647 quanquam,
2411 1562 2617 1648 prout
2636 1552 2920 1627 firmiter
2954 1553 3327 1646 credimus,
3357 1554 3663 1650 ipsorum
3691 1555 3928 1650 opinio

1104 1703 1146 1753 a
1181 1677 1460 1750 veritate
1503 1674 1837 1765 discedat,
1874 1675 2040 1770 quia
2078 1683 2304 1748 tamen
2341 1683 2574 1749 tantus
2619 1687 2724 1750 est
2769 1698 3101 1750 numerus
3145 1677 3549 1752 eorumdem
3596 1677 3790 1773 quod
3828 1688 3932 1751 tot

1106 1801 1546 1876 mendacium
1601 1799 1909 1895 dispersa
1962 1799 2201 1872 relatio
2243 1799 2499 1893 babere
2539 1803 2685 1894 jam
2736 1801 2979 1897 incipit
3020 1801 3207 1875 vires
3250 1802 3470 1894 fame,
3519 1803 3929 1875 constantis-

1102 1928 1275 1999 sime
1315 1924 1662 1999 credimus
1696 1923 1938 1996 honori
1976 1932 2207 1997 vestro
2239 1925 2600 1998 consulere
2627 1980 2647 2013 ‚
2697 1925 2865 1999 dum
2903 1947 3225 2020 rogamus
3255 1926 3445 2022 quod
3478 1948 3601 2023 per
3643 1926 3931 2000 exhibi-

1104 2052 1358 2123 tionem
1394 2049 1618 2144 operis
1651 2048 2070 2122 contrarium
2104 2046 2609 2121 demonstretis.
2647 2050 2790 2121 Hec
2828 2050 3038 2144 igitur
3073 2051 3330 2133 omnia,
3360 2048 3935 2123 reverendissime

1106 2187 1322 2271 pater,
1364 2174 1522 2246 siin
1566 2172 2189 2246 considerationum
2215 2181 2599 2245 vestrarum
2645 2173 2821 2245 libra
2866 2172 3232 2268 diligenter
3280 2172 3708 2270 appenditis,
3761 2172 3933 2245 dum

1105 2299 1430 2373 affectum
1485 2297 1835 2392 purissimi
1897 2295 2017 2369 filii
2076 2296 2258 2370 circa
2290 2317 2417 2369 vos
2452 2307 2521 2369 et
2570 2308 2855 2370 matrem
2900 2297 3312 2387 Ecclesiam,
3376 2298 3545 2371 dum
3594 2297 3935 2391 justitiam

1107 2423 1542 2498 rescribentis
1598 2421 2078 2518 perspicaciter
2144 2420 2550 2494 discernetis
2569 2474 2590 2512 ,
2641 2422 3079 2496 acerbitatem
3137 2422 3330 2495 verbi
3383 2421 3576 2517 quod
3622 2431 3933 2496 extrema

1106 2549 1482 2621 litterarum
1540 2555 1923 2619 vestrarum
1979 2544 2331 2618 conclusio
2384 2545 2777 2619 continebat
2828 2571 2864 2616 α
2905 2568 3031 2619 vos
3088 2547 3455 2619 observare
3504 2546 3933 2620 tolerantiam

1115 2672 1403 2745 ulterius
1439 2691 1577 2743 non
1619 2670 1849 2743 valere
1885 2695 1919 2739 n
1941 2722 1963 2761 ,
2005 2669 2215 2742 vestri
2249 2669 2577 2742 conclave
2629 2669 2894 2743 consilii
2954 2660 3230 2742 forsitan
3286 2678 3753 2765 temperasset.
3797 2671 3939 2742 De-

1112 2796 1325 2892 nique
1372 2815 1580 2889 super
1615 2794 1889 2886 negotio
1938 2793 2134 2887 regni
2171 2793 2377 2889 Cypri
2425 2801 2495 2866 et
2540 2848 2556 2863 .
2595 2846 2613 2863 .
2655 2849 2669 2864 .
2715 2792 3096 2889 patriarche
3135 2793 3709 2866 Hierosolimitani
3755 2792 3941 2866 deli-

1112 2919 1435 2993 beratiori
1499 2918 1785 2990 consilio
1841 2916 2013 2990 illud
2079 2916 2466 3012 paternitati
2528 2926 2755 2990 vestre
2813 2918 3231 3012 respondere
3285 2917 3677 2990 curabimus
3700 2972 3721 3007 ,
3777 2940 3937 2990 cnm

1121 3044 1302 3118 duce
1344 3044 1642 3114 Domino
1690 3042 1760 3113 in
1808 3040 2070 3112 Italiam
2121 3041 2544 3112 cismontaua
2580 3040 2934 3134 provincia
2970 3063 3096 3113 nos
3144 3041 3278 3114 sub
3323 3050 3556 3136 optata
3603 3049 3781 3113 sorte
3828 3062 3941 3112 re-

1119 3168 1444 3256 duxerit,
1487 3163 1677 3261 quod
1728 3162 1974 3236 honori
2005 3171 2237 3237 vestro
2274 3174 2343 3235 et
2376 3162 2680 3235 Ecclesie
2727 3185 2811 3236 ac
2856 3164 3128 3259 imperii
3160 3164 3543 3239 viderimus
3578 3162 3937 3260 expedire.

1217 3292 1469 3363 Datum
1510 3286 1700 3385 apud
1734 3286 2030 3382 Spiram,
2066 3287 2219 3358 XVI
2256 3286 2518 3382 aprilis,
2557 3288 2651 3359 IX
2687 3287 3109 3362 indictionis.

1229 3871 1693 3978 FridericUS,
1757 3869 2278 3953 Romanorum
2350 3869 2763 3980 imperator
2778 3932 2801 3979 ,
2867 3872 3328 3955 monasterio
3392 3869 3949 3955 Paterniacensi

1121 4003 1686 4116 (Peterlingen)
1735 4002 2135 4086 confirmat
2177 4001 2660 4112 privilegium
2715 4002 2960 4087 eidem
3005 4029 3053 4086 a
3095 4002 3475 4087 Friderico
3509 4003 3760 4113 primo
3808 4025 3949 4084 avo

1118 4162 1261 4222 suo
1293 4139 1391 4220 15
1418 4135 1779 4219 februarii
1812 4139 2017 4218 1155
2044 4160 2522 4242 concessum,
2555 4161 2711 4245 quo
2739 4134 2918 4244 jura
2945 4145 3020 4218 et
3054 4136 3568 4245 possessiones
3602 4134 3949 4246 ejusdem

1123 4278 1636 4354 recensentur.

1295 4456 1484 4537 (Edit.
1512 4473 1611 4535 ap.
1635 4456 2024 4535 thcnnnon,
2054 4451 2203 4515 Bibl.
2241 4451 2472 4529 Sabus„
2502 4469 2602 4532 ap.
2633 4453 3000 4528 norrun,
3027 4460 3074 4515 t.
3102 4456 3158 4530 1,
3187 4471 3248 4532 p.
3283 4462 3419 4516 815.
3440 4487 3520 4501 —
3547 4453 3954 4524 Senonum,

1361 4559 1553 4624 Alsat.
1584 4559 1884 4642 diplomat.
1907 4567 1955 4622 t.
1975 4562 2033 4636 1,
2054 4577 2117 4638 p.
2144 4568 2260 4621 239
2288 4567 2349 4622 et
2379 4568 2518 4632 377,
2543 4575 2618 4620 ex
2642 4560 2984 4640 apographo
3011 4561 3507 4623 Beruensi.—Et
3527 4563 3588 4621 ln
3606 4555 3953 4621 Solatia-m.

1374 4664 1788 4749 wochmblau,
1811 4685 1952 4731 ann.
1990 4676 2168 4748 183⁰,
2197 4684 2258 4745 p.
2293 4666 2421 4747 48.)
