4842 5802
1129 605 1250 667 590
2163 602 2508 663 HENRICI
2560 602 2897 663 SEPTIMI
3579 603 3737 687 [Anu.
3774 605 3948 668 1232.

1126 739 1567 836 sempiterna.
1610 738 1891 811 Noverit
1950 738 2161 832 igitur
2215 749 2352 812 tam
2398 761 2683 835 presens
2729 748 2878 812 etas
2910 759 3123 835 quam
3156 759 3557 812 successura
3594 742 3954 834 posteritas

1123 864 1315 959 quod
1368 884 1496 936 nos
1541 861 1634 935 ad
1686 861 2129 934 imitationem
2177 862 2599 935 serenissimi
2653 862 2915 935 domini
2969 862 3406 957 imperatoris
3445 863 3661 958 patris
3685 865 3895 936 nostri
3925 917 3946 955 ,

1123 986 1393 1062 dilectis
1428 985 1752 1061 fidelibus
1788 985 2038 1058 nostris
2072 984 2307 1060 abbati
2357 996 2428 1060 et
2479 985 2854 1059 conventui
2905 984 2998 1059 de
3049 984 3406 1059 Cruzelino
3445 985 3518 1057 in
3554 985 3952 1060 Constantia

1120 1111 1246 1206 qui
1277 1118 1543 1206 partem
1578 1108 1919 1182 dederunt
1951 1107 2247 1203 pecunie
2276 1117 2356 1180 ut
2399 1129 2443 1180 a
2480 1108 2829 1201 Gniftingo
2861 1106 2953 1181 de
2990 1108 3305 1204 Raderay
3345 1107 3847 1183 redimerentur
3878 1111 3950 1181 in

1121 1243 1422 1307 nostram
1450 1233 1680 1307 denuo
1694 1239 2123 1328 potestatem,
2152 1229 2294 1304 fide
2319 1230 2481 1303 data
2509 1231 2951 1328 promisimus
2967 1240 3048 1304 ut
3075 1254 3457 1328 numquam
3475 1233 3660 1307 bona
3677 1255 3944 1324 eorum,

1122 1356 1445 1430 videlicet
1476 1357 1675 1428 villas
1704 1354 1956 1427 Hirslat
1977 1363 2047 1427 et
2080 1354 2532 1449 Horgunzelle
2562 1364 2632 1428 et
2659 1354 2796 1428 alia
2829 1353 3014 1427 bona
3037 1354 3347 1450 predicte
3381 1356 3671 1430 ecclesie
3690 1357 3768 1428 in‘
3797 1357 3949 1453 ipso

1125 1478 1423 1552 confinio
1460 1479 1839 1568 attinentia,
1882 1476 2227 1572 possimus
2271 1478 2385 1550 vel
2425 1476 2804 1550 debeamus
2841 1477 3040 1550 titulo
3085 1479 3559 1571 vendicionis,
3615 1479 3951 1553 infeuda-

1123 1603 1375 1693 cioniS,
1432 1600 1881 1697 obligacionis
1912 1622 2036 1673 seu
2060 1599 2454 1673 collacionis
2501 1600 2592 1672 ab
2626 1601 2777 1697 ipso
2810 1602 3108 1674 claustro
3140 1602 3474 1694 alienare,
3513 1603 3629 1675 vel
3655 1603 3951 1695 alicujus

1122 1727 1380 1822 ingenii
1411 1727 1734 1822 scrupulo
1770 1725 2022 1798 dictam
2051 1723 2484 1799 advocatiam
2509 1726 2775 1820 absque
2798 1747 3140 1799 consensu
3162 1726 3435 1798 abbatis
3466 1735 3536 1800 et
3569 1736 3951 1800 conventus

1124 1872 1167 1923 a
1203 1858 1438 1923 nostro
1465 1850 1772 1923 dominio
1809 1849 1921 1922 vel
1958 1848 2328 1922 demannio
2358 1858 2816 1945 sequestrare.
2853 1849 3266 1923 Mandamus
3311 1850 3524 1944 igitur
3557 1860 3624 1923 et
3661 1850 3793 1923 sub
3837 1852 3945 1921 in-

1125 1974 1615 2047 terminacione
1652 1973 1870 2068 gratie
1904 1985 2134 2046 nostre
2175 1972 2483 2046 districte
2517 1973 2974 2069 precipimus,
3034 1983 3113 2045 ut
3145 1975 3378 2045 nullus
3425 1974 3516 2046 sit
3545 1975 3669 2067 qui
3707 1984 3949 2048 contra

1127 2096 1515 2192 predictum
1548 2097 1965 2193 promissum
2006 2104 2313 2168 nostrum
2344 2097 2587 2170 venire
2618 2097 2875 2171 audeat
2900 2118 3025 2170 seu
3059 2094 3234 2168 illud
3263 2118 3386 2192 per
3420 2097 3705 2191 aliquod
3736 2097 3947 2191 inge-

1126 2219 1317 2292 nium
1354 2219 1714 2293 suffocare.
1749 2219 2084 2292 Volumus
2117 2220 2323 2293 etiam
2356 2228 2461 2312 ut,
2503 2220 2564 2292 si
2598 2220 2829 2293 forsan
2860 2220 3272 2293 inmemores
3304 2219 3464 2294 date
3506 2218 3672 2295 fidei
3712 2234 3947 2296 contra

1124 2344 1536 2440 promissum
1575 2352 1885 2417 nostrum
1915 2344 2279 2417 veniemus
2308 2344 2545 2439 aliquo
2570 2344 3069 2440 persuadente,
3126 2344 3260 2418 hoc
3293 2344 3485 2439 quod
3520 2345 3611 2419 de
3640 2345 3949 2440 predicta

1122 2468 1485 2543 advocatia
1519 2468 1881 2541 fecerimus
1915 2469 2180 2539 nullum
2204 2468 2416 2542 robur
2447 2468 2756 2542 obtineat
2782 2466 3146 2541 firmitatis.
3184 2467 3297 2542 Ad
3329 2472 3525 2563 cujus
3546 2469 3751 2542 etiam
3778 2490 3948 2565 pro-

1125 2591 1316 2663 missi
1351 2591 1562 2663 nostri
1594 2600 1846 2664 certam
1869 2590 2291 2664 evidentiam
2313 2644 2334 2682 ,
2389 2613 2677 2687 presens
2722 2592 3169 2688 privilegium
3219 2593 3558 2666 conscribi
3600 2603 3671 2666 et
3720 2593 3947 2687 sigillo

1123 2725 1353 2789 nostro
1383 2715 1718 2807 jussimus
1753 2714 2088 2807 insigniri.

1216 2840 1450 2912 Testes
1505 2837 1606 2910 hii
1666 2845 1828 2909 sunt
1860 2862 1878 2908 ε
1915 2836 1990 2909 C.
2055 2836 2285 2910 Sancti
2336 2834 2512 2910 Galli
2556 2836 2969 2912 venerabilis
3025 2836 3239 2912 abbas
3260 2890 3282 2930 ,
3333 2838 3418 2910 H.
3490 2838 3796 2911 marchio
3858 2839 3947 2914 de

1121 2962 1392 3054 Baden,
1445 2962 1531 3032 H.
1570 2959 1875 3032 marchio
1914 2959 2005 3033 de
2047 2961 2429 3054 Burgowe,
2486 2960 2558 3033 C.
2615 2961 3035 3056 burgravius
3085 2961 3176 3035 de
3225 2961 3661 3053 Nurenberc,
3716 2984 3947 3037 comes

1122 3088 1205 3159 E.
1267 3085 1356 3158 de
1414 3084 1846 3176 Aichilberc,
1899 3083 2221 3156 Albertus
2286 3083 2377 3157 de
2444 3086 2856 3179 Rossewac,
2914 3087 3274 3159 Heinricus
3332 3086 3796 3158 marschalcus
3854 3087 3946 3161 de

1117 3207 1625 3304 Bappenheim,
1680 3207 1764 3278 E.
1810 3206 2079 3302 dapifer
2125 3207 2215 3280 de
2257 3206 2619 3304 Walpurc,
2678 3209 2757 3283 C.
2804 3209 3135 3306 pincerna
3169 3207 3261 3281 de
3287 3208 3793 3300 Winterstetin,
3851 3211 3938 3282 H.

1122 3342 1191 3407 et
1217 3333 1291 3403 F.
1337 3331 1687 3404 camerarii
1719 3329 1808 3403 de
1832 3330 2306 3427 Ravenspurc,
2338 3332 2705 3405 Dietherus
2735 3332 2826 3406 de
2853 3333 3063 3427 Egra,
3105 3333 3252 3407 Ulr.
3285 3333 3376 3406 de
3409 3334 3577 3407 Lere
3604 3331 3938 3426 hostiarii,

1123 3467 1191 3530 et
1219 3457 1335 3530 alii
1372 3456 1840 3552 quamplures.

1214 3582 1464 3652 Actum
1499 3577 1691 3674 apud
1734 3577 2177 3673 Ezzelingen,
2236 3598 2421 3651 anno
2478 3577 2823 3654 dominice
2872 3579 3362 3654 incarnationis
3410 3578 3892 3654 Mccxxxl1⁴¹⁰
3916 3634 3937 3672 ,

1120 3704 1408 3799 septimo
1440 3702 1770 3777 kalendas
1802 3704 2225 3797 novembriS,
2269 3703 2644 3778 indictione
2675 3704 2814 3778 V1·.

1550 4009 2474 4020 --—---—.--—·—-——--——-————ae

813 4309 939 4405 ⁸5⁰³
1222 4261 1590 4344 Henrious
1609 4324 1632 4371 ,
1674 4263 2195 4346 Romanorum
2239 4288 2413 4371 rex,
2458 4264 2556 4346 ad
2610 4264 3238 4374 supplicationem
3294 4264 3591 4349 abbatis
3627 4264 3724 4347 de
3774 4262 3937 4346 Be-

734 4360 1020 4465 252222032.
1115 4392 1596 4497 benhausen,
1638 4393 1841 4477 bona
1885 4421 2082 4505 quae
2126 4397 2329 4478 idem
2365 4398 2915 4480 monasterium
2943 4399 3019 4480 in
3059 4397 3460 4509 Esslingen
3491 4398 3696 4508 juste
3738 4423 3937 4505 pos-

1115 4525 1361 4633 sidet,
1431 4525 1527 4608 ab
1563 4527 1769 4610 omni
1810 4527 1991 4609 data
2027 4538 2101 4611 et
2134 4528 2521 4611 exactione
2561 4529 2849 4612 eximit.

1273 4711 1464 4790 (Edit.
1500 4730 1597 4791 ap.
1628 4715 1909 4792 anonn„
1939 4716 2175 4779 Docum.
2213 4714 2444 4779 rediviv.
2475 4723 2721 4782 monast.
2765 4716 3088 4795 Wirtemb„
3119 4726 3167 4781 t.
3200 4723 3251 4794 I,
3281 4736 3342 4798 p.
3381 4717 3554 4799 881.)
