4842 5802
854 625 1052 683 lamet.
1088 617 1173 701 7.]
1759 612 2154 676 HISTORIA
2208 610 2790 674 DIPLOMATICA.
3560 604 3682 667 653

858 753 1094 848 quieta
1148 760 1218 826 et
1290 749 1579 846 pacifica
1645 747 2046 844 possideant
2111 747 2580 842 possessione;
2643 745 3050 818 mandantes
3086 751 3155 815 et
3211 762 3337 837 per
3386 740 3677 834 gratiam

857 887 1163 950 nostram
1227 873 1617 947 firmissime
1672 872 2126 967 precipientes
2179 869 2279 968 (a)
2324 881 2403 942 ut
2451 872 2642 945 nulla
2697 870 2977 942 omnino
3025 887 3312 964 persona
3378 866 3515 938 alta
3563 864 3678 937 vel

855 999 1137 1072 humilis
1170 998 1398 1093 ipsum
1433 1006 1505 1069 et
1533 995 1894 1069 ecclesiam
1927 1017 2129 1068 suam
2165 1004 2233 1069 et
2266 1014 2697 1068 successores
2729 1015 2893 1067 suos
2928 993 3000 1064 in
3042 991 3372 1088 prelibata
3408 1010 3676 1084 posses-

854 1122 1050 1195 sione
1097 1131 1165 1195 et
1215 1120 1649 1194 restitutione
1706 1119 1840 1215 ipsi
1900 1119 2295 1212 adjudicata
2347 1118 2607 1192 audeat
2652 1118 3051 1212 perturbare
3100 1115 3213 1189 vel
3263 1113 3670 1208 inquietare.

855 1244 1060 1331 Quod
1101 1245 1226 1339 qui
1259 1244 1497 1317 fecerit
1527 1265 1570 1316 a
1602 1242 1821 1334 gratia
1850 1242 1939 1314 sit
1975 1244 2328 1315 exclusus.

951 1370 1188 1441 Testes
1227 1376 1391 1439 sunt
1415 1366 1490 1437 hi
1531 1393 1548 1438 ε
1584 1367 1655 1437 S.
1696 1366 2116 1438 venerabilis
2151 1366 2600 1459 Moguntinus
2629 1363 3219 1459 archiepiscopus,
3252 1361 3336 1432 H.
3376 1359 3679 1434 marchio

855 1490 947 1565 de
984 1489 1244 1581 Badin,
1297 1543 1316 1561 .
1344 1544 1363 1562 .
1393 1543 1412 1560 .
1468 1487 1621 1562 dux
1656 1488 1746 1561 de
1777 1488 2032 1580 Tecke,
2070 1489 2151 1559 B.
2196 1488 2350 1561 dux
2383 1488 2638 1584 Spoleti
2675 1487 2736 1583 (l
2753 1488 2806 1583 ),
2840 1488 2922 1559 Ε.
2971 1505 3201 1559 comes
3240 1484 3329 1557 de
3366 1484 3672 1573 Friburc,

864 1669 882 1687 .
913 1667 931 1686 .
961 1668 980 1686 .
1024 1636 1256 1687 comes
1301 1613 1394 1686 de
1441 1612 1900 1703 Lewinstain‚
1940 1614 2027 1683 H.
2081 1612 2172 1685 de
2210 1612 2420 1685 Niffin
2461 1623 2531 1685 et
2573 1611 2715 1684 duo
2747 1610 2869 1682 filii
2897 1613 3047 1703 ejus
3074 1610 3159 1681 Η.
3200 1617 3270 1681 et
3296 1607 3676 1700 Gom-idus,

860 1737 936 1810 C.
980 1737 1071 1810 de
1106 1739 1379 1828 Durna,
1424 1737 1539 1808 W.
1583 1736 1918 1832 pincerna
1973 1734 2064 1807 de
2108 1736 2464 1830 Limpurc,
2521 1733 2596 1805 C.
2651 1735 2979 1828 pincerna
3029 1732 3123 1807 de
3168 1730 3673 1818 Winterstetin,

857 1861 1281 1935 Ludewicus
1310 1861 1402 1934 de
1449 1860 1780 1950 Schiffha‚
1818 1860 1896 1932 C.
1933 1859 2026 1934 de
2047 1861 2444 1955 Winsperc,
2485 1869 2555 1932 et
2579 1859 2695 1932 alii
2719 1857 3189 1952 quamplures.

955 1985 1205 2057 Actum
1235 1984 1425 2079 apud
1452 1984 1878 2079 Winpinam,
1919 2005 2102 2056 anno
2129 1983 2408 2056 Domini
2446 1982 2805 2055 millesimo
2840 1979 3308 2053 ducentesimo
3340 1977 3678 2051 tricesimo

858 2120 1127 2203 quarto,
1164 2108 1252 2180 vl
1277 2106 1439 2180 idus
1473 2107 1662 2195 maii,
1697 2105 2072 2179 indictione
2096 2106 2241 2178 vll.

959 2662 1326 2746 Henricus
1348 2723 1373 2769 ,
1431 2662 1950 2745 Romanorum
2012 2685 2147 2741 rex
2167 2722 2191 2768 ,
2250 2659 2762 2771 burgensibus
2814 2669 2888 2742 et
2949 2659 3319 2743 universis
3371 2687 3671 2746 consu-

854 2793 1057 2877 libus
1093 2804 1167 2877 et
1203 2793 1493 2878 civibus
1533 2792 1926 2877 Goslariae
1970 2793 2285 2874 mandat
2321 2801 2406 2874 ut
2458 2792 3005 2875 monasterium
3050 2793 3146 2875 de
3179 2792 3670 2880 Walkenried

854 2928 1195 3011 immune
1257 2934 1803 3009 manuteneant
1855 2952 1902 3008 a
1953 2926 2325 3008 theloneis
2385 2934 2461 3007 et
2502 2923 3021 3007 exactionibus
3084 2952 3282 3034 quae
3341 2928 3442 3011 ab
3484 2929 3669 3038 ipsis

853 3055 1172 3168 imperio
1216 3058 1619 3166 debentur,
1662 3058 1851 3140 dum
1888 3058 2156 3140 eadem
2200 3056 2514 3140 ecclesia
2566 3084 2702 3167 per
2735 3057 3217 3167 privilegium
3261 3060 3498 3169 patris
3553 3062 3671 3145 sui

855 3201 928 3275 et
963 3219 1191 3276 suum
1226 3191 1438 3275 omni
1476 3190 1776 3275 servitio
1811 3189 2051 3273 libera
2087 3216 2251 3273 esse
2285 3191 2582 3275 debeat.

939 3379 1027 3460 (a)
1067 3380 1185 3457 Ap.
1216 3377 1518 3440 Schannat
1536 3378 1947 3458 ρναοοῂνίηιω,
1975 3379 2175 3438 minus
2199 3383 2376 3438 recte.

930 3653 1008 3727 (⁴)
1040 3654 1330 3726 Postquam
1353 3654 1660 3729 Raynaldus
1684 3654 1795 3711 dux
1817 3651 2017 3727 Spoleti
2045 3651 2459 3725 indignationem
2483 3651 2819 3724 imperatoris
2841 3650 3149 3721 incurrerit,
3176 3651 3490 3709 Bertholdus
3510 3652 3672 3711 frater

856 3748 973 3823 ejus
990 3749 1049 3806 in
1076 3750 1416 3808 Introducum
1433 3768 1494 3809 se
1516 3751 1722 3826 recepit
1749 3750 1877 3824 (vid.
1916 3765 2110 3821 supra,
2134 3755 2177 3806 t.
2203 3749 2306 3817 111,
2331 3765 2389 3822 p.
2417 3751 2523 3808 286
2541 3791 2557 3819 ,
2576 3752 2688 3805 not.
2714 3747 2784 3820 t),
2817 3748 2912 3805 ubi
2948 3762 3120 3821 usque
3148 3747 3215 3804 ad
3244 3763 3372 3806 ann.
3397 3752 3538 3807 ⁴233
3565 3750 3666 3809 ob·

852 3861 1035 3904 sessus
1061 3847 1340 3905 remansit.
1364 3847 1528 3921 Cujus
1551 3847 1872 3904 deditionem
1892 3845 1979 3903 his
1997 3844 2177 3902 verbis
2202 3843 2496 3902 Riccardus
2518 3845 2586 3901 de
2613 3845 2810 3902 Sancto
2833 3843 3104 3902 Germano
3130 3850 3381 3902 enarrat:
3408 3865 3435 3899 α
3458 3844 3670 3920 [Mense

855 3943 1027 4018 aprili]
1053 3944 1343 4002 Rainaldus
1380 3945 1554 4002 dictus
1591 3944 1702 4000 dux
1723 3942 1926 4017 Spoleti
1967 3942 2216 4000 mandato
2250 3941 2586 4015 imperatoris
2620 3941 2831 3998 ducitur
2868 3944 3011 4016 apud
3037 3942 3384 4002 Introducum
3400 3946 3502 4002 sub
3537 3961 3669 4003 cus-

852 4039 994 4097 todia
1019 4040 1092 4098 ab
1111 4041 1340 4098 Henrico
1360 4041 1429 4098 de
1453 4042 1631 4101 Morta
1651 4041 1904 4116 magistro
1919 4039 2221 4115 justitiario,
2246 4044 2308 4096 ut
2329 4039 2472 4098 idem
2489 4040 2598 4097 dux
2617 4045 2851 4096 castrum
2877 4039 3056 4113 ipsum
3075 4040 3226 4098 reddi
3247 4040 3405 4099 saciat
3425 4041 3667 4115 impera-

851 4135 949 4193 tori
973 4152 1004 4194 a
1027 4136 1312 4196 Bertholdo
1338 4138 1502 4196 fratre
1520 4154 1617 4197 suo
1636 4138 1729 4212 qui
1757 4138 1886 4195 illud
1911 4137 2148 4195 tenebat.
2176 4136 2330 4206 Quod
2355 4136 2533 4194 facere
2555 4136 2696 4193 idem
2713 4136 3032 4194 Bertholdus
3054 4137 3125 4194 ad
3146 4137 3502 4195 interventum
3527 4140 3667 4197 Mes·

851 4234 1094 4292 senensis
1140 4234 1527 4310 archiepiscopi
1556 4236 1880 4310 repromisit.
1919 4265 1995 4279 -
2028 4235 2212 4294 Mense
2233 4233 2361 4306 julio
2389 4234 2704 4292 Bertholdus
2719 4234 3062 4291 Introducum
3097 4235 3351 4308 magistro
3375 4234 3663 4307 justitiario

850 4331 1162 4405 resignavit,
1192 4337 1249 4390 et
1265 4334 1380 4406 ipse
1401 4348 1526 4390 cum
1549 4333 1684 4391 duce
1709 4333 1876 4391 fratre
1897 4347 1996 4391 suo
2018 4337 2355 4391 assecuratus
2376 4330 2513 4388 abiit
2532 4337 2682 4388 extra
2703 4348 2926 4406 regnum
2941 4348 3048 4404 quo
3063 4331 3246 4390 voluit.
3278 4350 3305 4384 »
3325 4331 3465 4401 Quin
3482 4332 3549 4389 de
3562 4331 3664 4392 isto

850 4424 1134 4486 Bertholdo
1169 4428 1226 4484 in
1263 4429 1538 4502 privilegio
1570 4430 1784 4487 Henrici
1815 4430 1958 4503 regis
1989 4435 2174 4504 agatur
2208 4444 2315 4486 non
2342 4428 2666 4487 dubitamus.
2697 4429 2930 4484 Titulum
2964 4427 3113 4484 ducis
3146 4427 3343 4500 Spoleti
3376 4435 3499 4500 post
3518 4429 3666 4503 Ray-

854 4522 1001 4580 naldi
1021 4523 1204 4581 fratris
1221 4524 1303 4581 sui
1332 4531 1562 4583 mortem
1587 4526 1946 4583 verisimiliter
1971 4526 2195 4601 adeptus
2215 4530 2349 4582 erat.
2378 4525 2562 4581 Fuerit
2584 4541 2655 4581 ne
2682 4530 2861 4582 tamen
2886 4525 2942 4580 in
2959 4523 3181 4596 gratiam
3202 4524 3532 4597 imperatoris
3551 4526 3668 4599 jam

854 4625 1121 4693 receptus,
1158 4636 1231 4677 an
1258 4622 1441 4696 potius
1468 4621 1612 4696 apud
1647 4639 1830 4696 regem
1857 4622 2151 4681 honorifice
2174 4627 2431 4680 tractatus
2460 4637 2527 4679 ea
2555 4621 2672 4696 ipsa
2696 4637 2860 4679 causa
2884 4622 3029 4696 quod
3051 4621 3122 4679 ab
3147 4621 3470 4694 imperatore
3500 4623 3668 4681 hosti·

856 4714 979 4775 liter
1002 4717 1310 4792 habetem,
1336 4734 1446 4776 non
1476 4724 1563 4778 sat
1587 4718 1728 4778 bene
1748 4725 1976 4778 constat.

3756 2686 4008 2742 thptnae
4018 2719 4034 2744 ,

3795 2742 3845 2786 11
3875 2744 3998 2789 mass-
