4842 5802
795 675 998 735 num.
1028 669 1119 749 9.]
1696 652 2091 718 msromA
2138 650 2722 716 mrnouarlca.
3507 644 3630 708 785

794 815 1001 881 vocet
1033 803 1262 880 autin
1296 798 1425 891 eis,
1467 791 1662 891 quod
1697 791 1910 881 absit,
1951 790 2164 863 robur
2192 795 2429 863 sancte
2461 786 3014 863 conversacionis
3054 784 3410 878 infringat.
3448 780 3622 853 Cum

796 930 1009 1024 igitur
1047 925 1341 1002 ecclesia
1383 922 1458 994 in
1500 916 1868 1008 Kizingen‚
1908 914 2090 987 sicut
2120 912 2624 1003 intelleximuS,
2657 911 2951 1006 agitetur
3001 905 3341 1004 pressuris
3390 902 3625 977 multi·

795 1052 1095 1149 plicibus
1141 1058 1212 1123 et
1263 1044 1559 1122 diversis
1604 1037 2128 1136 gravaminibus
2179 1034 2493 1110 indebite
2545 1034 2995 1131 opprimatur,
3048 1031 3358 1105 volentes
3407 1028 3477 1101 ei
3529 1047 3625 1101 ex

798 1181 1129 1249 consueta
1183 1178 1419 1243 nostre
1481 1160 1915 1239 celsitudinis
1973 1157 2352 1232 clemencia
2406 1156 2805 1253 providere,
2865 1153 3224 1228 ecclesiam
3272 1152 3495 1248 ipsam
3540 1170 3625 1223 ac

801 1297 1125 1372 dilectam
1177 1293 1381 1367 nobis
1434 1289 1509 1363 in
1552 1286 1818 1361 Christo
1867 1282 2285 1356 abbatissam
2335 1303 2420 1356 ac
2480 1289 2738 1355 ceteras
2783 1277 3094 1371 ejusdem
3141 1273 3442 1349 ecclesie·
3469 1293 3626 1370 per-

799 1443 1004 1495 sonas
1039 1440 1201 1493 cum
1233 1415 1559 1491 omnibus
1611 1407 2164 1507 possessionibus
2211 1427 2296 1479 ac
2336 1405 2540 1480 bonis
2585 1425 2726 1500 que
2782 1404 2857 1476 in
2915 1399 3413 1498 presentiarum
3442 1396 3631 1490 juste

800 1553 1039 1620 tenent
1088 1550 1160 1617 et
1212 1536 1571 1637 possident
1624 1543 1748 1609 aut
1799 1533 1873 1605 in
1934 1531 2245 1604 futurum
2292 1531 2480 1622 justo
2522 1523 2998 1624 acquisitionis
3052 1523 3249 1596 titulo
3309 1528 3630 1616 poterunt

801 1666 1126 1765 adipisci,
1164 1663 1297 1737 sub
1332 1669 1563 1736 nostra
1600 1669 1671 1733 et
1702 1657 1973 1753 imperii
2016 1654 2295 1755 speciali
2323 1653 2710 1750 recepimus
2737 1648 3184 1746 protectione.
3217 1644 3629 1719 Mandantes

804 1801 876 1865 et
931 1790 1221 1864 firmiter
1276 1782 1732 1884 precipientes
1785 1787 2131 1877 quatenus
2189 1780 2425 1851 nullus
2477 1777 2568 1850 sit
2606 1775 2730 1871 qui
2785 1773 3043 1847 dictam
3096 1769 3457 1845 ecclesiam
3509 1774 3632 1842 aut

804 1936 1137 2012 personas
1175 1911 1439 1987 ibidem
1474 1908 1768 1983 Domino
1805 1905 2214 1979 famulantes
2248 1903 2321 1976 in
2359 1899 2908 1998 possessionibus
2942 1906 3013 1972 et
3050 1896 3251 1971 bonis
3293 1894 3440 1967 suis
3469 1911 3632 1989 pre-

804 2046 1036 2111 sumat
1087 2045 1344 2110 temere
1397 2032 1781 2106 molestare.
1843 2025 2048 2114 Quod
2096 2024 2221 2121 qui
2266 2023 2764 2122 presumpserit
2814 2019 3371 2116 indignacionem
3417 2012 3634 2089 nostri

809 2161 1131 2234 culminis
1200 2180 1277 2232 se
1338 2156 1604 2230 noverit
1673 2154 2136 2226 incursurum.
2197 2146 2307 2221 Ad
2360 2148 2572 2241 huJ'us
2616 2148 2850 2241 itaque
2914 2152 3141 2217 nostre
3185 2136 3633 2238 protectionis

809 2284 1247 2387 memoriam,
1290 2301 1573 2378 presens
1606 2275 1935 2374 scriptum
1975 2272 2126 2347 fieri
2182 2279 2252 2344 et
2281 2270 2507 2364 sigillo
2552 2278 2780 2343 nostro
2812 2267 3151 2363 jussimus
3191 2261 3629 2337 communiri.

907 2409 1080 2482 Data
1130 2405 1474 2501 Auguste,
1529 2423 1712 2475 anno
1759 2397 2106 2473 dominice
2135 2395 2623 2470 incarnationis
2656 2395 2752 2467 M·
2771 2392 2895 2465 CC⁰
2914 2390 3218 2480 XXXV⁰‚
3257 2407 3493 2461 mense
3517 2408 3636 2460 oo-

808 2531 1056 2624 tobriS,
1102 2550 1285 2604 none
1315 2524 1740 2601 indictionis.

922 3152 1348 3237 Fridericus
1368 3213 1392 3258 ,
1445 3153 1972 3237 Romanorum
2057 3151 2499 3261 imperator,
2573 3147 2981 3258 Rudolpho
3003 3210 3027 3257 ,
3085 3148 3343 3232 abbati
3422 3149 3643 3233 Fau-
3725 3165 3973 3271 A&

817 3286 1074 3392 censi,
1126 3285 1615 3394 privilegium
1690 3309 1894 3368 anno
1961 3286 2169 3366 1219
2241 3282 2540 3392 (verius
2589 3280 2839 3392 1218)
2896 3306 3125 3390 super
3175 3283 3646 3367 restitutione

811 3416 1252 3524 provinciae
1286 3416 1657 3501 Aschowe
1690 3441 1739 3497 a
1772 3441 1855 3497 se
1888 3413 2307 3521 indultum,
2344 3413 2784 3496 innovando
2817 3412 3245 3496 confirmat.

983 3627 1172 3703 (Edit.
1204 3644 1304 3705 ap.
1337 3627 1601 3689 Menum.
1628 3628 1816 3708 Βοὴ,
1846 3634 1992 3689 tom.
2020 3627 2215 3701 XXX,
2243 3644 2306 3704 p.
2338 3634 2642 3702 289-241,
2672 3643 2840 3687 num.
2868 3626 3295 3703 DCCXXXVI,
3321 3643 3399 3688 ex
3426 3630 3639 3706 origin.

1054 3736 1118 3794 in
1156 3733 1397 3794 archivo
1430 3733 1696 3795 cathedr.
1734 3734 2027 3811 Angust.;
2057 3736 2228 3810 cujus
2262 3732 2523 3811 sigillum
2559 3734 2731 3809 periit
2745 3774 2766 3807 ,
2800 3732 3245 3793 remanentibus
3268 3738 3502 3794 tantum
3527 3733 3648 3795 filis

1059 3839 1260 3899 sericis
1301 3838 1468 3899 rubri
1513 3838 1745 3900 eoloris.
1796 3838 2194 3900 Memoratum
2235 3853 2477 3917 quoque
2518 3839 2584 3898 in
2620 3835 2867 3910 Binum,
2914 3834 3110 3898 Gesch.
3161 3834 3268 3898 der
3302 3836 3498 3905 Bisch.
3533 3857 3648 3901 von

1058 3940 1301 4023 Δηρὼ,
1328 3949 1378 4005 t.
1408 3945 1490 4018 Π,
1519 3960 1584 4020 p.
1613 3942 1785 4023 245.)

919 4129 1001 4201 In
1054 4130 1338 4204 nomine
1394 4140 1630 4205 sancte
1672 4139 1744 4203 et
1783 4128 2150 4204 individue
2191 4128 2566 4202 Trinitatis.
2611 4127 3035 4219 Fridericus‚
3087 4127 3327 4203 divina
3375 4130 3651 4206 favente

818 4255 1182 4328 clementia
1226 4257 1688 4329 Romanorum
1733 4256 2101 4352 imperator
2147 4276 2420 4351 semper
2471 4261 2846 4344 augustus,
2890 4253 3264 4326 Jerusalem
3308 4263 3378 4327 et
3420 4255 3650 4330 Sicilie

822 4398 977 4449 rex.
1004 4378 1385 4473 Imperialis
1418 4379 1792 4452 eminentia
1832 4388 2000 4452 tunc
2028 4380 2359 4475 precipue
2400 4377 2699 4450 nominis
2730 4376 2837 4448 sui
2871 4375 3102 4448 titulos
3129 4378 3443 4473 ampliat,
3485 4401 3649 4452 cum

825 4497 1065 4572 divine
1118 4501 1397 4596 pietatis
1451 4502 1747 4596 intuitu,
1798 4522 1924 4597 per
1976 4523 2186 4597 quam
2244 4509 2474 4597 preest
2526 4499 2957 4597 principibus
3009 4499 3197 4573 orbis
3239 4509 3442 4594 terre,
3496 4503 3651 4578 loca

823 4622 1250 4695 venerabilia
1280 4625 1401 4720 pia
1431 4625 1682 4699 mentis
1721 4624 2080 4699 affectione
2115 4634 2372 4717 tuetur,
2412 4634 2484 4700 et
2506 4627 2727 4719 justas
2757 4645 2885 4721 pro
2920 4622 3021 4696 eis
3058 4635 3412 4720 porrectas
3447 4627 3653 4700 savo-

824 4745 1130 4818 rabiliter
1176 4746 1554 4842 peticiones
1598 4748 1920 4823 admittit.
1965 4748 2067 4823 Ea
2096 4759 2375 4845 propter
2409 4747 2757 4822 universis
2802 4746 3073 4844 imperii
3123 4745 3448 4823 fidelibus
3479 4771 3658 4847 pre-

986 4868 1096 4933 IV.
1138 4883 1251 4930 Per·
1275 4887 1318 4930 2.
3263 4880 3342 4934 99

3786 3248 4001 3317 κωδτί.’
