4842 5802
1917 602 2539 671 ADDITAMENTA.
3507 593 3628 657 937

1313 906 1716 917 -ῳ-ο-ο--ο
1725 905 1990 916 0—-0-—0

915 1180 1459 1289 Fragmentum
1518 1177 1614 1259 de
1657 1175 2040 1287 colloquio
2104 1202 2151 1258 a
2201 1175 2620 1259 rectoribus
2685 1174 3056 1258 societatis
3128 1172 3626 1257 Lombardiae

812 1313 1018 1423 apud
1051 1312 1477 1395 Bononiam
1530 1308 1907 1392 celebrato
1921 1371 1946 1416 ‚
1987 1310 2084 1391 de
2135 1310 2464 1393 adventu
2528 1308 2953 1418 legatorum
3005 1317 3080 1390 et
3112 1308 3209 1389 de
3238 1306 3629 1415 inopinato

812 1444 1288 1555 imperatoris
1325 1470 1372 1526 a
1406 1443 1765 1527 Ravenna
1800 1443 2167 1545 discessu.

984 1674 1229 1752 (Inedit.
1274 1689 1351 1733 ex
1383 1671 1586 1732 codice
1624 1668 1902 1731 Bibliotb.
1932 1670 2144 1745 imper.
2173 1667 2388 1742 Paris„
2414 1683 2547 1727 auc.
2585 1664 2770 1747 fonds
2817 1664 2988 1742 latin,
3018 1677 3086 1727 n⁰
3114 1675 3293 1740 4931,
3333 1667 3437 1729 fol.
3489 1677 3627 1744 103,

1058 1777 1471 1857 recto-verso.)

918 1973 1309 2048 MCCXXXI
1327 2025 1349 2064 ‚
1411 1971 1786 2044 indictione
1828 1970 1988 2061 1111,
2038 1969 2130 2043 de
2178 1989 2418 2041 mense
2468 1968 2796 2055 octubris,
2859 1968 3200 2041 societatis
3252 1969 3637 2043 Lonbardie

825 2108 1118 2172 rectores
1156 2099 1225 2168 in
1267 2096 1574 2169 Bononie
1607 2095 1889 2169 civitate
1931 2102 2315 2166 statuerunt
2348 2093 2797 2187 colloquium.
2848 2095 3030 2164 Dum
3064 2102 3293 2166 autem
3323 2095 3396 2164 in
3424 2115 3507 2167 ea
3541 2095 3640 2166 ci-

829 2221 1043 2293 vitate
1080 2220 1211 2315 ipsi
1255 2228 1552 2293 rectores
1589 2217 2076 2290 convenissent
2106 2237 2231 2312 per
2266 2218 2528 2307 legatos
2573 2238 2811 2289 eorum
2850 2217 3037 2290 viros
3081 2217 3347 2290 nobiles
3379 2228 3448 2291 et
3477 2240 3642 2312 pru·

831 2345 1072 2417 dentes
1095 2397 1115 2432 ‚
1179 2344 1630 2437 potestatibus
1698 2351 1768 2413 et
1832 2339 2213 2412 rectoribus
2301 2341 2854 2435 uniuscujusque
2938 2342 3236 2414 civitatis
3299 2344 3641 2417 societatis

827 2467 1140 2558 ejusdem
1185 2467 1255 2537 in
1305 2466 1650 2539 mandatis
1693 2463 2042 2538 dederunt
2066 2472 2144 2536 ut
2177 2463 2268 2536 ad
2306 2464 2482 2535 illud
2512 2465 2909 2537 festinanter
2956 2466 3288 2539 deberent
3320 2469 3647 2544 accedere

831 2592 1277 2685 colloquium.
1322 2590 1633 2683 Cumque
1678 2589 1749 2660 in
1801 2589 1950 2683 ipsa
2000 2587 2279 2660 civitate
2308 2596 2539 2660 essent
2588 2589 2990 2681 coadunati,
3038 2589 3131 2663 de
3169 2593 3530 2666 commodo
3576 2604 3647 2665 et

831 2717 1089 2788 honore
1120 2736 1205 2787 ac
1234 2714 1526 2786 utilitate
1561 2712 1903 2786 societatis
1944 2711 2258 2807 predicte
2291 2711 2384 2783 ad
2426 2711 2727 2785 invicem
2768 2720 3131 2787 tractantes
3161 2724 3229 2787 et
3276 2737 3486 2810 super
3525 2739 3649 2789 ne-

833 2839 1036 2935 gotiis
1053 2838 1440 2912 Lonbardie
1470 2836 1837 2932 diligenter
1864 2837 2223 2926 instantes,
2271 2855 2510 2907 omnes
2540 2836 2955 2909 unanimiter
2978 2838 3113 2910 leto
3145 2838 3376 2912 animo
3412 2848 3480 2912 et
3512 2837 3653 2914 fide

832 2986 1007 3059 pura
1040 2963 1467 3036 concorditer
1502 2970 1883 3035 statuentes
1922 2958 2071 3055 (sic)
2116 2960 2336 3055 ipsam
2371 2958 2826 3033 confirmandi
2870 2971 2939 3033 et
2968 2964 3382 3038 reformandi
3415 2936 3653 3039 socie-

834 3095 1071 3158 tatem.
1104 3086 1259 3171 Quo
1305 3087 1483 3158 facto
1526 3094 1596 3158 et
1642 3084 1738 3156 ita
1777 3083 2128 3173 ordinato,
2162 3083 2278 3155 die
2326 3082 2672 3156 dominico
2710 3084 2828 3156 VII
2878 3083 3210 3158 kalendas
3255 3089 3651 3161 novembris

835 3210 958 3302 (26
1005 3209 1360 3304 octobris),
1403 3208 1474 3280 in
1514 3210 1716 3303 plena
1751 3208 2065 3281 contione
2102 3208 2170 3278 in
2211 3206 2457 3278 eadem
2504 3208 2784 3280 civitate
2834 3207 3158 3281 decenter
3186 3219 3255 3282 et
3288 3207 3654 3305 magnifice

3711 1182 3891 1227 Octobri
3911 1181 4019 1225 1281

3710 1237 3879 1281 nuno
3899 1236 4021 1279 1282.

838 3331 1146 3423 collecta,
1188 3332 1506 3405 eamdem
1528 3334 1920 3424 juramento
1969 3332 2515 3403 reformaverunt
2563 3341 2631 3402 et
2677 3330 3254 3405 confirmaverunt
3304 3335 3654 3409 civitatem
3754 3353 3755 3356 ’

841 3455 1003 3550 (leq.
1058 3452 1515 3549 societatem).
1569 3455 1749 3527 Inter
1802 3476 1878 3527 se
1922 3453 2224 3526 vicissim
2273 3454 2671 3547 pollicentes
2718 3466 2788 3527 et
2834 3466 3257 3529 sacramento
3309 3455 3656 3533 firmantes

841 3596 1247 3647 succursum
1285 3575 1534 3670 pariter
1577 3585 1646 3647 et
1689 3577 2034 3649 auxilium
2084 3576 2419 3663 militum,
2458 3575 2767 3669 peditum
2806 3588 2874 3648 et
2930 3578 3449 3652 balestariorum
3498 3583 3656 3653 uni·

843 3699 1098 3792 cuique
1146 3698 1410 3770 civitati
1452 3699 1794 3771 societatis
1831 3698 2050 3793 ipsius
2085 3707 2154 3770 et
2194 3697 2500 3769 maxime
2548 3698 2852 3770 Bononio
2895 3709 2963 3771 et
3001 3701 3279 3774 Faentie
3326 3724 3479 3777 esse
3519 3704 3660 3779 da-

844 3833 1033 3894 turos
1061 3833 1299 3895 contra
1332 3842 1571 3895 omnes
1618 3822 1935 3895 homines
1968 3831 2039 3894 et
2071 3842 2391 3915 personas
2417 3842 2537 3892 eos
2562 3821 2912 3895 offendere
2937 3833 3006 3895 et
3040 3824 3110 3894 in
3144 3834 3392 3899 terram
3419 3849 3657 3902 eorum

844 3946 1181 4019 violenter
1213 3947 1469 4019 intrare
1515 3946 1847 4019 volentes.
1888 3947 1968 4017 In
1997 3943 2338 4040 presentia
2382 3944 2631 4014 horum
2673 3945 2983 4019 similiter
3029 3961 3484 4042 proponentes
3515 3954 3659 4027 dis-

845 4070 1290 4143 tributionem
1329 4080 1398 4142 et
1452 4069 1993 4164 designationem
2044 4068 2174 4139 tria
2220 4066 2488 4137 milium
2537 4068 2847 4160 equitum
2884 4079 2953 4142 et
2996 4069 3232 4144 decem
3283 4075 3471 4146 milia
3526 4099 3664 4171 pe-

847 4193 1071 4266 ditum
1105 4205 1177 4267 et
1210 4193 1399 4266 mille
1441 4193 1974 4289 quingentorum
2021 4190 2541 4264 balestariorum
2588 4211 2712 4285 pro
2769 4214 3187 4287 unaquaque
3229 4197 3504 4271 civitate
3549 4221 3660 4273 so-

849 4317 1136 4407 cietatiS,
1171 4325 1375 4412 prout
1405 4317 1787 4412 unicuique
1824 4315 2154 4411 competit
2191 4315 2441 4403 facere,
2475 4315 2599 4408 qui
2634 4335 2904 4410 semper
2929 4317 3064 4389 sint
3089 4326 3158 4390 et
3180 4341 3334 4392 esse
3365 4321 3665 4398 debeant

850 4440 1093 4511 intenti
1145 4450 1216 4512 et
1267 4440 1488 4533 parati
1533 4439 1730 4532 equis
1780 4448 1851 4512 et
1898 4437 2109 4511 armis
2164 4445 2234 4508 et
2284 4436 2439 4507 aliis
2486 4436 2695 4509 rebus
2747 4440 3148 4512 necessariis
3191 4443 3549 4537 equitandi
3594 4457 3664 4520 et

854 4560 1333 4656 proficiscendi
1371 4563 1630 4657 ubique
1674 4562 1764 4635 ad
1816 4563 2236 4634 voluntatem
2273 4571 2640 4633 rectorum.
2687 4563 2940 4635 Iterum
2974 4586 3098 4659 pro
3143 4566 3327 4640 bono
3361 4570 3553 4664 pacis
3596 4581 3666 4645 et

854 4684 1220 4758 concordie
1247 4696 1318 4758 et
1343 4708 1434 4760 ne
1468 4687 1701 4783 aliqua
1728 4686 1985 4758 sintilla
2011 4685 2175 4758 mali
2202 4684 2381 4756 inter
2407 4686 2886 4781 imperatorem
2914 4696 2984 4761 et
3013 4690 3416 4765 Lonbardos
3456 4698 3671 4790 possit

1051 4809 1160 4871 lv.
1198 4822 1309 4867 rm
1331 4825 1377 4869 2.
3246 4825 3357 4876 118
