4842 5802
813 620 1008 687 Ιιωισι.
1039 621 1131 699 8.]
1712 616 2109 683 HISTORIA
2155 616 2738 683 DIPLOMATICA.
3517 629 3636 692 715

819 792 1160 885 quatenus
1193 789 1520 882 injuriam
1547 788 1874 884 ‘ipsorum
1911 787 2115 859 sicuti
2151 798 2454 861 nostram
2497 789 2896 883 vindicetis,
2942 803 3013 865 et
3055 792 3287 867 ledere
3338 796 3632 872 nitentes

820 936 902 988 ao
934 914 994 987 si
1031 913 1298 1007 regiam
1333 912 1761 1003 majestatem
1791 909 2106 1001 leserint‚
2148 910 2519 1004 reprimere
2554 932 2693 984 non
2730 912 3052 987 omittatis
3089 913 3220 1011 (4).

1291 1225 1756 1236 ——0-——u-
2545 1226 3170 1239 -ᾜ--ψ

931 1502 1300 1587 Henrious
1313 1565 1336 1611 ,
1392 1503 1910 1587 Romanorum
1946 1525 2078 1583 rex
2095 1562 2118 1608 ,
2160 1498 2508 1583 officiatis
2544 1501 2704 1584 suis
2746 1504 2842 1585 de
2883 1503 3424 1612 Dinkelsbiihl,
3464 1507 3634 1592 Ro-

827 1636 1157 1747 tenburg
1171 1698 1195 1742 ,
1234 1635 1703 1744 Nordlingen
1739 1643 1815 1716 et
1837 1633 2214 1737 Werda,
2193 1660 2275 1714 m
2308 1633 2649 1717 favorem
2685 1637 3121 1720 monasterii
3158 1639 3256 1720 de
3279 1639 3591 1723 Ahusen
3609 1702 3632 1748 ,

828 1767 1208 1852 interdicit
1256 1794 1352 1851 ne
1405 1792 1769 1877 personas
1822 1765 2363 1848 ecclesiasticas
2426 1766 2506 1847 in
2560 1792 2791 1850 causa
2843 1769 3219 1851 criminali
3270 1771 3389 1854 vel
3441 1772 3641 1858 civili

824 1901 1113 2013 judicio
1149 1900 1517 1984 saeculari
1555 1910 1756 1983 stare
1789 1908 2111 2008 cogant,
2150 1909 2416 1982 eontra
2450 1899 2790 2007 ipsarum
2823 1902 3318 1986 voluntatem.

989 2116 1179 2197 (Edit.
1217 2118 1283 2176 in
1318 2114 1587 2193 Senum,
1636 2113 1811 2194 Corp-
1857 2112 2073 2175 Histor-
2120 2110 2600 2194 andenburffl,
2651 2113 2892 2194 Sylloge
2937 2124 3047 2194 72,
3077 2125 3145 2176 n⁰
3198 2126 3296 2178 35.
3327 2119 3507 2181 -Et
3545 2137 3644 2198 ap.

1073 2222 1338 2289 Menum.
1372 2222 1554 2293 Boio„
1582 2226 1731 2285 tom.
1757 2219 1962 2292 XXX,
1993 2235 2129 2297 pars
2165 2227 2239 2292 1⁸,
2270 2236 2332 2295 p.
2366 2228 2507 2294 234
2537 2229 2606 2279 n⁰
2635 2228 2772 2291 732,
2801 2236 2878 2283 ex
2906 2222 3175 2298 originali
3202 2224 3361 2285 unde
3387 2225 3647 2329 sigillum

1070 2331 1132 2389 ln
1158 2345 1263 2389 ora
1289 2329 1524 2388 sinistra
1551 2326 1774 2387 laesum
1802 2325 2090 2404 appendet
2114 2342 2191 2389 ex
2217 2314 2336 2384 fllis'
2362 2326 2562 2427 sericis
2583 2328 2863 2423 purpurei
2887 2326 3116 2388 eoloris.
3125 2324 3150 2406 )

931 2519 1053 2607 11„
1086 2516 1211 2589 Dei
1246 2514 1468 2607 gratia
1508 2515 1972 2586 Romanorum
2006 2534 2134 2585 rex
2168 2521 2240 2586 et
2273 2530 2546 2607 semper
2578 2521 2960 2606 augustus,
2978 2511 3326 2587 fidelibus
3362 2516 3511 2588 suis
3557 2517 3648 2591 de

836 2638 1356 2733 Dinkelspuhel‚
1399 2636 1490 2710 de
1531 2636 1948 2725 Rotenburo‚
1999 2635 2090 2709 de
2129 2636 2589 2728 Nordelingen
2615 2645 2685 2708 et
2716 2635 2806 2708 de
2830 2636 3085 2710 Werde
3110 2638 3438 2713 ministris
3482 2662 3645 2714 nec·

837 2784 977 2836 non
1021 2761 1360 2834 universis
1392 2760 1705 2833 officiatis
1735 2761 1883 2831 suis
1915 2768 2298 2877 presentem
2330 2760 2597 2831 literam
2634 2760 3083 2853 inspecturis,
3126 2762 3414 2853 gratiam
3450 2784 3646 2836 suam

838 2893 908 2959 et
957 2905 1162 2960 omne
1224 2883 1511 2955 bonum.
1570 2882 1752 2953 Cum
1809 2881 1880 2953 in
1934 2890 2226 2975 utroque
2269 2881 2426 2972 jure
2481 2880 2895 2975 prohibitum
2954 2882 3043 2954 sit
3091 2903 3180 2955 ne
3224 2886 3383 2976 quis
3434 2884 3650 2978 judex

839 3009 1165 3084 secularis
1206 3007 1635 3103 spiritualem
1672 3027 2030 3100 personam
2074 3005 2378 3099 aliquam
2418 3005 2530 3077 vel
2563 3005 2866 3077 Ecclesie
2913 3005 3366 3099 pertinentem
3420 3029 3651 3084 eoram

838 3157 913 3208 se
949 3142 1151 3225 cogat
1197 3141 1378 3205 stare
1416 3128 1689 3224 J'udioio
1732 3127 2049 3219 seculari,
2102 3150 2369 3222 nosque
2424 3138 2701 3222 propter
2750 3129 3055 3200 favorem
3105 3151 3312 3222 quem
3349 3133 3655 3225 gerimus

840 3257 1088 3331 dilecto
1123 3256 1325 3329 nobis
1365 3254 1600 3327 abbati
1645 3262 1713 3326 et
1748 3253 2118 3326 conventui
2156 3251 2549 3323 monasterii
2582 3248 2673 3323 de
2711 3249 3033 3341 Ahusen,
3078 3253 3238 3343 jura
3273 3253 3490 3348 ipsius
3530 3278 3652 3329 eo-

840 3381 1048 3454 elesie
1081 3381 1371 3452 velimus
1428 3397 1839 3449 conservare
1881 3376 2253 3471 specialius
2298 3375 2596 3463 illibata3
2638 3374 3050 3447 mandamus
3094 3377 3296 3448 vobis
3340 3378 3473 3449 sub
3519 3381 3656 3451 ob-

842 3511 1034 3576 tentu
1073 3503 1290 3595 gratie
1322 3515 1551 3573 nostre
1577 3498 1864 3571 firmiter
1904 3498 2359 3594 precipientes
2399 3506 2744 3591 quatenus
2781 3499 3014 3570 nullus
3059 3509 3367 3571 vestrum
3391 3501 3483 3572 sit
3531 3504 3653 3596 qni

841 3624 1104 3698 dictum
1139 3623 1456 3695 abbatem
1504 3623 1618 3695 vel
1665 3623 1966 3716 aliquem
1997 3642 2280 3693 suorum
2316 3619 2775 3711 subditorum,
2812 3622 3421 3694 ecclesiasticarum
3484 3646 3654 3720 per-

841 3768 1195 3840 sonarum,
1246 3748 1321 3819 in
1367 3767 1575 3822 causa
1617 3746 1957 3822 criminali
2008 3746 2123 3819 vel
2176 3745 2364 3820 civili
2401 3753 2637 3818 eontra
2665 3745 2973 3840 ipsorum
3009 3746 3433 3821 voluntatem
3489 3770 3656 3845 pre-

916 4052 988 4128 (4)
1025 4056 1230 4113 Desunt
1254 4054 1471 4113 omnino
1491 4052 1894 4129 chronolofflcae
1927 4057 2103 4124 notae,
2129 4056 2186 4109 et
2209 4050 2272 4108 P.
2299 4048 2620 4121 adefonsus,
2652 4047 2905 4107 historiae
2933 4049 3135 4125 patriae
3150 4017 3377 4125 diligens
3407 4068 3653 4134 perscru-

842 4157 998 4224 tator,
1019 4151 1227 4210 litteras
1249 4151 1471 4210 ineunte
1493 4166 1682 4210 mense
1719 4149 1997 4209 novembri
2030 4149 2170 4209 ⁴227
2189 4147 2384 4222 'l'uregi
2404 4147 2560 4205 datas
2581 4160 2703 4205 esse
2725 4146 3017 4218 existiman
3036 4147 3114 4206 eo
3141 4149 3285 4221 quod
3317 4148 3422 4207 hoc
3442 4139 3654 4209 circiter

843 4252 1085 4323 tempore
1115 4248 1503 4307 Solodorenses
1522 4248 1666 4323 regis
1687 4252 1823 4305 nutu
1839 4246 2076 4317 excitati,
2111 4244 2421 4305 Wernbero
2453 4243 2521 4301 de
2541 4244 2813 4300 Luternau
2828 4243 3209 4302 monasterium
3241 4245 3422 4302 Sancti
3450 4246 3651 4305 Urbani

847 4343 1178 4418 steqoentius
1209 4345 1528 4404 molestante
1545 4386 1562 4415 ,
1591 4348 1826 4406 man-um
1858 4343 1978 4416 ejus
2021 4342 2332 4415 Gutenberg
2367 4340 2746 4399 destruxerint.
2784 4339 2945 4399 Certo
2981 4341 3184 4400 certius
3221 4347 3400 4402 tamen
3439 4346 3647 4404 oeeitat.

844 4441 1049 4517 Nempe
1069 4459 1167 4501 rex
1204 4441 1530 4516 inscriptioni
1561 4441 1720 4516 sigilli
1744 4440 1826 4499 sui
1851 4441 2060 4498 titulum
2087 4446 2138 4496 et
2158 4439 2277 4497 duco
2300 4439 2497 4498 Suavis
2525 4453 2631 4494 ιιοιι
2660 4443 2785 4495 ante
2808 4452 3011 4494 annum
3052 4441 3182 4497 4234
3221 4438 3443 4513 adjecit,
3473 4457 3651 4517 neque

850 4535 941 4592 filii
972 4540 1090 4611 ejus
1113 4555 1251 4612 quos
1278 4539 1333 4594 in
1361 4539 1710 4596 instrumento
1745 4538 1864 4611 ipso
1888 4541 2152 4595 memorat
2185 4535 2341 4593 citius
2378 4533 2527 4592 nasei
2561 4539 2868 4608 potuerunt.
2911 4533 3088 4604 Quum
3133 4539 3311 4592 autem
3342 4537 3410 4592 ad
3440 4537 3652 4597 ultimos

847 4634 992 4705 regni
1021 4633 1234 4691 Henrici
1261 4635 1428 4692 nostri
1461 4649 1630 4692 annos
1653 4633 1860 4691 litterae
1880 4633 2198 4707 pertineant,
2226 4631 2504 4706 privilegio
2532 4630 2867 4703 praecedenti
2898 4631 2995 4688 ubi
3021 4630 3090 4688 de
3119 4629 3304 4704 regina
3329 4633 3529 4692 mentio
3562 4634 3651 4707 fit,

847 4726 1198 4787 Boehmerum
1225 4732 1396 4789 secuti
1419 4731 1522 4788 hoo
1539 4729 1851 4788 mandatum
1877 4728 2262 4789 subnectimus.

3803 1533 3935 1590 Apud

3726 1586 3804 1685 ξδ’
3798 1589 3891 1695 Γιῗ
