4842 5802
811 607 1006 667 ism,
1043 604 1135 681 8‚]
1710 596 2101 657 msromA
2151 598 2733 663 mPLOMA'rch.
3508 604 3627 666 697

813 744 1042 817 lumus
1079 739 1226 813 fieri
1262 736 1700 811 manifestum
1736 732 1928 828 quod
1977 733 2243 807 nobiles
2280 735 2416 808 viri
2463 735 2784 811 Albertus
2816 749 2887 811 et
2928 738 3340 813 Bertholdus
3388 741 3630 812 fratres

816 865 906 938 de
938 865 1188 955 Alvelt,
1235 861 1473 935 fideles
1508 859 1749 950 nostri,
1784 860 1931 932 zelo
1967 855 2355 935 devotionis
2396 863 2699 954 accensi,
2741 872 3040 937 montem
3084 864 3209 959 qui
3251 864 3628 956 vulgariter

817 984 1567 1076 diciturBelthersberg
1599 1005 1757 1055 cum
1775 980 1924 1056 suis
1949 983 2388 1078 pertinenciis
2425 986 2496 1055 in
2530 984 2780 1058 nostris
2805 988 3124 1059 manibus
3146 987 3623 1080 resignarunt,

817 1113 994 1184 sicut
1022 1133 1104 1183 ea
1130 1109 1363 1183 omnia
1388 1108 1461 1178 in
1486 1128 1723 1178 eorum
1754 1106 2075 1177 manibus
2103 1107 2482 1200 resignarat
2512 1109 2864 1182 Conradus
2890 1111 3211 1183 Schuelin
3232 1109 3321 1182 de
3345 1111 3630 1204 Byerin-

819 1257 950 1329 gen
985 1235 1107 1329 qui
1141 1234 1323 1306 bona
1356 1230 1602 1303 eadem
1637 1230 1707 1300 in
1746 1229 1956 1301 feudo
1989 1239 2304 1304 tenuerat
2327 1232 2418 1302 ab
2450 1233 2739 1323 eisdem,
2773 1242 2844 1305 et
2876 1234 3007 1327 ipsi
3047 1256 3089 1305 a
3122 1233 3322 1305 nobis
3354 1233 3632 1304 nomine

821 1359 1006 1430 feudi
1039 1357 1396 1445 tenebant,
1436 1364 1516 1427 ut
1546 1375 1628 1426 ea
1663 1354 1947 1425 ecclesie
1977 1352 2068 1425 de
2094 1354 2505 1426 Scbonental
2533 1356 3014 1449 cysterciensis
3037 1357 3300 1428 ordinis
3321 1356 3633 1428 tradere-

821 1507 996 1556 mus.
1039 1483 1179 1554 Nos
1202 1481 1414 1574 igitur
1439 1480 1570 1575 piis
1606 1477 1966 1550 desideriis
2000 1478 2396 1551 eorumdem
2431 1492 2701 1571 gratum
2742 1481 3205 1575 impertientes
3244 1501 3628 1569 assensum,

822 1608 1239 1679 contulimus
1261 1615 1331 1677 et
1354 1601 1766 1677 tradidimus
1790 1600 1941 1696 ipsa
1973 1602 2153 1674 bona
2185 1602 2450 1696 pietatis
2479 1603 2730 1675 intuitu
2760 1603 2986 1676 eidem
3015 1603 3303 1675 ecclesie
3328 1603 3398 1673 in
3425 1605 3546 1695 jus
3567 1612 3637 1675 et

825 1730 1304 1825 proprietatem
1325 1780 1346 1818 ,
1382 1735 1458 1797 ut
1490 1747 1574 1797 ea
1609 1724 1821 1796 libere
1844 1732 1913 1794 et
1952 1723 2265 1795 absolute
2317 1746 2478 1795 cum
2534 1726 2721 1797 omni
2754 1746 3034 1821 prorsus
3057 1728 3216 1817 jure
3250 1726 3630 1820 possideat,

826 1852 1001 1924 sicut
1029 1851 1376 1945 predictus
1399 1847 1754 1921 Conradus
1784 1868 1869 1918 ea
1900 1845 2279 1917 dinoscitur
2307 1845 2721 1940 possedisse.
2753 1848 2898 1920 Sub
2911 1850 3193 1922 obtentu
3229 1870 3393 1942 ergo
3422 1850 3639 1942 gratie

827 1984 1053 2047 nostre
1091 1974 1481 2045 inhibemus
1513 1993 1602 2044 ne
1629 1970 1771 2043 ulla
1804 1990 2094 2063 persona
2125 1970 2262 2041 alta
2299 1971 2410 2041 vel
2446 1970 2764 2060 humiliS,
2804 1973 3263 2045 ecclesiastica
3288 1973 3399 2046 vel
3435 1994 3635 2045 secu·

828 2098 985 2170 laris
1006 2119 1327 2193 persona,
1365 2094 1746 2189 predictam
1777 2091 2139 2164 ecclesiam
2163 2092 2235 2161 in
2260 2093 2522 2164 eisdem
2552 2093 2750 2164 bonis
2785 2094 3022 2186 aliquo
3049 2094 3255 2166 modo
3279 2095 3640 2167 molestare

831 2230 1198 2313 presumat.
1244 2219 1316 2291 Si
1349 2217 1508 2311 quis
1543 2225 1774 2289 autem
1798 2214 1931 2288 hoc
1966 2213 2428 2312 attc[m]ptare
2468 2217 2994 2311 presumpserit,
3032 2227 3308 2289 centum
3373 2240 3641 2290 marcas

830 2345 977 2416 auri
1004 2350 1398 2438 componet,
1428 2363 1722 2434 quarum
1744 2339 2077 2412 medietas
2105 2338 2302 2411 cedet
2329 2338 2527 2431 fisco,
2562 2340 2830 2434 reliqua
2861 2361 3026 2412 vero
3061 2340 3394 2413 medietas
3424 2343 3643 2436 passis

833 2469 1150 2561 injuriam
1185 2467 1632 2561 persolvetur.
1675 2465 1764 2536 Ut
1794 2463 2001 2557 igitur
2031 2463 2159 2535 hec
2187 2463 2469 2536 donatio
2494 2473 2565 2536 et
2590 2463 2811 2556 gratia
2837 2465 3010 2536 facta
3047 2486 3167 2557 per
3198 2486 3327 2537 nos
3358 2466 3642 2536 ecclesie

833 2591 1179 2686 sepedicte
1209 2589 1512 2663 debitam
1537 2598 1606 2660 et
1631 2595 2027 2682 perpetuam
2062 2587 2368 2659 obtineat
2405 2585 2794 2661 firmitatem
2836 2595 2906 2658 et
2944 2586 3237 2659 dubium
3271 2609 3479 2682 super
3529 2588 3645 2660 illa

835 2724 1131 2809 nequeat
1162 2715 1233 2784 in
1268 2723 1616 2807 posterum
1640 2710 1970 2802 suboriri,
2009 2720 2392 2805 presentem
2427 2712 2752 2806 paginam
2771 2710 2935 2783 inde
2953 2711 3292 2783 conscribi
3325 2721 3394 2784 et
3422 2711 3651 2804 sigillo

834 2848 1060 2911 nostro
1092 2839 1379 2911 fecimus
1410 2834 1845 2910 communiri.

930 2964 1163 3034 Testes
1190 2962 1402 3052 hujus
1435 2960 1532 3032 rei
1578 2967 1738 3032 sunt
1776 2984 1794 3027 ε
1832 2957 2268 3031 Hermannus
2294 2956 2806 3053 Herbipolensis
2841 2962 3245 3056 episcopus,
3302 2960 3657 3033 Conradus

840 3086 1052 3158 abbas
1083 3087 1314 3158 Sancti
1344 3083 1554 3173 Galli,
1589 3081 1913 3175 magister
1935 3080 2479 3175 Thegenhardus
2497 3081 2866 3176 imperialis
2884 3086 3045 3157 aule
3073 3084 3654 3179 prothonotariuS,

839 3210 1106 3303 iringus
1137 3207 1535 3282 scolasticus
1565 3207 1636 3277 in
1665 3207 1941 3296 Houge,
1981 3206 2315 3300 Ropertus
2347 3226 2577 3278 comes
2616 3206 2705 3277 de
2746 3207 3067 3295 Castello,
3103 3209 3544 3281 Eberhardus
3568 3207 3660 3281 de

841 3331 1444 3424 Hertingesberge,
1502 3329 1863 3402 Heinricus
1913 3326 2002 3399 de
2033 3328 2489 3421 Rabensburg
2532 3330 2981 3422 camerariuS,
3020 3331 3349 3404 Rodolfus
3381 3330 3471 3402 de
3504 3333 3658 3404 Vo-

846 3457 1213 3547 nemberg,
1246 3453 1600 3550 Lupoldus
1631 3452 2099 3543 Putticlarius,
2137 3452 2497 3525 Heinricus
2540 3451 2631 3525 de
2660 3451 3108 3548 Gyselingen‚
3161 3463 3229 3526 et
3258 3453 3375 3526 alii
3402 3475 3661 3547 quam-

845 3579 1094 3672 plures,

941 3700 1118 3771 Acta
1153 3707 1313 3769 sunt
1343 3697 1473 3770 hec
1506 3698 1577 3768 in
1611 3718 1857 3792 campo
1899 3696 2089 3791 apud
2121 3696 2597 3790 Ballemburg,
2649 3720 2832 3773 anno
2866 3698 3210 3773 dominice
3248 3699 3658 3772 incarnatio·

842 3823 956 3896 nis
992 3820 1358 3893 millesimo
1390 3821 1865 3894 ducentesimo
1896 3819 2235 3891 XXXIIII.

944 3947 1195 4018 Datum
1229 3945 1419 4041 apud
1451 3943 1915 4039 Herbipolim,
1955 3941 2081 4014 XV
2108 3941 2441 4016 kalendas
2476 3943 2896 4033 decembris,
2939 3943 3312 4018 indictione
3343 3946 3538 4018 V111·.

2460 4260 2883 4271 ’-ῳ-*ψ’
2904 4256 3217 4268 ——o--Q-u-

952 4539 1328 4624 Henricus
1347 4606 1369 4650 ,
1419 4544 1940 4631 Romanorum
1994 4575 2122 4632 rex
2143 4611 2164 4654 ,
2215 4551 2541 4658 clerum,
2603 4550 2963 4654 baroneS,
3019 4550 3543 4634 ministeriales
3597 4564 3672 4635 et

859 4670 1056 4754 cives
1116 4673 1696 4783 Herbipolenses
1751 4679 1832 4761 in
1890 4683 2426 4790 protectionem
2492 4681 2889 4789 specialem
2945 4683 3312 4789 recipiens
3333 4745 3355 4788 ,
3414 4694 3488 4765 et
3539 4685 3672 4767 de-

1020 4806 1120 4867 IV.
1165 4823 1279 4868 Pu·-
1303 4829 1346 4869 ς.
3275 4826 3350 4875 88

3778 4573 4030 4627 Herbipoll,

3753 4630 3782 4672 8
3819 4628 4083 4670 novembris.
