4842 5802
1171 672 1292 734 578
2209 636 2557 737 nsmu'm
2606 671 2942 736 ssrr1u1
3620 672 3781 750 [aas.
3815 674 3989 737 1232

1175 818 1336 879 nata
1395 809 1596 883 nobis
1656 809 2079 906 benignitate
2135 811 2554 886 contulimus
2600 809 2943 901 ,iurnalem
3002 829 3217 880 unum
3271 815 3450 882 terre
3514 817 3748 883 nostre
3811 810 3993 888 circa

1173 931 1434 1003 curiam
1487 954 1726 1005 eorum
1772 935 1991 1007 Durin
2032 936 2371 1027 iacentem
2424 933 2517 1007 ad
2551 933 2854 1029 ipsorum
2904 931 3170 1004 curiam
3218 928 3724 1026 ampliandam,
3783 934 3991 1010 talem

1174 1055 1617 1130 donationem
1657 1059 2092 1153 presentibus
2123 1059 2361 1132 litteris
2393 1057 2643 1131 nostris
2677 1065 2746 1131 et
2777 1055 3006 1150 sigillo
3041 1063 3275 1129 nostro
3315 1054 3739 1130 roborantes.

1269 1181 1519 1252 Datum
1571 1181 1764 1277 apud
1817 1182 2392 1259 Frainkinfortum
2414 1237 2431 1269 ‚
2486 1201 2668 1254 anno
2714 1179 3078 1252 millesimo
3129 1177 3601 1253 ducentesimo
3646 1179 3994 1255 tricesimo

1174 1303 1516 1397 secundo,
1557 1305 1677 1378 1111
1720 1326 1936 1379 nonas
1983 1307 2297 1401 augusti,
2338 1305 2713 1379 indictione
2746 1303 3015 1398 quinta.

786 1930 1110 2010 ‘9:3523315·
1276 1887 1644 1972 Hem-icus
1668 1951 1692 1997 ‚
1770 1888 2289 1975 Romanorum
2358 1915 2490 1974 rex
2507 1952 2531 1997 ,
2608 1889 3069 1974 monasterio
3131 1889 3626 1975 dominarum
3699 1888 3990 1974 Cister-

1174 2020 1445 2104 ciensis
1508 2020 1798 2104 ordinis
1870 2022 2076 2131 apud
2134 2022 2405 2106 Harste
2467 2023 2726 2107 omnia
2787 2022 2993 2106 bona
3059 2030 3137 2106 et
3206 2023 3720 2130 possessiones
3790 2048 3989 2133 quae

1171 2152 1356 2262 ipsis
1400 2152 1675 2236 collata
1726 2152 2037 2237 fuerunt
2076 2154 2512 2263 confirmat⁷
2562 2162 2639 2238 et
2683 2153 3066 2238 licentiam
3119 2153 3401 2237 talibus
3452 2153 3988 2238 donationibus

1170 2285 1267 2368 de
1299 2296 1596 2369 caetero
1633 2286 1967 2369 adhibet.

1328 2526 1537 2601 (Edtd.
1574 2527 1812 2617 Mosmi,
1856 2524 2104 2589 omabr.
2140 2525 2480 2600 Gesclzichte,
2508 2527 2622 2589 ΠΙ·
2647 2543 2822 2606 pars,
2850 2526 3118 2608 Ducum„
3145 2537 3214 2590 n⁰
3247 2536 3384 2601 158,
3420 2543 3498 2588 ex
3525 2528 3696 2605 copia
3723 2524 3910 2603 Rull.)

1262 2739 1346 2810 H.
1373 2791 1394 2829 ,
1432 2739 1557 2811 Dei
1592 2738 1814 2830 gratia
1851 2738 2311 2810 Romanorum
2345 2758 2472 2809 rex
2513 2747 2583 2809 et
2615 2758 2888 2831 semper
2922 2748 3294 2831 augustus,
3332 2737 3676 2809 universis
3716 2736 3986 2831 imperii

1164 2860 1422 2957 quibus
1466 2860 1557 2933 he
1591 2860 1813 2934 littere
1854 2871 2126 2934 ostense
2160 2860 2414 2934 fuerint
2446 2860 2734 2956 gratiam
2786 2883 2985 2934 suam
3027 2869 3100 2935 et
3142 2881 3346 2936 omne
3394 2859 3681 2934 bonum.
3721 2859 3833 2932 Ex
3867 2860 3987 2932 in-

1157 2986 1401 3077 juncto
1442 2982 1642 3058 nobis
1680 2983 1904 3056 officio
1936 2995 2005 3056 et
2040 2984 2273 3055 innata
2311 2983 2737 3078 benignitate
2781 2994 3100 3058 tenemur
3125 2983 3251 3057 Dei
3283 2983 3723 3057 ecclesiarum
3760 2980 3988 3055 fidelis

1167 3109 1483 3202 provisor
1536 3106 1836 3179 existere
1900 3116 1972 3179 et
2030 3129 2268 3179 earum
2331 3107 2647 3180 redditus
2702 3106 2795 3180 de
2846 3116 3075 3180 nostre
3137 3106 3468 3200 largitatis
3519 3103 3989 3177 munificentia

1168 3238 1376 3325 prout
1428 3250 1797 3324 possumus
1856 3231 2209 3326 ampliare.
2274 3230 2775 3326 Cognoscentes
2827 3230 2886 3302 si
2940 3228 3223 3324 quidem
3278 3228 3629 3302 defectum
3684 3238 3756 3301 et
3804 3248 3989 3322 pau-

1168 3361 1501 3448 pertatem
1537 3354 1930 3427 monasterii
1976 3365 2046 3428 et
2095 3364 2478 3428 conventus
2516 3355 2950 3428 dominarum
2986 3353 3250 3427 ordinis
3285 3351 3747 3425 cisterciensis
3794 3349 3989 3446 apud

1166 3479 1439 3567 Harste‚
1478 3478 1738 3551 eisdem
1772 3479 2002 3551 omnia
2041 3480 2224 3552 bona
2266 3500 2390 3551 seu
2430 3480 2940 3575 possessiones,
2991 3500 3102 3552 res
3136 3477 3426 3550 mobiles
3460 3487 3530 3549 et
3568 3474 3980 3564 immobiles,

1165 3600 1336 3673 alias
1385 3621 1705 3696 quasque
1752 3622 1879 3696 pro
1926 3602 2150 3675 salute
2192 3602 2262 3673 in
2309 3602 2693 3675 remedium
2750 3603 3158 3675 animarum
3186 3620 3471 3672 suarum
3520 3598 3691 3694 ipsis
3741 3607 3988 3671 contu-

1168 3724 1396 3797 lerunt
1448 3722 1581 3821 (a).
1596 3778 1613 3795 .
1628 3776 1646 3794 .
1700 3724 2003 3820 plenarie
2052 3723 2539 3799 confirmamus
2554 3780 2574 3816 ,
2635 3725 2898 3802 bonam*
2938 3732 3242 3800 nostram
3303 3724 3727 3797 voluntatem
3775 3731 3847 3795 et
3894 3720 3990 3792 li-

1166 3847 1461 3921 centiam
1494 3849 1747 3920 talibus
1779 3848 2264 3922 donationibus
2310 3849 2714 3923 adhibentes
2754 3872 2885 3923 nec
2916 3850 3260 3923 ullatenus
3293 3846 3762 3942 permittentes
3793 3839 3989 3939 quod

1170 3970 1244 4041 in
1277 3969 1541 4043 eisdem
1584 3969 1790 4044 bonis
1823 3973 1939 4045 vel
1984 3973 2055 4045 in
2089 3972 2251 4046 data
2285 3972 2421 4044 sibi
2472 3972 2591 4045 tali
2627 3973 3064 4068 eleemosyna
3109 3971 3470 4044 occasione
3519 3968 3753 4061 aliqua
3790 3964 3986 4037 inde·

1170 4094 1315 4167 bite
1356 4103 1429 4166 et
1471 4103 1706 4167 contra
1740 4095 1946 4166 talem
1983 4106 2286 4167 nostram
2321 4094 2909 4168 confirmationem
2961 4095 3053 4167 ab
3075 4121 3082 4138 ¹
3105 4095 3339 4189 aliquo
3391 4092 3857 4164 molestentur.
3901 4088 3989 4160 Ut

1170 4227 1401 4291 autem
1441 4215 1572 4288 hec
1612 4226 1845 4289 nostra
1887 4216 2167 4289 donatio
2210 4227 2280 4289 et
2324 4215 2751 4291 confirmatio
2796 4218 2869 4289 in
2914 4226 3320 4314 perpetuum
3365 4223 3513 4288 rata
3551 4219 3982 4310 permaneat,

1170 4341 1429 4414 litteras
1478 4348 1745 4413 nostras
1784 4337 2044 4412 eisdem
2090 4339 2503 4414 donavimus
2537 4341 2894 4436 sigillatas,

1274 4467 1524 4537 Datum
1583 4463 1776 4560 apud
1839 4516 2222 4552 ........
2266 4485 2448 4537 anno
2492 4465 2763 4540 Domini
2807 4466 2902 4539 M⁰
2929 4463 3054 4538 CC⁰
3076 4464 3384 4555 ΧΧΧῙΡ,
3432 4462 3548 4535 111⁰
3594 4441 3814 4534 nonas
3860 4478 3987 4529 au-

1178 4589 1401 4681 gusti,
1444 4585 1819 4660 indictione
1851 4586 1937 4660 V.

1263 4774 1350 4857 (a)
1392 4774 1695 4850 Quaedam
1719 4782 1792 4840 ut
1819 4777 2052 4841 videtur
2085 4778 2172 4839 tbi
2195 4777 2429 4840 desunt.
