4842 5802
864 570 1064 632 lamet.
1099 570 1192 650 9.]
1768 569 2160 632 HISTORIA
2212 568 2802 631 DIPLOMATICA.
3574 567 3693 628 887

868 714 1192 801 auguste,
1226 706 1605 779 Jerusalem
1643 714 1713 778 et
1740 706 1973 780 Sicilie
2005 726 2197 799 rege,
2236 727 2420 778 anno
2452 703 2718 800 imperii
2750 705 2902 798 ejus
2937 713 3135 779 sexto
3167 701 3463 795 decime,
3497 704 3692 798 regni

866 851 1036 903 vero
1070 829 1301 902 Sicilie
1337 826 1683 903 tricesimo
1721 839 2004 920 octavo,
2045 829 2356 903 feliciter.
2400 829 2648 902 Amen.

964 955 1214 1028 Datum
1249 953 1441 1050 apud
1476 953 1887 1049 Augustam,
1932 977 2142 1049 anno,
2183 977 2420 1028 mense
2448 964 2518 1029 et
2561 953 2937 1029 indictione
2976 953 3394 1050 prescriptis.

978 1534 1439 1642 FridericuS‚
1497 1536 2016 1619 Romanorum
2071 1537 2512 1645 imperator,
2553 1536 3035 1646 privilegium
3080 1534 3426 1643 Liupoldi
3473 1535 3691 1617 Aus-
3807 1547 4027 1658 Ἓξ·

872 1667 1060 1750 triae
1131 1668 1349 1751 ducis
1412 1669 1507 1751 de
1563 1695 1765 1752 anno
1834 1670 2072 1775 1202,
2133 1670 2183 1750 8
2233 1667 2470 1778 junii,
2529 1670 2957 1777 praeposito
3011 1677 3085 1751 et
3135 1668 3537 1751 conventui
3598 1668 3695 1750 de

872 1801 1473 1912 Berchtesgaden
1533 1829 1761 1912 super
1812 1802 2292 1886 immunitate
2333 1804 2806 1886 teloneorum
2862 1801 3244 1885 indultum
3260 1864 3284 1909 ‚
3324 1799 3588 1884 inserit
3622 1809 3698 1884 et

872 1937 1309 2019 renovando
1344 1936 1772 2020 confirmat.

1029 2151 1274 2228 (Inedit.
1318 2168 1395 2212 ex
1425 2153 1697 2230 originali
1732 2154 1795 2210 in
1829 2151 2068 2212 archivo
2106 2150 2551 2211 vindobonensi
2576 2155 2877 2211 asservato
2891 2194 2910 2227 ‚
2936 2152 3111 2227 cujus
3130 2164 3261 2208 eam
3284 2146 3696 2210 tantummodo

1115 2261 1386 2319 notitiam
1409 2273 1592 2336 quam
1617 2256 1828 2318 habuit
1852 2256 2098 2317 libenter
2133 2256 2304 2316 nobis
2337 2260 2666 2317 transmisit
2688 2257 2762 2317 cl.
2796 2258 2888 2316 vir
2910 2253 3316 2334 Boehmerus.)

970 2447 1218 2517 Datum
1255 2444 1535 2535 Werde,
1578 2465 1760 2515 anno
1793 2441 2136 2516 dominice
2171 2442 2659 2515 incarnationis
2684 2442 3171 2532 MCCXXXV1‚
3225 2462 3465 2515 mense
3508 2442 3689 2535 julii,

875 2590 1055 2641 none
1091 2568 1511 2641 indictionis.

977 3167 1404 3252 Fridericus
1419 3227 1443 3272 ,
1484 3164 2004 3248 Romanorum
2049 3161 2491 3270 imperator,
2532 3159 2955 3243 Ekkeberto
2999 3161 3351 3271 episcopo
3386 3161 3695 3246 Baben-
3807 3188 4019 3286 wssi'ff„
4030 3272 4045 3296 ‚

873 3299 1226 3408 bergensi
1263 3299 1343 3378 in
1379 3294 1562 3378 villa
1625 3293 2273 3378 Frankenmarket
2323 3293 2578 3375 forum
2616 3292 3207 3396 hebdomadale,
3250 3295 3412 3376 sine
3465 3321 3695 3402 prae-
3863 3297 3993 3349 ‘²¹¹⁰-

868 3431 1156 3539 judicio
1182 3429 1379 3538 juris
1416 3427 1677 3534 alieni,
1717 3428 1796 3508 in
1833 3425 2173 3536 qualibet
2207 3425 2394 3508 feria
2440 3425 2661 3508 tertia
2704 3425 3277 3532 celebrandum,
3317 3429 3685 3510 concedit.

1034 3646 1226 3726 (Edit.
1270 3644 1345 3705 ab
1385 3645 1730 3716 Romnum,
1770 3640 2086 3704 Jahn-baele.
2128 3640 2232 3702 der
2268 3642 2544 3718 Lites-at„
2587 3642 2692 3704 XL
2726 3643 2921 3718 Band,
2960 3660 3021 3719 p.
3070 3651 3370 3721 115-116,
3398 3674 3478 3691 -—
3503 3651 3564 3706 et
3586 3663 3682 3725 ap.

1115 3751 1378 3812 Menum.
1407 3750 1593 3823 Boio„
1621 3755 1670 3810 t.
1702 3749 1893 3824 XXX,
1920 3766 1981 3825 p.
2014 3758 2153 3821 250,
2194 3765 2363 3808 num.
2395 3747 2764 3823 DCCXLIII,
2793 3765 2871 3808 ex
2915 3749 3185 3827 originali
3227 3749 3385 3809 unde
3429 3750 3691 3828 sigillum

1116 3859 1339 3918 laesum
1365 3855 1660 3932 appendet
1684 3873 1758 3916 ex
1787 3860 2091 3933 segmento
2124 3853 2622 3931 membranaceo.)

971 4040 1440 4143 Fri[dericus],
1473 4044 1597 4115 Dei
1634 4044 1852 4137 gratia
1883 4044 2339 4116 Romanorum
2381 4042 2751 4137 imperator
2779 4063 3051 4138 semper
3087 4052 3449 4137 augustus,
3491 4047 3688 4119 Jeru-

874 4170 1089 4244 salem
1123 4177 1193 4242 et
1225 4167 1454 4240 Sicilie
1491 4189 1643 4240 rex.
1675 4167 1804 4240 Per
1839 4187 2123 4262 presens
2158 4167 2486 4260 scriptum
2521 4175 2759 4238 notum
2793 4188 2943 4239 esse
2980 4168 3302 4240 volumus
3346 4170 3688 4243 universis

875 4292 1144 4392 imperii
1209 4289 1533 4366 fidelibus
1585 4301 1723 4364 tam
1778 4290 2209 4385 presentibus
2270 4311 2482 4383 quam
2534 4291 2783 4362 futuris
2838 4290 3029 4384 quod
3082 4314 3206 4364 nos
3258 4290 3686 4367 attendentes

877 4428 1070 4512 grata
1121 4417 1416 4490 servicia
1463 4437 1603 4509 que
1655 4411 1948 4489 dilectus
1993 4413 2312 4509 princeps
2363 4424 2590 4487 noster
2642 4415 3052 4487 venerabilis
3099 4415 3687 4510 Babenbergensis

877 4542 1240 4635 episeopus
1270 4540 1477 4611 nobis
1520 4540 1757 4633 sepius
1793 4538 2044 4610 devote
2075 4535 2394 4609 exhibuit
2429 4546 2499 4608 et
2526 4538 2598 4608 in
2633 4547 2833 4610 antea
2870 4537 3202 4611 exhibere
3238 4541 3485 4633 poterit
3521 4563 3690 4635 gra-

880 4664 1097 4754 eiora‚
1131 4661 1577 4737 concedimus
1605 4671 1675 4735 et
1700 4661 2143 4755 indulgemus
2178 4659 2403 4734 eidem
2441 4662 2513 4732 in
2546 4661 2711 4735 villa
2735 4684 2863 4735 sua
2894 4662 3086 4758 apud
3118 4662 3696 4740 Frankenmarket
