4842 5802
769 594 957 654 Iunior.
990 593 1081 670 5.]
1663 590 2075 653 HISTORIA
2108 589 2697 650 DIPLOMATICA.
3475 588 3593 651 567

860 727 1235 817 Henricus,
1274 726 1737 800 Romanorum
1768 746 1899 799 rex
1937 726 2061 799 Dei
2098 724 2316 818 gratia
2353 744 2625 819 semper
2660 736 2999 817 augustus
3015 776 3036 815 ,
3080 724 3421 797 universis
3457 726 3595 798 im-

777 851 939 945 perii
972 849 1301 924 fidelibus
1330 848 1652 944 paginam
1700 848 1886 921 hanc
1933 848 2190 922 visuris
2220 848 2514 941 gratiam
2551 870 2751 920 suam
2786 858 2858 921 et
2890 869 3094 921 omne
3132 849 3418 921 bonum.
3455 850 3598 922 Re-

774 973 908 1067 gali
942 971 1417 1047 munificentie
1466 972 1653 1046 cedit
1691 971 1784 1047 ad
1820 971 2110 1063 gloriam
2147 972 2206 1044 si
2257 972 2491 1065 dignis
2521 972 2789 1045 extollit
2814 972 3189 1045 honoribus
3205 1024 3227 1063 ,
3276 973 3336 1044 si
3364 995 3595 1046 rerum

775 1095 1144 1190 amplificat
1178 1095 1619 1171 incrementis
1644 1094 1756 1168 sui
1789 1096 2085 1168 cultores
2121 1095 2355 1168 lateris
2392 1103 2463 1168 et
2491 1116 2775 1167 suorum
2800 1094 3110 1168 conscios
3144 1104 3585 1169 secretorum.

776 1219 947 1291 Hinc
990 1219 1178 1292 enim
1218 1219 1500 1294 devotio
1548 1219 1839 1314 pullulat
1890 1218 1968 1290 in
2001 1218 2328 1311 subjectis
2376 1228 2448 1292 et
2480 1227 2771 1313 augetur
2803 1240 3134 1301 numerus
3168 1220 3242 1290 in
3285 1221 3589 1313 devotis,

776 1343 1264 1437 multiplicante
1317 1341 1790 1419 munificentia
1846 1364 1973 1439 per
2023 1343 2425 1438 exemplum
2477 1342 2817 1438 quicquid
2865 1343 3089 1438 potuit
3141 1365 3267 1438 per
3310 1345 3599 1437 gratiam

779 1466 1165 1538 contulisse.
1209 1465 1377 1540 Inde
1417 1475 1524 1540 est
1562 1465 1757 1560 quod
1789 1476 2032 1539 notum
2066 1488 2219 1539 esse
2254 1466 2576 1539 volumus
2608 1467 2952 1539 universis
2986 1469 3238 1539 nostris
3275 1466 3599 1541 fidelibus

778 1597 916 1660 tam
959 1589 1389 1683 presentibus
1427 1611 1641 1684 quam
1694 1589 1949 1662 futuris
1994 1590 2184 1685 quod
2234 1589 2645 1662 constitutus
2690 1589 2765 1661 in
2818 1591 3159 1686 presentia
3205 1599 3435 1663 nostra
3487 1589 3598 1663 di-

778 1712 994 1784 lectus
1059 1714 1379 1809 princeps
1438 1720 1668 1786 noster
1735 1712 2031 1787 Sifridus
2095 1713 2653 1809 archiepiscopus
2707 1714 3151 1807 Moguntinus
3211 1713 3600 1787 celsitudini

779 1843 1007 1909 nostre
1035 1835 1454 1932 supplicavit
1478 1844 1735 1909 attente
1763 1845 1842 1908 ut
1861 1835 2302 1910 donationem
2330 1848 2403 1910 et
2434 1838 2941 1911 concessionem
2973 1837 3400 1932 principatus
3426 1840 3604 1911 Lau-

780 1958 1097 2032 rissensis
1135 1959 1419 2032 eccloeie
1448 1980 1612 2032 cum
1649 1959 1838 2032 omni
1870 1959 2157 2053 honore,
2194 1960 2501 2051 vasallis,
2546 1959 3127 2052 ministerialibus,
3171 1960 3438 2052 castris,
3473 1981 3602 2056 op-

779 2081 961 2177 pidis
981 2135 1002 2172 ‚
1043 2082 1536 2178 proventibus,
1574 2081 1851 2175 juribus
1888 2091 1957 2155 et
2003 2083 2433 2179 pertinentiis
2460 2084 2632 2175 suiS,
2669 2105 2712 2156 a
2740 2082 3020 2156 domino
3050 2091 3121 2155 et
3149 2092 3340 2177 patre
3372 2095 3603 2157 nostro

782 2204 1123 2278 Friderico
1158 2205 1610 2280 invictissimo
1641 2206 2107 2280 Romanorum
2141 2207 2549 2303 imperatore
2579 2227 2850 2301 semper
2877 2216 3198 2300 august0,
3230 2208 3604 2280 Jerusalem

784 2338 851 2401 et
896 2327 1126 2402 Sicilie
1171 2352 1338 2425 rege
1360 2386 1378 2418 ,
1430 2329 1634 2404 nobis
1682 2330 2123 2426 presentibus
2179 2340 2248 2402 et
2306 2330 2885 2403 consentientibus
2905 2383 2926 2419 ,
2977 2328 3415 2402 laudabiliter
3470 2330 3606 2402 sibi

784 2454 1030 2527 factam
1065 2462 1135 2525 et
1168 2453 1454 2527 ecclesie
1492 2454 1895 2548 Moguntine
1936 2452 1996 2549 (⁴
2015 2454 2042 2549 )
2062 2507 2083 2546 ,
2127 2454 2360 2527 denuo
2397 2464 2616 2527 ratam
2652 2452 2910 2525 habere
2943 2463 3012 2524 et
3050 2474 3458 2525 conservare
3504 2453 3613 2524 in-

785 2576 1193 2650 violabiliter
1238 2576 1674 2651 deberemus.
1712 2578 1852 2650 Nos
1905 2577 2118 2671 igitur
2166 2576 2594 2651 attendentes
2644 2586 2841 2672 grata
2873 2575 3205 2670 obsequia
3248 2599 3387 2670 que
3427 2577 3611 2651 dicta

788 2701 1071 2773 ecclesia
1115 2701 1521 2794 Moguntina
1560 2701 1762 2774 uobis
1801 2710 1869 2773 et
1919 2701 2475 2796 progenitoribus
2517 2701 2766 2773 nostris
2808 2701 3113 2774 noscitur
3153 2700 3605 2796 impendisse,

790 2824 1302 2899 considerantes
1345 2825 1554 2898 etiam
1586 2825 1868 2898 servitia
1909 2825 2143 2897 debita
2188 2825 2478 2921 imperio
2512 2846 2652 2920 que
2698 2845 2826 2920 per
2864 2824 3336 2920 impotentiam
3378 2847 3619 2899 mona-

789 2950 971 3023 sterii
1013 2949 1370 3023 memorati
1414 2949 1481 3021 ei
1519 2949 1857 3021 hactenus
1906 2958 2069 3021 sunt
2118 2948 2502 3039 subtracta,
2548 2969 2676 3042 per
2715 2948 2977 3020 dictum
3022 2946 3615 3045 archiepiscopum

790 3081 857 3146 et
882 3093 1312 3147 successores
1355 3072 1507 3165 ejus
1550 3093 1757 3168 posse
1787 3093 2092 3166 congrue
2135 3071 2488 3163 exhiberi,
2532 3073 3042 3145 concessionem
3070 3080 3141 3144 et
3178 3072 3618 3146 donationem

789 3197 1163 3291 predictam
1211 3205 1536 3290 tanquam
1575 3195 1668 3269 de
1697 3217 1984 3269 assensu
2028 3205 2258 3269 nostro
2299 3196 2547 3269 factam
2595 3206 2812 3269 ratam
2855 3195 3189 3268 habentes
3206 3247 3228 3286 ,
3276 3198 3618 3290 presentis

790 3321 1037 3412 regalis
1073 3319 1329 3416 pagine
1370 3321 1721 3392 sancimus
1766 3318 1994 3392 edicto
2033 3330 2377 3413 quatenus
2423 3319 2612 3392 nulla
2646 3340 2939 3414 persona
2970 3319 3108 3390 alta
3133 3319 3249 3391 vel
3295 3319 3613 3410 humiliS,

793 3444 1247 3516 ecclesiastica
1300 3444 1413 3516 vel
1452 3442 1841 3534 mundana,
1880 3443 1946 3515 ei
1993 3465 2169 3516 ausu
2208 3445 2570 3517 temerario
2619 3444 2956 3517 contraire
2997 3452 3369 3539 presumat.
3418 3443 3621 3528 Quod

797 3565 858 3636 si
885 3566 1046 3660 quis
1079 3568 1538 3656 attentaverit,
1576 3577 1804 3662 preter
1839 3566 2386 3660 indignationem
2416 3590 2627 3662 quam
2665 3589 2760 3639 ex
2794 3567 2927 3639 hoc
2961 3566 3242 3656 incidet,
3274 3567 3622 3661 quinqua·

800 3688 993 3780 ginta
1052 3689 1259 3762 libras
1309 3692 1457 3764 auri
1503 3714 1579 3764 se
1635 3691 1906 3764 noverit
1958 3691 2504 3787 compositurum
2527 3746 2544 3777 ,
2599 3711 2894 3784 quarum
2947 3689 3386 3761 medietatem
3437 3691 3626 3764 curie

798 3822 1053 3905 nostre,
1098 3814 1377 3886 alteram
1411 3835 1580 3887 vero
1612 3814 1789 3910 parti
1824 3835 2025 3908 passe
2059 3813 2379 3904 injuriam
2414 3814 2740 3884 volumus
2777 3811 3127 3907 applicari.

892 3937 1122 4010 Testes
1163 3937 1372 4031 hujus
1406 3936 1946 4011 confirmationis
1983 3946 2212 4009 nostre
2261 3945 2423 4008 sunt
2465 3963 2482 4006 ε
2528 3937 2608 4006 Β.
2651 3933 3035 4031 patriarcha
3073 3932 3614 4029 Aquilegiensis,

797 4059 877 4132 E.
915 4061 1435 4155 Salzburgensis
1470 4060 2066 4157 archiepiscopus,
2100 4061 2186 4130 H.
2235 4059 2777 4155 HerbipolensiS,
2817 4058 2896 4129 Ε.
2935 4058 3496 4153 Bambergensis,
3545 4062 3616 4133 S.

799 4182 1311 4258 Ratisbonensis
1361 4183 1735 4277 imperialis
1782 4184 1939 4255 aule
1988 4182 2480 4274 cancellarius,
2540 4182 2899 4254 Heinricus
2947 4182 3500 4275 wormatiensis,
3543 4182 3620 4255 C.

801 4305 1252 4400 Frisingensis
1293 4306 1645 4403 episcopi,
1698 4307 1916 4380 abbas
1965 4306 2195 4380 Sancti
2247 4304 2458 4394 Galli,
2506 4306 2848 4399 Saxonie,
2887 4305 3231 4398 Meranie,
3275 4291 3629 4380 Karinthie

878 4711 950 4785 (l)
986 4712 1066 4774 Cf.
1096 4728 1283 4790 supra,
1307 4730 1366 4788 p.
1396 4717 1501 4772 ³26
1533 4721 1588 4773 et
1612 4730 1765 4791 seqq.
