4842 5802
1251 594 1378 657 994
2171 598 2425 659 INDEX
2477 599 3170 663 DOCUMENTORUM.

1275 793 1495 870 1255

1271 931 1307 983 8
1335 927 1510 982 mart.

1694 921 1871 999 Apud
2028 956 2110 969 —
2144 925 2529 989 Bertholdum
2556 932 2897 1007 episcopum
2923 929 3436 1006 Argentinensem,
3453 924 3737 987 femmam
3766 928 3917 1002 ejus,
3946 939 4091 984 con-

1580 1016 1996 1096 Boppardiam.
2108 1022 2305 1082 silium
2333 1029 2393 1083 et
2431 1026 2741 1087 universos
2774 1027 2933 1086 cives
2964 1025 3453 1102 Argentlnenses‚
3484 1039 3562 1082 ex
3587 1023 3801 1082 intimo
3840 1019 4092 1079 foederis

2110 1119 2349 1179 vinculo
2376 1137 2495 1197 quo
2536 1121 2650 1182 sibi
2695 1129 2838 1183 sunt
2863 1122 3127 1183 adstricti
3142 1165 3160 1195 ,
3188 1120 3300 1181 suh
3326 1137 3435 1181 sua
3472 1120 3708 1197 speciali
3733 1120 4094 1195 protectione

2113 1220 2340 1294 ncipit,
2371 1221 2456 1279 ita
2481 1227 2552 1280 ut
2577 1221 2940 1298 ubicumque
2964 1237 3071 1298 per
3093 1221 3406 1297 imperium
3434 1220 3594 1297 regio
3618 1218 3945 1295 patrocinio
3980 1214 4094 1276 de-

2113 1314 2448 1376 fendantur.
3976 1320 4093 1374 604

1281 1422 1317 1474 9
1345 1417 1524 1473 murt·
1686 1377 1876 1491 'Apud
2039 1452 2118 1466 —
2156 1421 2253 1482 Ad
2278 1423 2620 1497 petitionem
2663 1425 2884 1484 civium
2906 1423 3310 1484 Bremensium
3327 1466 3347 1496 ,
3379 1427 3574 1481 ratum
3599 1417 3782 1480 habet
3806 1417 3968 1495 quod
3996 1433 4096 1477 ar-

1629 1513 1950 1573 Waeelam.
2116 1518 2521 1596 chlepiscopus
2554 1523 2887 1582 Bremensis
2924 1521 3303 1582 statuendum
3343 1520 3580 1580 duxerit
3616 1533 3793 1593 super
3832 1515 4097 1577 delendis

2117 1616 2362 1675 teloneis
2395 1620 2458 1676 et
2498 1617 2911 1678 exactionibus
2936 1633 3089 1695 quae
3114 1633 3237 1677 non
3278 1632 3357 1676 ex
3384 1615 3583 1676 debito
3610 1617 3746 1691 jure
3789 1611 4096 1673 habeban-

2119 1717 2235 1771 tur.
3979 1717 4095 1770 605

1269 1817 1344 1871 23
1366 1812 1541 1867 mart.
1706 1812 1884 1890 Apud
2042 1847 2121 1861 —
2157 1817 2498 1893 Paupertati
2516 1820 2792 1880 ecclesiae
2804 1819 3084 1880 Uter-inae
3106 1818 3292 1880 Vallis
3319 1817 3701 1893 compatiens,
3722 1829 3909 1892 quum
3934 1812 4100 1873 illam

1590 1908 1988 1970 Sunnisheim.
2123 1914 2200 1973 ad
2223 1917 2420 1974 omnia
2448 1917 2708 1976 caritatis
2728 1923 2789 1978 et
2809 1916 3224 1993 hospitalitatis
3254 1931 3432 1993 opera
3457 1917 3725 1990 oporteat
3761 1927 3890 1972 esse
3925 1926 4097 1986 para·

2121 2016 2269 2089 tam,
2299 2013 2608 2074 ecclesiam
2633 2029 2807 2075 suam
2832 2015 2896 2075 in
2920 2014 3283 2087 Annweiler,
3299 2028 3439 2074 cum
3463 2009 3722 2083 vacabit,
3746 2008 3935 2068 eidem
3961 2022 4094 2067 coe-

2121 2107 2300 2167 nobio
2326 2108 2576 2170 confert.
3984 2110 4099 2164 606

1273 2212 1347 2266 30
1366 2206 1544 2262 mart·
1576 2208 1689 2285 Ap·
1706 2207 2014 2267 Werdam·
2045 2245 2125 2255 —
2164 2213 2378 2273 Ratam
2405 2212 2583 2274 habet
2607 2221 2666 2275 et
2690 2214 3003 2275 confirmat
3028 2215 3403 2276 donationem
3421 2229 3604 2290 quam
3631 2210 3966 2273 Frldericus
3989 2211 4103 2269 mi-

2124 2311 2438 2370 nisterialis
2465 2309 2540 2369 de
2565 2311 2927 2390 Nordlingen
2953 2312 3226 2389 hospitali
3265 2311 3464 2373 Sancti
3498 2309 3750 2388 Spiritus
3783 2307 3859 2367 de
3896 2306 4096 2367 Nord-

2126 2405 2326 2483 lingen
2353 2405 2429 2465 de
2454 2406 2706 2482 praediis
2726 2410 2852 2469 suis
2875 2407 3037 2468 fecit.
3986 2408 4099 2460 607

2128 2609 2346 2667 mirum
2380 2608 2581 2667 Sancti
2619 2607 2966 2686 Salvatoris,
2999 2608 3120 2670 dno
3159 2607 3371 2668 horrea
3404 2607 3469 2667 in
3509 2606 3814 2667 vicinitate
3848 2606 3963 2664 sita
3997 2601 4100 2662 do-

2128 2708 2255 2765 nat.
3990 2708 4105 2759 608

2052 2841 2135 2854 -
2174 2808 2457 2887 Gregorio
2482 2826 2667 2888 papae
2691 2812 2928 2872 nuntiat
2957 2827 3020 2871 se
3042 2811 3120 2871 ad
3145 2809 3493 2871 mandatum
3528 2808 3900 2887 imperatoris
3925 2808 4114 2884 patris

1987 2948 2004 2965 .
2133 2910 2229 2969 sui
2268 2915 2543 2984 paratum
2586 2926 2711 2969 esse
2744 2911 2807 2969 in
2850 2908 3205 2971 conferendo
3246 2908 3509 2971 subsidio
3547 2908 3843 2969 Ecclesiae
3877 2911 3938 2966 et
3971 2904 4112 2965 forti

2135 3006 2346 3067 militia
2372 3008 2435 3066 in
2462 3007 2694 3066 ltaliam
2721 3007 3028 3067 mittenda.
3995 3010 4110 3063 609

2140 3206 2405 3363 ἓτιιεὲᾶί
2444 3214 2506 3268 et
2539 3207 2799 3269 habendi
2834 3207 3031 3269 forum
3083 3209 3465 3287 septimanaie
3498 3210 3561 3268 in
3611 3207 3901 3268 suburbio
3940 3206 4116 3266 castri

2208 3319 2297 3363 ers
2340 3318 2472 3380 urg.
3999 3310 4114 3364 e1o

2063 3441 2145 3454 —
2183 3408 2514 3470 Conventui
2541 3410 2823 3472 Omnium
2846 3410 3198 3473 Sanctorum
3219 3414 3285 3472 in
3301 3414 3483 3491 Nigra
3501 3410 3687 3490 Sylva
3713 3412 3939 3473 confert
3961 3410 4119 3470 bona

1636 3496 1975 3575 ΠᾶΕθῦῡὛθ
2144 3508 2436 3585 quaedam
2463 3511 2527 3568 in
2552 3511 2857 3588 privilegio
2891 3513 3224 3584 nominata,
3259 3526 3413 3588 quae
3444 3498 3793 3571 Bertholdus'
3831 3509 3908 3569 de
3932 3507 4112 3568 Win-

2146 3605 2386 3665 terbach
2410 3621 2449 3666 a
2474 3622 2538 3666 se
2562 3607 2627 3666 in
2653 3605 2894 3667 feudum
2920 3607 3181 3668 tenebat.
4002 3611 4110 3663 611

1315 3714 1350 3765 2
1373 3708 1550 3782 junii·
1733 3700 1912 3777 Almd
2068 3745 2150 3755 —
2187 3712 2360 3772 Cives
2382 3711 2708 3790 Spirenses,
2719 3712 2797 3771 ad
2822 3714 3162 3788 petitionem
3176 3711 3426 3773 Conradi
3445 3713 3737 3790 Spirensis
3749 3710 4025 3787 episcopi,
4042 3706 4120 3767 ab

1656 3796 1965 3874 Fssslffissffl
2152 3810 2456 3868 exactione
2475 3808 2733 3868 thelonei
2757 3810 2820 3867 in
2846 3807 3211 3884 oppenheim
3237 3808 3470 3870 liberat.
4005 3813 4114 3865 611

2073 3942 2154 3955 -
2191 3910 2582 3971 Donationem
2622 3927 2790 3971 areae
2825 3918 2887 3971 et
2928 3912 3238 3988 cujusdam
3275 3914 3406 3972 viae
3444 3911 3801 3988 adjacentis,
3846 3907 4127 3970 fratribus

2152 4007 2658 4070 Praedicatoribus
2698 4024 2734 4068 a
2770 4008 3002 4069 civibus
3038 4012 3162 4070 suis
3196 4012 3262 4070 in
3299 4009 3613 4087 Ezzlingen
3648 4007 3865 4069 factam
3879 4051 3897 4081 ,
3936 4012 4127 4066 ratam

2153 4103 2333 4164 habet
2357 4110 2417 4163 et
2443 4103 2771 4165 confirmat.
4011 4109 4127 4160 612

2080 4238 2159 4253 -
2198 4207 2487 4284 Hospitali
2513 4211 2742 4269 noviter
2781 4208 3028 4271 fundato
3052 4212 3117 4269 in
3144 4210 3454 4287 Wimplna
3473 4211 3577 4287 jus
3601 4212 3946 4285 patronatus
3972 4203 4131 4281 apud

2161 4304 2327 4365 Fline
2352 4307 2416 4369 in
2438 4306 2660 4366 donum
2688 4306 2975 4369 concedit.
4014 4309 4129 4361 618

2082 4441 2163 4454 —
2202 4408 2491 4471 Officiatis
2516 4418 2576 4471 et
2599 4413 3075 4488 procuratoribus
3096 4414 3220 4474 suis
3244 4414 3310 4473 in
3336 4412 3444 4473 Uri
3469 4410 3716 4473 mandat
3739 4417 3812 4471 ut
3834 4415 4134 4470 monaste·

2161 4506 2319 4565 rium
2344 4505 2421 4565 de
2446 4506 2795 4584 Wettingen
2820 4507 3142 4568 defendant
3171 4523 3365 4585 neque
3400 4508 3465 4566 in
3490 4505 3757 4567 homines
3792 4507 3920 4583 ejus
3952 4518 4132 4563 exac-

2164 4604 2352 4662 tiones
2378 4601 2671 4663 indebitas
2695 4610 3027 4664 exerceant.
3844 4608 3983 4669 613,
4016 4605 4134 4658 614
