4842 5802
1624 694 3013 841 ADDITAMENTA

1706 977 1802 1036 An
1836 974 2159 1050 Quanmu
2192 977 2276 1034 ΕΤ
2309 977 2611 1048 Qummu
2641 977 2910 1034 PARTffl

1317 1184 2099 1293 HISTORIAE
2184 1181 3292 1290 DIPLOMATICAE.

1012 1766 1424 1876 Gregorius
1497 1792 1694 1876 papa
1754 1766 2160 1874 Reginensi
2185 1825 2210 1870 ,
2266 1765 2720 1871 Mutinensi,
2784 1765 3153 1849 Brixiensi
3215 1766 3584 1875 episcopis
3647 1774 3722 1847 et
3770 1781 3809 1823 Β

906 1897 1142 1980 electo
1198 1898 1608 1981 Mantuano
1662 1897 1924 1982 scribit
1957 1896 2346 2006 quomodo
2387 1897 2815 1981 Fridericus
2829 1960 2854 2005 ,
2893 1898 3416 1983 Romanorum
3455 1898 3715 2006 impe-

902 2040 1136 2138 rator,
1179 2031 1570 2141 negotium
1624 2029 2126 2115 Lombardiae
2180 2054 2320 2113 suo
2363 2030 2677 2113 arbitrio
2711 2031 3160 2114 fiducialiter
3205 2031 3705 2136 commiserit3

903 2185 1187 2271 rogans
1249 2170 1336 2243 ut
1387 2187 1564 2244 cum
1628 2162 1830 2245 idem
1885 2162 2295 2269 imperator
2343 2161 2819 2271 colloquium
2880 2162 3280 2270 pacificum
3339 2161 3718 2245 celebrare

902 2293 1283 2398 intendat,
1339 2303 1666 2378 rectores
1703 2294 2078 2377 societatis
2130 2293 2632 2377 Lombardiae
2685 2295 2785 2376 ad
2830 2296 3515 2379 reconciliationem
3551 2321 3718 2379 mo-

904 2435 1135 2510 neant
1168 2437 1244 2509 et
1277 2426 1669 2510 inducant.

1064 2633 1253 2715 (Edit.
1287 2654 1385 2714 ap.
1418 2638 1814 2711 Tnmoscm,
1844 2639 2073 2697 Memor.
2104 2633 2362 2709 Madau„
2394 2643 2443 2700 t.
2472 2637 2580 2710 IV,
2608 2636 2867 2716 probat„
2890 2654 2951 2716 p.
2984 2645 3097 2699 106
3123 2645 3334 2700 0¹:107.
3357 2670 3438 2686 —
3458 2638 3552 2703 Cf.
3582 2640 3707 2703 SA-

1141 2757 1334 2817 non,
1361 2740 1585 2804 Amul.
1615 2741 1888 2825 Boloqn„
1916 2751 1962 2805 t.
1993 2745 2104 2820 111,
2134 2761 2196 2820 p.
2233 2744 2397 2823 113.)

999 2928 1403 3023 GregoriuS,
1439 2940 1607 3021 etc„
1644 2930 2159 3005 venerabilibus
2194 2930 2519 3003 fratribus
2563 2984 2580 3001 .
2616 2986 2632 3003 .
2670 2986 2687 3002 .
2733 2930 3132 3025 Reginensi‚
3179 2986 3197 3003 .
3233 2987 3250 3004 .
3289 2986 3307 3003 .
3348 2933 3719 3006 Mutinensi

898 3061 968 3124 et
1007 3053 1350 3127 Brixiensi
1398 3053 1741 3149 episcopis
1776 3064 1844 3127 et
1887 3109 1903 3126 .
1943 3110 1960 3126 .
2000 3111 2015 3127 .
2057 3056 2273 3130 electo
2307 3056 2682 3129 Mantuano
2718 3055 3046 3144 salutem,
3083 3065 3215 3128 etc.
3255 3057 3368 3127 Ex
3410 3057 3719 3148 injuncte

900 3175 1099 3249 nobis
1130 3177 1483 3250 servitutis
1528 3177 1753 3249 officio
1786 3177 1924 3249 hiis
1966 3179 2087 3273 qni
2129 3199 2344 3273 prope
2391 3201 2474 3251 ac
2525 3179 2660 3249 hiis
2712 3180 2835 3273 qui
2885 3180 3087 3272 longe
3121 3188 3284 3251 sunt
3320 3181 3507 3274 pacis
3544 3204 3719 3254 con-

899 3301 1051 3372 silia
1087 3303 1504 3395 cogitantes,
1559 3302 1652 3375 ad
1694 3303 2098 3397 sopiendam
2153 3302 2598 3376 dissidiorum
2651 3301 3004 3375 materiam
3053 3304 3347 3377 libenter
3379 3316 3717 3399 quantum

902 3421 1022 3493 dat
1049 3424 1382 3494 Dominus
1414 3423 1841 3496 intendimus
1878 3447 2036 3497 cum
2074 3426 2357 3516 effectu,
2399 3426 2880 3499 dissidentium
2916 3427 3302 3499 voluntates
3347 3449 3474 3522 pro
3519 3450 3720 3523 posse

901 3541 990 3613 ad
1022 3545 1460 3618 concordiam
1496 3546 1891 3619 revocando
1939 3557 2016 3618 ut
2062 3569 2204 3641 quo
2255 3548 2523 3640 gratius
2571 3560 2989 3642 acceptatur,
3027 3572 3113 3622 eo
3160 3550 3403 3622 fortius
3450 3572 3721 3624 conva-

903 3664 1138 3737 lescat.
1181 3666 1359 3738 Hinc
1400 3678 1506 3739 est
1550 3669 1739 3763 quod
1793 3670 2008 3764 quieti
2062 3671 2402 3742 societatis
2434 3671 2843 3744 Lombardie
2889 3682 3074 3745 tanto
3111 3672 3488 3747 studiosius
3543 3697 3716 3770 pro-

900 3787 1140 3860 videre
1173 3789 1483 3863 volentes
1522 3801 1783 3885 quanto
1825 3793 2041 3887 ipsam
2077 3815 2206 3866 sue
2240 3792 2402 3866 fidei
2438 3803 2508 3867 et
2551 3794 2939 3867 devotionis
2978 3798 3236 3869 meritis
3277 3798 3714 3892 exigentibus

900 3912 1283 3987 dilectionis
1322 3914 1570 3989 affectu
1624 3918 2142 4012 complectimur
2200 3919 2510 4013 puriori,
2573 3918 2665 3991 ad
2715 3941 2987 3992 omnem
3047 3922 3459 4017 suspicionis
3511 3944 3716 3995 scru—

899 4038 1139 4130 pulum
1174 4038 1353 4112 inter
1383 4040 1822 4112 karissimum
1860 4042 1929 4112 in
1967 4041 2234 4115 Christo
2270 4041 2488 4113 filium
2527 4053 2834 4114 nostrum
2860 4043 2970 4133 F.,
3012 4045 3467 4119 Romanorum
3495 4046 3714 4142 impe·

894 4173 1186 4235 ratorem
1240 4163 1569 4236 illustrem
1624 4186 1897 4262 semper
1945 4175 2352 4260 augustum,
2389 4168 2766 4241 Jerusalem
2804 4178 2871 4239 et
2906 4169 3135 4241 Sicilie
3174 4191 3404 4264 regem
3434 4224 3455 4262 ,
3490 4182 3559 4243 et
3589 4194 3715 4245 so-

897 4285 1214 4359 cietatem
1272 4287 1589 4360 eamdem
1648 4290 1925 4384 penitus
1972 4289 2440 4362 amovendum
2501 4291 3008 4385 interponentes
3055 4314 3148 4365 ex
3202 4294 3432 4366 animo
3488 4306 3717 4388 partes

899 4419 1190 4500 nostras,
1229 4430 1489 4504 preces,
1529 4414 1783 4484 monita
1822 4421 1892 4485 et
1924 4413 2210 4486 consilia
2243 4413 2471 4487 eidem
2509 4415 2899 4509 imperatori
2935 4416 3319 4490 direximus
3360 4427 3433 4489 nt
3468 4421 3714 4492 nostris

898 4529 1345 4628 beneplacitis
1390 4534 1834 4629 acquiescens
1878 4558 1953 4611 se
1995 4546 2225 4611 nostre
2270 4560 2481 4632 super
2537 4538 2669 4612 hoc
2713 4551 3089 4635 exponeret
3136 4542 3418 4614 arbitrio
3460 4544 3716 4614 volun-

901 4656 1089 4748 tatis,
1131 4658 1331 4731 nobis
1363 4659 1567 4753 plene
1603 4681 1685 4732 ac
1718 4661 1922 4756 plane
1967 4661 2139 4758 quid
2175 4658 2441 4759 [super]
2482 4664 2559 4737 id
2596 4664 2977 4738 intenderet
3012 4687 3484 4761 responsurus.
3517 4668 3715 4741 Unde

3810 1784 3936 1831 ente.
3955 1782 3983 1823 4
4008 1785 4056 1824 et
4076 1784 4133 1826 27

3823 1834 4086 1931 ursan·
