4842 5802
890 660 1091 720 lamet.
1121 656 1211 735 8.]
1788 647 2179 711 HISTORIA
2227 646 2807 709 mPLOMA'rch.
3590 636 3709 698 7:39

889 817 1339 893 absolutionis
1376 813 1774 911 impendas3
1817 812 2181 886 sufficienti
2218 813 2308 884 ab
2336 833 2420 885 eo
2457 810 2650 906 prius
2687 807 3004 881 cautione
3037 813 3309 900 recepta
3341 801 3533 898 quod
3561 803 3700 875 mi—

890 944 1125 1017 litibus
1166 943 1379 1015 Danis
1422 941 1514 1014 ab
1553 938 1885 1033 obsequio
1918 939 2222 1011 Romane
2268 935 2574 1008 Ecclesie
2620 933 3068 1007 redeuntibus
3122 951 3391 1004 necnon
3439 929 3700 1001 clericis

888 1065 1378 1141 accedentibus
1424 1062 1517 1136 ad
1561 1064 1746 1134 illam
1787 1071 1856 1134 et
1896 1061 2351 1135 redeuntibus
2397 1060 2489 1131 ab
2547 1057 2825 1147 eadem,
2878 1078 3056 1151 quos
3094 1055 3251 1127 fecit
3304 1053 3507 1127 bonis
3556 1052 3701 1125 suis

890 1212 1026 1264 non
1064 1189 1332 1283 absque
1364 1188 1595 1261 divina
1635 1194 1705 1258 et
1740 1185 2126 1281 Apostolice
2168 1184 2368 1257 Sedis
2415 1181 2668 1275 injuria
2716 1181 3025 1277 spoliari,
3087 1179 3457 1253 satisfaciat
3500 1199 3699 1250 com-

888 1323 1221 1409 petenter.
2155 1392 2158 1403 Ι
2532 1388 2539 1393 ‚

987 1440 1237 1510 Datum
1269 1435 1566 1527 Perusii,
1613 1432 1925 1506 kalendis
1950 1433 2262 1527 augusti,
2302 1427 2513 1530 [anno
2549 1424 2696 1528 IX].

1309 1732 2646 1751 m--m--o—*m—-om
2660 1735 2691 1742 -υ
2712 1732 3274 1742 ...naam

1002 2015 1229 2100 Curia
1293 2013 1783 2099 celeberrima
1853 2013 1934 2096 in
1972 2013 2507 2123 Assumptione
2569 2011 2832 2096 beatae
2900 2010 3178 2096 Mariae
3244 2013 3449 2122 apud
3520 2012 3700 2097 Ma-

898 2149 1246 2260 guntiam
1316 2148 1703 2231 indicitur.
1795 2144 1937 2229 Ubi
2007 2146 2164 2230 fere
2250 2145 2607 2229 omnibus
2673 2145 3140 2255 principibus
3214 2145 3429 2256 regni
3500 2146 3707 2228 Teu-

893 2282 1124 2365 tonici
1168 2280 1792 2365 convenientibus
1808 2340 1832 2386 ,
1881 2306 2032 2388 pax
2057 2279 2391 2388 juratur,
2432 2289 2681 2363 vetera
2728 2278 2904 2389 jura
2940 2278 3464 2382 stabiliuntur,
3507 2303 3704 2361 nova

894 2421 1330 2496 statuuntur
1390 2425 1465 2497 et
1517 2412 1928 2496 Teutonico
1983 2438 2329 2498 sermone
2388 2413 2471 2494 in
2514 2413 2962 2497 membrana
3006 2412 3283 2521 scripta
3345 2410 3703 2495 omnibus

893 2547 1379 2654 publicantur
1417 2544 1582 2657 (1);
1622 2571 1974 2629 excessus
2011 2546 2213 2655 regis
2258 2556 2520 2629 contra
2578 2549 3107 2655 imperatorem
3162 2546 3452 2628 cunctis
3516 2570 3706 2652 ape-

894 2677 1196 2761 riuntur
1240 2676 1392 2789 (2).
1457 2680 1775 2763 Gonsrn.
1830 2679 2093 2763 Conon.
2146 2705 2271 2787 ap.
2321 2678 2710 2786 Boanum,
2757 2686 3050 2776 Fontes,
3107 2686 3165 2759 t.
3210 2678 3322 2783 Π,
3361 2704 3439 2786 p.
3510 2679 3696 2762 567.

892 2854 1001 2872 —
1036 2810 1501 2894 Adveniente
1551 2810 1746 2894 festo
1792 2810 2391 2922 AssumptioniS‚
2444 2819 2955 2894 convenerunt
3014 2809 3389 2920 principes
3442 2836 3535 2892 ex
3576 2809 3706 2892 di-

891 2943 1126 3027 versis
1161 2945 1506 3053 partibus
1551 2945 2014 3028 Theutoniae
2067 2945 2271 3053 apud
2323 2944 2659 3055 Mogunti
2669 2971 2793 3026 am
2848 2969 3094 3054 usque
3155 2944 3253 3025 ad
3306 2944 3705 3027 duodecim

891 3075 1132 3161 millia
1165 3079 1525 3162 militum.
1566 3081 1833 3162 Annal.
1874 3077 2284 3187 Arqentin„
2329 3076 2645 3183 Ibidem,
2684 3088 2740 3157 t.
2785 3075 2928 3183 111,
2967 3102 3047 3186 p.
3096 3077 3276 3158 109.

893 3282 1062 3294 -—-.-

963 3411 1034 3482 (4)
1068 3398 1415 3468 Μοιιὼηιιειο
1442 3410 1747 3484 hujusmodi
1777 3410 2067 3469 Teutonico
2108 3385 2356 3468 sermone
2387 3415 2517 3466 tunc
2541 3408 2878 3482 conscriptae
2927 3407 3173 3483 exempla
3212 3410 3356 3467 nulla
3384 3417 3704 3485 supersunt;

896 3513 952 3563 at
985 3507 1160 3580 capita
1192 3509 1586 3566 constitutionis
1613 3510 1801 3567 ordine
1836 3509 1993 3584 paulo
2019 3509 2233 3567 diverso
2266 3508 2340 3565 ibi
2366 3509 2620 3566 collocata
2645 3508 2836 3580 fuisse,
2863 3509 2987 3567 inde
3006 3509 3231 3567 fortasse
3258 3509 3521 3583 conjicere
3546 3510 3707 3568 liceat

896 3603 1040 3675 quod
1065 3609 1245 3660 textus
1275 3604 1565 3661 Teutonico
1595 3620 1841 3662 sermone
1877 3605 2136 3679 scriptus,
2175 3605 2501 3678 ubicumque
2526 3621 2631 3663 non
2674 3607 2848 3663 solum
2872 3607 3224 3680 posteriorum
3244 3607 3708 3667 constitutionibus

896 3700 1278 3772 imperatorum
1319 3701 1594 3770 inseritur,
1625 3701 1721 3758 sed
1765 3702 1945 3759 seculo
1977 3703 2079 3760 XV
2119 3718 2150 3759 e
2181 3701 2345 3759 latino
2384 3702 2670 3760 translatus
2713 3705 2974 3774 occurrit,
3022 3705 3206 3760 eodem
3247 3703 3438 3761 ordine
3476 3706 3707 3762 babetur

895 3811 1057 3868 quem
1081 3795 1218 3852 infra
1245 3797 1300 3852 in
1328 3797 1519 3854 edictis
1542 3798 1612 3856 de
1637 3801 1708 3857 25
1726 3798 1845 3873 julii
1872 3801 2033 3870 4284,
2058 3799 2127 3856 de
2151 3802 2220 3856 43
2243 3798 2544 3857 decembris
2570 3804 2728 3871 4284,
2749 3802 2816 3858 de
2841 3803 2911 3859 24
2938 3801 3113 3858 martii
3141 3802 3300 3872 4287,
3325 3803 3393 3858 de
3416 3806 3451 3862 2
3476 3802 3707 3861 octobris

899 3895 1035 3950 4292
1067 3899 1122 3950 et
1164 3893 1292 3951 anni
1339 3897 1477 3952 4303
1519 3895 1776 3953 invenies.
1814 3897 2018 3953 Pertzii
2041 3897 2466 3968 animadversio,
2497 3915 2553 3971 p.
2582 3901 2704 3956 342.
2732 3927 2804 3941 -
2828 3899 3055 3956 Textum
3092 3915 3221 3956 vero
3263 3898 3643 3958 Germanicum
3675 3918 3708 3958 a

892 3988 1359 4048 constitutionibus
1387 3990 1598 4048 Rudolfi
1617 4034 1632 4062 ,
1661 3991 1832 4050 Adolti
1870 3999 1926 4048 et
1949 3992 2149 4049 Alberti
2175 3993 2474 4063 diversum,
2512 3994 2627 4052 sive
2661 3993 2874 4068 abipso
2913 3993 3156 4069 exemplo
3197 3995 3324 4052 anni
3363 3998 3503 4054 4235
3533 3997 3649 4056 sive
3676 4014 3710 4055 a

892 4094 1038 4144 textu
1075 4087 1236 4145 latino
1274 4088 1605 4160 derivatum,
1649 4089 1718 4146 cl.
1765 4089 1849 4145 vir
1894 4089 1980 4147 ille
2016 4090 2194 4148 denuo
2240 4092 2519 4165 proposuit
2559 4091 2698 4147 inter
2730 4091 3011 4163 Addenda‚
3043 4097 3081 4148 t.
3119 4093 3210 4164 IV,
3240 4109 3298 4166 p.
3331 4095 3587 4153 574-582.
3625 4094 3705 4152 Cf.

892 4183 1217 4257 (lausana,
1246 4188 1322 4244 De
1344 4186 1579 4260 ΕροοΙια,
1607 4193 1736 4259 etc„
1770 4203 1858 4262 ap.
1890 4188 2183 4246 Commeat.
2213 4190 2452 4262 Gottinq.
2470 4233 2485 4259 ‚
2513 4205 2656 4246 anno
2681 4192 2839 4261 4780,
2866 4207 2919 4263 p.
2957 4193 3047 4250 24.
3083 4189 3455 4249 Schonemann
3483 4192 3710 4267 (system

889 4279 987 4338 dor
1011 4283 1276 4357 Diplom.‚
1308 4291 1351 4342 t.
1380 4284 1435 4356 1,
1470 4302 1528 4359 p.
1559 4285 1702 4358 300)
1728 4284 1854 4342 huic
1889 4286 2121 4360 opinioni
2148 4287 2464 4345 adversatur
2489 4303 2596 4360 qua
2620 4286 2838 4360 quidam
2884 4286 3246 4360 ssoguntinam
3280 4288 3712 4348 constitutionem

894 4378 995 4436 sub
1018 4381 1192 4454 prima
1213 4387 1270 4438 et
1290 4381 1538 4455 originali
1561 4382 1731 4440 forma
1747 4384 2037 4442 Teutonico
2059 4400 2305 4443 sermone
2328 4385 2583 4459 scriptam
2605 4384 2771 4442 fuisse
2796 4384 3152 4442 crediderunt.

965 4476 1046 4548 (2)
1083 4478 1232 4534 Tunc
1260 4480 1515 4552 temporis
1543 4481 1832 4539 Henricum
1857 4499 1923 4539 ex
1965 4484 2232 4540 sententia
2266 4482 2570 4557 principum
2603 4482 2750 4554 regia
2785 4487 3045 4556 potestate
3073 4481 3385 4539 destitutum
3410 4482 3577 4541 fuisse
3609 4499 3709 4541 ar-

896 4569 1178 4629 bitramur.
1218 4574 1320 4647 Ap.
1360 4576 1616 4649 lumem«,
1645 4578 1945 4636 Miscellan.
1965 4621 1979 4650 ,
2014 4585 2055 4635 t.
2083 4579 2160 4649 11,
2187 4596 2242 4653 p.
2272 4582 2536 4649 422-423,
2564 4578 2718 4635 adest
2747 4578 3014 4652 quoddam
3057 4581 3470 4637 instrumentum
3509 4580 3603 4638 ubi
3641 4583 3709 4641 ad

897 4663 1096 4723 calcem
1130 4668 1266 4726 haec
1300 4670 1588 4742 singularis
1627 4680 1752 4731 nota
1783 4673 1973 4747 legitur
2003 4693 2018 4730 ε
2049 4694 2079 4728 α
2101 4673 2232 4731 Acta
2261 4680 2388 4731 sunt
2413 4674 2515 4729 hec
2544 4671 2812 4730 Friderico
2842 4673 3164 4746 imperatore
3194 4673 3359 4730 filium
3384 4690 3541 4734 suum
3565 4692 3599 4733 a
3625 4676 3708 4734 sui

896 4762 1042 4835 remi
1070 4763 1202 4823 solio
1224 4765 1569 4827 destituente.
1599 4790 1629 4824 a
1649 4771 1730 4829 Cf.
1761 4771 2068 4844 Gsoaoms,
2105 4769 2312 4844 vtrmh.
2337 4769 2724 4842 Nebemtund„
2752 4777 2792 4829 t.
2824 4771 2868 4840 1,
2892 4787 2949 4844 p.
2974 4773 3100 4842 205,
3129 4778 3276 4830 nota.

3781 2031 3835 2075 15
3859 2031 4055 2085 anssmtt.
