4842 5802
1192 597 1318 660 su
2192 595 2622 660 ramulum
2669 592 3016 656 suenum
3637 547 4006 679 [Am'lsss.

1296 727 1649 827 [Sequitur
1673 730 2140 826 privilegium,
2173 740 2372 806 sexto
2398 731 2517 804 die
2541 729 2798 803 mensis
2822 728 2988 800 maii
3021 729 3209 805 1216
3237 727 3529 816 editum,
3549 729 3741 825 quod
3767 729 4011 802 viden·

1199 851 1369 926 dum
1405 873 1650 947 supra,
1694 861 1747 924 t.
1785 852 1850 941 Ι,
1887 875 1962 948 p.
2002 851 2203 951 452]

1290 976 1430 1049 Nos
1466 974 1676 1069 igitur
1711 974 2141 1050 attendentes
2177 975 2386 1051 fidem
2427 983 2498 1048 et
2533 973 2971 1048 devotionem
3017 972 3357 1045 sinceram
3386 995 3598 1068 quam
3642 973 3855 1046 iidem
3891 974 4011 1048 di-

1192 1099 1352 1171 lecti
1382 1097 1622 1171 fideles
1654 1100 1865 1171 nostri
1898 1099 1993 1172 ad
2035 1121 2399 1195 personam
2443 1108 2745 1170 nostram
2780 1104 2851 1169 et
2895 1095 3224 1168 honorem
3272 1095 3542 1191 imperii
3593 1096 4010 1172 incessanter

1194 1220 1454 1294 babere
1488 1231 1904 1312 noscuntur,
1944 1223 2270 1318 inspectis
2304 1223 2511 1295 etiam
2547 1220 2759 1315 gratis
2787 1228 2857 1292 et
2890 1221 3188 1314 acceptis
3215 1219 3512 1292 servitiis
3541 1242 3679 1314 que
3711 1222 3912 1293 nobis
3939 1231 4010 1295 et

1190 1346 1478 1441 imperio
1503 1350 1779 1440 semper
1797 1345 2133 1420 exhibent
2153 1357 2223 1420 et
2254 1347 2326 1417 in
2360 1354 2564 1418 antea
2595 1344 2687 1418 de
2710 1345 2893 1417 bono
2921 1345 2995 1416 in
3019 1344 3268 1417 melius
3285 1354 3605 1439 poterunt
3638 1346 4002 1434 exhibere,

1187 1468 1634 1564 privilegium
1682 1468 2162 1564 supradictum
2207 1469 2298 1542 de
2344 1470 2561 1542 verbo
2597 1470 2687 1543 ad
2727 1468 3015 1540 verbum
3055 1467 3415 1562 privilegio
3462 1470 3758 1562 presenti
3814 1464 4003 1542 tran-

1187 1592 1516 1686 scriptum
1543 1591 1879 1682 jussimus
1913 1593 2253 1665 innovari.
2291 1594 2403 1664 Ex
2441 1591 2977 1664 habundantiori
3031 1612 3312 1686 quoque
3344 1592 3563 1686 gratia
3598 1603 3828 1666 nostra
3865 1593 4005 1665 im-

1187 1714 1431 1811 periali
1476 1715 1865 1789 sanccimus
1914 1716 2141 1789 edicto
2185 1716 2379 1810 quod
2408 1715 2703 1810 predicti
2744 1714 2976 1787 dilecti
3015 1712 3256 1787 fideles
3301 1715 3515 1787 nostri
3549 1725 3688 1789 tam
3737 1717 4002 1789 scabini

1189 1862 1400 1936 quam
1437 1840 1628 1912 cives
1667 1839 2099 1914 Colonienses
2127 1862 2256 1913 nec
2285 1841 2377 1912 ob
2414 1839 2650 1914 debita
2682 1860 2809 1911 nec
2837 1839 2929 1913 ob
2986 1839 3471 1934 promissiones
3504 1841 4004 1934 cujuscumque

1181 1964 1673 2061 archiepiscopi
1702 1974 1936 2038 sancte
1974 1964 2397 2039 Coloniensis
2428 1962 2721 2036 ecclesie
2759 1984 2884 2057 pro
2922 1972 3230 2057 tempore
3263 1962 3623 2035 existentis
3660 1974 3783 2034 aut
3817 1963 4002 2036 alte-

1182 2090 1325 2163 rius
1354 2088 1721 2182 cujuslibet
1752 2107 2071 2183 persone,
2106 2088 2179 2158 in
2210 2087 2521 2183 personis
2559 2087 2672 2159 vel
2708 2086 2916 2159 rebus
2960 2086 3124 2159 suis·
3147 2086 3445 2159 debeant
3475 2084 3948 2189 dampnificari
3974 2141 3994 2174 ‚

1184 2211 1477 2288 detineri
1532 2220 1653 2283 aut
1698 2232 2138 2306 quocumque
2176 2210 2386 2284 modo
2437 2211 2691 2303 injuste
2738 2210 3008 2304 gravari
3051 2209 3183 2306 (1).
3234 2211 3522 2304 Insuper
3565 2210 3796 2283 omnia
3839 2211 4000 2302 jura

1181 2334 1583 2409 eorumdem
1611 2336 2080 2424 scabinorum,
2118 2336 2379 2408 civium
2410 2346 2482 2408 et
2514 2334 2814 2408 civitatis
2849 2355 3116 2407 necnon
3155 2343 3226 2406 et
3263 2356 3503 2407 omnes
3537 2334 3750 2405 bonas
3781 2343 3852 2407 et
3881 2357 3999 2407 ra-

1176 2460 1537 2532 tionabiles
1556 2459 2094 2533 consuetudines
2115 2481 2295 2553 quas
2322 2459 2502 2531 intra
2519 2458 2631 2531 vel
2662 2467 2860 2530 extra
2891 2457 3237 2530 civitatem
3272 2456 3599 2531 habuisse
3621 2469 3999 2531 noscuntur

1176 2606 1335 2657 cum
1373 2584 1698 2655 omnibus
1723 2585 1952 2677 quein
1973 2585 2437 2680 suprascripto
2469 2582 2832 2678 privilegio
2861 2582 3323 2673 continentur,
3363 2580 3623 2655 eisdem
3653 2581 3743 2654 de
3778 2583 3997 2674 gratia

1175 2716 1408 2779 nostra
1454 2705 1965 2780 confirmamus.
2022 2709 2413 2780 Statuentoe
2460 2716 2532 2780 et
2586 2705 2924 2802 imperiali
2979 2706 3379 2778 auctoritate
3435 2703 3718 2777 firmiter
3767 2708 3999 2801 preci-

1176 2830 1441 2926 pientes
1473 2840 1551 2901 ut
1583 2830 1776 2903 nulla
1801 2830 2084 2905 omnino
2110 2852 2402 2926 persona
2436 2831 2574 2905 alta
2615 2830 2731 2903 vel
2772 2829 3091 2917 humilis,
3146 2828 3605 2904 ecclesiastica
3637 2830 3750 2901 vel
3789 2852 3999 2905 secu-

1176 2954 1366 3044 laris,
1408 2952 1757 3047 predictos
1786 2953 2071 3027 dilectos
2105 2952 2346 3028 fideles
2380 2963 2648 3027 nostros
2676 2961 2912 3027 contra
2947 2953 3284 3049 presentis
3317 2953 3660 3047 privilegii
3692 2964 3994 3028 tenorem

1178 3099 1387 3171 super
1421 3076 1776 3170 aliquibus
1814 3098 1993 3148 ausu
2028 3077 2391 3149 temerario
2425 3077 2782 3149 molestare
2818 3086 3207 3172 presumat3
3245 3077 3435 3171 quod
3477 3076 3600 3171 qui
3630 3099 3996 3173 presump-

1179 3198 1368 3289 serit,
1407 3210 1638 3295 preter
1673 3220 1925 3294 penam
1953 3198 2267 3295 predicto
2297 3199 2662 3295 privilegio
2705 3201 3120 3297 appositam,
3158 3210 3437 3272 centum
3472 3201 3802 3274 librarum
3836 3200 3993 3297 puri

1176 3321 1327 3394 auri
1356 3330 1757 3417 componat,
1794 3322 2236 3396 medietatem
2273 3322 2443 3396 fisco
2481 3334 2739 3414 nostro,
2774 3324 3118 3419 reliquam
3150 3323 3353 3396 dictis
3388 3322 3716 3398 fidelibus
3743 3326 3993 3399 nostris

1173 3445 1733 3542 persolvendam.
1760 3445 1849 3518 Ut
1882 3456 2115 3520 autem
2147 3447 2275 3519 hec
2303 3448 2659 3522 innovatio
2685 3456 2753 3522 et
2784 3446 3209 3521 confirmatio
3244 3448 3458 3520 nobur
3485 3449 3792 3521 obtineat
3822 3471 3995 3545 per-

1173 3579 1385 3666 petue
1418 3567 1791 3660 firmitatis,
1845 3591 2131 3665 presens
2182 3571 2631 3665 privilegium
2675 3568 2821 3644 fleri
2855 3580 2930 3643 et
2960 3570 3152 3643 bulla
3197 3592 3408 3644 aurea
3457 3572 3731 3668 typario
3765 3583 3994 3645 nostre

1170 3693 1548 3785 maJestatis
1578 3692 1910 3786 impressa
1929 3693 2266 3784 jussimus
2298 3695 2643 3787 insigniri.

1270 3816 1495 3908 HuJ‘us
1522 3817 1619 3887 rei
1659 3825 1862 3889 testes
1888 3826 2051 3889 sunt
2083 3843 2101 3888 z
2136 3818 2223 3889 Η.
2272 3818 2726 3907 Coloniensis,
2780 3817 2907 3891 Th.
2968 3819 3410 3893 Treverensis
3454 3818 3984 3918 archiepiscopi,

1183 3992 1200 4010 .
1263 3990 1285 4011 .
1346 3991 1365 4009 .
1422 3939 1640 4011 abbas
1669 3939 2125 4033 Prumiensis,
2188 3994 2205 4012 .
2269 3996 2288 4014 .
2352 3998 2371 4016 .
2428 3943 2644 4016 abbas
2677 3942 3205 4026 werdenensis,
3260 3943 3345 4014 Η.
3398 3943 3551 4016 dux
3586 3944 3983 4032 Brabantie‚

1177 4063 1263 4134 Η.
1295 4062 1723 4155 lantgravius
1744 4063 2100 4157 Turingie,
2133 4065 2337 4137 frater
2362 4066 2450 4138 H.
2486 4065 2811 4159 magister
2841 4066 3199 4162 hospitalis
3226 4067 3473 4140 Sancte
3497 4067 3710 4140 Marie
3745 4068 3992 4141 domus

1176 4185 1753 4259 Theutonicorum
1788 4182 1916 4282 [in]
1937 4188 2345 4279 Jerusalem,
2386 4188 2725 4260 Henricus
2747 4209 2979 4262 comes
2998 4188 3344 4262 Seineusis
3363 4242 3383 4279 ‚
3424 4189 3552 4262 Th.
3586 4210 3818 4263 comes
3848 4190 3994 4263 Cle·

1172 4310 1435 4401 vensis,
1476 4311 1561 4382 O.
1596 4330 1828 4382 comes
1859 4309 2225 4403 Gelrensis,
2266 4313 2382 4384 W.
2410 4333 2642 4387 comes
2664 4313 3120 4406 Juliaciensis‚
3158 4314 3235 4386 L.
3267 4335 3498 4387 comes
3519 4313 3988 4404 Hostadensis‚

1249 4590 1320 4663 (1)
1355 4590 1440 4648 Cf.
1476 4606 1641 4665 supra
1671 4592 2008 4668 privilegium
2036 4593 2250 4651 Heurici
2271 4580 2438 4667 regis.
2465 4598 2597 4652 tom.
2627 4593 2720 4665 111,
2750 4612 2806 4668 p.
2834 4595 2965 4666 us,
2993 4593 3087 4651 ubi
3114 4592 3216 4652 sub
3249 4593 3452 4654 eisdem
3474 4594 3657 4654 verbis
3686 4593 3994 4653 immunitas

1091 4697 1102 4706 ·
1173 4685 1363 4743 eadem
1388 4687 1720 4761 exprimitur.
