4842 5802
905 539 1261 620 thomna]
1837 539 2232 607 HISTORIA
2280 540 2870 605 DIPLOMATICA.
3647 543 3769 604 559

929 696 1112 757 ram;
1172 674 1516 768 quinimo
1553 675 1882 748 volumus
1924 685 2004 747 ut
2054 678 2331 772 penitus
2380 679 2471 750 ab
2518 678 2630 753 his
2675 678 3162 752 exactionibus
3207 679 3347 751 sint
3369 679 3673 773 exempti
3698 688 3768 751 et

928 798 1250 881 extracti,
1283 798 1450 891 quia
1478 797 1702 893 ipsam
1732 798 2092 872 ecclesiam
2115 801 2400 895 speciali
2432 802 2914 897 amplectimur
2936 802 3324 876 devotione.
3358 802 3766 877 Mandantes

932 921 1371 993 universitati
1412 929 1641 994 vestre
1677 918 1800 1019 [et]
1830 944 1950 1017 per
1977 923 2265 1016 gratiam
2301 935 2606 998 nostram
2639 924 2921 1001 firmiter
2941 926 3391 1021 precipientes
3421 935 3763 1020 quatenus

929 1045 1015 1117 de
1042 1044 1314 1139 reliquo
1347 1044 1613 1127 nullam
1646 1046 2107 1141 precariam-a
2139 1048 2286 1122 sale
2325 1072 2472 1144 quo
2504 1050 2818 1145 indigent
2862 1052 3161 1145 exigatis
3211 1052 3325 1125 vel
3366 1052 3754 1146 requiratis.

826 1176 863 1193 ··
930 1168 1131 1255 Quod
1153 1169 1281 1263 qui
1312 1190 1452 1241 non
1477 1170 1719 1242 fecerit
1761 1170 2309 1266 indignationem
2337 1175 2826 1271 omnipotentis
2857 1177 2982 1249 Dei
3026 1186 3097 1249 et
3129 1178 3345 1251 nostri
3384 1199 3462 1251 se
3492 1178 3762 1251 noverit

933 1292 1504 1367 certitudinaliter
1525 1293 1923 1369 incurrisse.

1018 1419 1270 1489 Datum
1315 1415 1511 1512 apud
1539 1420 1909 1514 Hagenau‚
1951 1443 2134 1494 anno
2167 1421 2517 1497 dominice
2560 1423 3048 1498 incarnationis
3089 1424 3585 1517 M.CC.XXXI,
3631 1428 3754 1499 XII

932 1542 1251 1616 calendas
1274 1542 1615 1636 januarii,
1655 1543 2033 1639 indictione
2059 1546 2326 1641 quinta.
2356 1570 2362 1583 '

1356 1814 2151 1827 ..w—m

1029 2100 1440 2208 HenricuS,
1481 2103 2002 2187 Romanorum
2038 2129 2210 2210 rex,
2249 2104 2513 2189 villam
2549 2103 2913 2187 Tatinriet
2949 2102 3243 2214 (Delle)
3292 2104 3390 2185 ab
3434 2102 3756 2213 Hugone
3923 2124 4049 2179 Apud

3839 2177 4105 2232 Htgcnowc
4118 2207 4133 2231 ‚

932 2233 1201 2317 abbate
1250 2234 1722 2320 Morhacensi
1776 2236 1859 2317 in
1913 2247 2206 2320 rectum
2262 2237 2579 2320 feudum
2627 2248 2989 2345 perpetuo
3042 2237 3583 2346 possidendam
3636 2260 3758 2317 re-
3814 2232 4138 2276 amman..

933 2366 1141 2474 cipit,
1183 2393 1273 2450 ea
1301 2368 1740 2452 conditione
1775 2377 1864 2451 ut
1906 2369 2190 2453 ibidem
2227 2370 2593 2478 oppidum
2641 2378 3032 2451 construat
3074 2368 3193 2478 cuj
3201 2396 3292 2450 us
3345 2377 3754 2477 proventus

937 2500 1343 2608 aequaliter
1370 2482 1375 2489 ⁸
1400 2528 1578 2584 cum
1648 2502 1925 2585 abbate
1997 2503 2316 2608 dividet,
2384 2528 2786 2612 nunquam
2849 2503 3319 2611 praedictum
3387 2501 3751 2609 oppidum

935 2657 1413 2743 quocumque
1447 2633 1668 2717 titulo
1703 2634 1803 2717 ab
1838 2634 2156 2741 imperio
2194 2634 2687 2718 alienaturus.

1086 2857 1365 2940 (Edider.
1413 2861 1830 2940 Senonum,
1857 2858 2052 2925 Alsat.
2084 2859 2410 2943 diplomat„
2462 2869 2509 2924 t.
2540 2863 2570 2924 1
2590 2908 2607 2942 ,
2652 2880 2713 2941 p.
2758 2871 2872 2925 366
2893 2908 2913 2937 ,
2961 2872 3026 2924 u⁰
3056 2871 3195 2936 463,
3226 2878 3303 2922 ex
3328 2861 3512 2924 tabul.
3543 2860 3753 2927 eccles,

1166 2965 1435 3027 Murbac.
1464 2999 1543 3012 —
1570 2968 1945 3043 Tnommr,
1975 2968 2237 3029 Monam.
2270 2966 2339 3028 do
2366 2965 2544 3029 l'anc.
2574 2966 2767 3030 έυὶοΙιέ
2793 2965 2862 3027 do
2888 2964 3053 3045 Bcilo,
3082 2974 3129 3028 t.
3160 2968 3227 3039 1,
3254 2976 3321 3027 n⁰
3352 2965 3520 3047 353.)

1024 3165 1102 3236 In
1136 3166 1414 3237 nomine
1446 3175 1682 3238 sancte
1719 3175 1789 3237 et
1828 3166 2192 3241 individue
2228 3166 2599 3238 Trinitatis.
2643 3167 2978 3238 Henricus
3017 3165 3256 3238 divina
3299 3166 3574 3238 favente
3612 3165 3751 3236 cle-

934 3288 1181 3361 mentia
1233 3290 1690 3363 Romanorum
1744 3312 1871 3363 rex
1919 3299 1987 3361 et
2038 3312 2306 3386 semper
2355 3299 2717 3384 augustus.
2761 3289 3135 3383 Condiguis
3187 3298 3348 3360 sunt
3398 3287 3753 3363 beneficiis

932 3411 1312 3487 honorandi
1345 3435 1641 3508 quorum
1668 3414 1966 3488 servitus
2000 3423 2069 3486 et
2104 3416 2451 3486 fructuosa
2482 3414 2817 3510 promotio
2862 3413 3108 3487 nostris
3139 3422 3207 3485 et
3243 3413 3512 3507 imperii
3549 3435 3752 3486 com-

937 3536 1157 3609 modis
1204 3559 1342 3611 non
1394 3536 1648 3611 desinit
1692 3533 2042 3611 in‘sudare.
2081 3540 2508 3634 Quapropter
2543 3539 2814 3612 noverit
2850 3531 2985 3611 tam
3037 3559 3316 3632 presens
3347 3546 3493 3610 etas
3536 3559 3748 3633 quam

938 3681 1332 3734 successura
1378 3662 1739 3757 posteritas
1784 3662 1977 3756 quod
2030 3662 2320 3734 dilectus
2362 3663 2687 3757 princeps
2748 3670 2976 3733 noster
3033 3662 3268 3753 Hugo,
3336 3660 3750 3733 venerabilis

936 3783 1389 3857 Morbacensis
1420 3786 1661 3875 abbas,
1705 3785 1797 3859 ad
1829 3795 2128 3858 nostram
2168 3785 2532 3858 instantem
2572 3783 2967 3879 petitionem
2994 3783 3227 3854 villam
3255 3782 3578 3855 Tatinriet
3609 3803 3749 3877 que

932 3927 1086 3978 cum
1146 3909 1334 3980 omni
1393 3908 1778 4003 integritate
1832 3920 1899 3982 et
1949 3907 2432 4002 jurisdictione
2487 3907 2582 3981 ad
2640 3905 2997 3979 ecclesiam
3053 3905 3406 4000 spectabat
3457 3905 3746 3977 Murba-

932 4050 1227 4120 oensem,
1267 4054 1428 4105 cum
1465 4027 1843 4106 medietate
1871 4034 2180 4106 omnium
2224 4031 2577 4105 redituum
2614 4040 2681 4104 et
2711 4038 3170 4127 proventuum
3199 4027 3508 4122 ejusdem
3548 4028 3740 4116 ville,

934 4125 1221 4251 excepto
1249 4159 1406 4248 jure
1423 4166 1820 4251 patronatus
1856 4159 2144 4231 ecclesie
2172 4166 2241 4229 et
2273 4157 2587 4246 decimi8‚
2627 4155 2825 4227 nobis
2847 4153 2917 4225 in
2958 4162 3226 4226 rectum
3252 4152 3537 4226 feudum
3571 4173 3751 4224 con-
3853 4139 3856 4144 ’

933 4280 1343 4354 tulit-libere
1391 4255 1765 4354 tenendam
1816 4291 1886 4354 et
1918 4291 2277 4378 perpetuo·
2315 4280 2842 4377 possidendam3
2891 4280 3007 4349 tali
3059 4277 3382 4351 videlicet
3437 4287 3634 4371 pacto
3684 4287 3755 4351 et

939 4402 1251 4475 condicto
1284 4411 1364 4474 ut
1394 4404 1473 4474 in·
1497 4405 1649 4477 loco
1672 4393 2280 4478 eodemmunitum
2314 4391 2653 4499 oppidum
2690 4411 3192 4492 construamus,
3232 4410 3304 4472 et
3328 4422 3565 4474 omnes
3590 4424 3754 4499 pro-

936 4533 1178 4596 ventus
1206 4524 1494 4617 judicii,
1537 4528 1996 4630 precariarum
2032 4536 2100 4600 et
2134 4527 2579 4600 exactionum
2627 4548 2753 4600 seu
2806 4525 3316 4622 possessionum
3371 4525 3550 4598 infra
3598 4548 3757 4598 am-

941 4642 1153 4719 bitum
1195 4648 1432 4745 oppidi
1471 4651 1805 4745 equaliter
1859 4651 2257 4724 dividamus
2293 4672 2466 4736 cum,
2509 4651 2759 4724 abbate
2806 4649 3091 4722 ecclesie
3127 4649 3630 4741 MurbacensiS‚
3686 4658 3757 4722 et
