4842 5802
1186 624 1311 686 602
2227 626 2573 688 nssmnlcl
2624 626 2978 689 SEPTmt-
3639 634 3802 716 [Ακκ.
3841 638 4012 700 1233.

1358 758 1548 837 (Edit.
1578 776 1671 838 ap.
1723 759 2079 836 seman,
2115 763 2265 824 Hire.
2309 763 2484 842 episc.
2527 762 2838 838 wormat„
2877 762 3010 827 cod.
3049 762 3322 845 proba,
3361 783 3425 843 p.
3461 775 3610 842 114,
3645 778 3714 830 n·
3738 769 4010 847 cxxm,

1432 882 1508 927 ex
1542 866 1766 931 archiv.
1797 869 1974 945 episc.
2006 867 2331 946 Wormat.)

1256 1022 1259 1025 ’
1290 1024 1650 1118 Henricus,
1685 1026 1808 1099 Dei
1827 1027 2044 1121 gratia
2062 1029 2528 1102 Romanorum
2558 1049 2688 1100 rex
2722 1036 2788 1101 et
2808 1048 3082 1124 semper
3111 1037 3479 1123 augustus,
3507 1033 3853 1106 universis
3879 1034 4011 1107 im-

1191 1148 1362 1242 perii
1396 1146 1720 1221 fidelibus
1749 1151 2039 1244 gratiam
2064 1174 2264 1226 suam
2301 1162 2371 1226 et
2392 1172 2600 1224 omne
2633 1150 2921 1224 bonum.
2955 1151 3098 1224 Hec
3127 1161 3232 1225 est
3254 1154 3472 1226 forma
3498 1156 4011 1251 compositionis

1186 1280 1421 1343 nostro
1465 1269 1838 1345 accedente
1871 1295 2213 1347 consensu
2265 1275 2442 1347 inter
2486 1273 2814 1347 dilectum
2857 1272 3237 1369 principem
3285 1287 3592 1348 nostrum
3636 1278 4008 1353 Henricum

1187 1394 1748 1468 wormatiensem
1781 1396 2182 1493 episcopum
2223 1420 2384 1470 cum
2427 1396 2716 1470 ecclesia
2741 1417 2870 1470 sua
2906 1405 2976 1469 et
3017 1397 3211 1470 cives
3245 1398 3804 1475 wormatienses.
3847 1403 4006 1477 Pre-

1187 1518 1446 1611 positus
1473 1520 1694 1611 major
1720 1520 1831 1593 vel
1858 1520 2165 1594 decanus
2197 1522 2308 1595 vel
2336 1531 2565 1593 custos
2602 1522 2795 1593 Nove
2829 1521 3125 1612 Domus,
3169 1543 3354 1594 unus
3384 1523 3707 1617 istorum,
3741 1526 4006 1618 jurabit

1182 1641 1255 1711 in
1285 1639 1584 1713 animam
1618 1642 1918 1737 episcopi
1950 1642 2139 1738 quod
2172 1645 2321 1740 ipse
2356 1644 2726 1740 episcopus
2758 1642 2965 1738 eliget
3000 1644 3177 1718 inter
3223 1645 3412 1718 cives
3442 1647 3535 1718 IX
3563 1636 3785 1741 cives,
3825 1671 4004 1744 quos

1180 1784 1329 1837 esse
1355 1764 1606 1837 viderit
1649 1765 1947 1861 potiores
1990 1778 2061 1840 et
2107 1767 2413 1841 utiliores
2449 1767 2581 1840 sibi
2617 1776 2687 1841 et
2723 1767 3014 1840 ecclesie
3053 1789 3136 1840 ac
3174 1768 3297 1841 toti
3329 1769 3619 1843 civitati.
3651 1771 3868 1846 Iidem
3907 1772 4001 1845 IX

1169 1889 1383 1982 jurati
1408 1889 1662 1982 eligent
1684 1890 1773 1961 Vl
1790 1890 2040 1964 milites
2062 1892 2134 1963 in
2164 1892 2442 1965 civitate
2466 1913 2643 1986 quos
2666 1912 2818 1965 esse
2845 1890 3263 1965 crediderint
3283 1893 3580 1987 potiores
3606 1904 3674 1967 et
3698 1895 4002 1970 utiliores

1176 2013 1537 2107 episcopo,
1592 2014 1877 2087 ecclesie
1915 2036 1999 2089 ac
2035 2014 2322 2087 civitati.
2362 2015 2495 2100 Qui
2527 2015 2652 2087 XV
2684 2035 2826 2086 una
2859 2034 3019 2085 cum
3055 2014 3375 2110 episcopo
3416 2036 3688 2111 semper
3715 2019 4000 2094 consilio

1176 2135 1648 2232 presidebunt.
1692 2137 1897 2222 Quod
1918 2138 1976 2209 si
2011 2136 2372 2234 episcopus
2396 2138 2552 2210 ierit
2577 2146 2776 2210 extra
2802 2136 3257 2232 provinciam,
3289 2158 3651 2231 personam
3675 2138 3998 2213 idoneam

1171 2281 1310 2354 que
1345 2260 1622 2333 nomine
1657 2283 1787 2334 suo
1825 2264 2110 2336 oonsilio
2155 2263 2526 2360 presideat,
2568 2261 2998 2355 subrogabit.
3043 2261 3210 2333 Item
3241 2260 3610 2359 episcopus
3644 2284 3801 2336 cum
3850 2266 3997 2337 istis

1166 2383 1291 2455 XV
1327 2406 1534 2479 super
1557 2385 2022 2476 juramentum
2057 2388 2412 2482 prestitum
2442 2386 2698 2480 eligent
2743 2386 3111 2459 scultetum
3160 2408 3319 2458 cum
3366 2386 3680 2459 officiatis
3715 2388 3785 2459 in
3821 2387 3996 2462 festo

1164 2507 1476 2598 Martini,
1515 2509 1606 2580 ita
1629 2510 1817 2604 quod
1846 2533 1974 2584 nec
2001 2511 2367 2605 episcopus
2396 2531 2528 2581 nec
2556 2509 2688 2605 ipsi
2718 2507 2844 2580 XV
2881 2530 3190 2602 unquam
3217 2511 3502 2603 exigent
3523 2512 3639 2585 vel
3665 2511 3998 2606 recipient

1164 2629 1329 2702 inde
1367 2630 1671 2725 aliquam
1708 2634 2107 2727 pecuniam,
2160 2634 2328 2705 tales
2376 2632 2698 2726 eligendo
2749 2632 2873 2726 qui
2921 2633 3186 2727 possint
3242 2634 3567 2729 episcopo
3611 2643 3680 2707 et
3733 2636 3995 2708 civitati

1165 2754 1425 2825 servire
1450 2808 1468 2842 ,
1533 2754 1791 2826 nullam
1840 2755 2231 2838 amicitiam,
2258 2757 2370 2828 vel
2427 2753 2850 2827 inimicitiam
2889 2754 2961 2826 in
3005 2753 3116 2827 his
3168 2754 3510 2850 eligendis
3542 2757 3987 2832 attendendo.

1164 2875 1331 2948 Item
1367 2875 1459 2948 ad
1499 2877 2055 2952 constituendum
2088 2879 2521 2953 exactionem
2560 2878 2674 2951 vel
2711 2877 2985 2973 ungelt,
3042 2877 3410 2974 episcopus
3452 2900 3609 2951 cum
3663 2877 3993 2975 predictis

1164 2999 1289 3070 XV
1318 2997 1408 3070 de
1441 2999 1750 3092 qualibet
1783 3002 2108 3096 parochia
2139 3004 2229 3075 IV
2264 3004 2453 3076 viros
2496 3010 2840 3089 assumet,
2896 3024 3134 3076 eorum
3192 3013 3262 3077 et
3294 3004 3419 3075 XV
3449 3003 3991 3076 consiliariorum

1163 3122 1447 3194 consilio
1486 3122 1783 3196 civitatis
1819 3124 2188 3198 commodo
2213 3126 2638 3221 provisurus.
2666 3126 2738 3197 Si
2769 3146 2953 3197 unus
2988 3147 3080 3198 ex
3111 3124 3244 3197 illis
3267 3126 3365 3197 IX
3391 3123 3791 3215 decesserit,
3852 3125 3991 3220 epi-

1163 3267 1417 3340 scopus
1452 3247 1742 3319 alterum
1779 3247 2146 3321 substituet
2182 3250 2315 3322 sub
2349 3251 2567 3322 forma
2592 3248 2839 3345 prioris
2867 3249 3239 3341 juramenti
3268 3275 3291 3339 ;
3332 3249 3393 3320 si
3430 3247 3522 3321 de
3541 3249 3629 3320 Vl
3654 3248 3988 3321 militibus

1161 3371 1529 3464 quisquam
1567 3368 1970 3460 decesserit,
2008 3373 2103 3444 illi
2124 3374 2215 3445 1x
2234 3374 2516 3468 prestito
2538 3375 2930 3464 juramento
2957 3374 3091 3444 sub
3118 3373 3336 3444 forma
3360 3371 3665 3467 predicta
3696 3372 3986 3444 alterum

1162 3492 1659 3586 subrogabunt.
1702 3494 1774 3566 Si
1811 3495 1968 3589 quis
2006 3518 2170 3569 vero
2213 3497 2337 3568 XV
2384 3495 2928 3569 consiliariorum
2980 3503 3214 3568 contra
3257 3497 3725 3588 jurameutum
3778 3517 3983 3568 suum

1160 3617 1464 3709 venerit,
1507 3618 1862 3692 convictus
1890 3618 2165 3693 duabus
2191 3621 2302 3693 vel
2335 3619 2557 3691 tribus
2583 3618 2893 3713 personis
2921 3618 3013 3692 de
3047 3618 3386 3692 consortio
3422 3639 3552 3691 suo
3584 3619 3986 3693 anctoritate

1160 3739 1463 3835 episcopi
1498 3762 1539 3813 a
1573 3743 1859 3816 consilio
1906 3743 2251 3835 ejicietur,
2306 3743 2519 3818 altero
2555 3740 2655 3814 illi
2704 3741 2837 3816 sub
2876 3743 3096 3815 forma
3148 3741 3358 3837 priori
3388 3741 3858 3834 subrogando.
3909 3742 3983 3814 Si

1163 3861 1250 3935 de
1276 3865 1365 3936 VI
1396 3864 1732 3939 militibus
1765 3866 2015 3962 aliquis
2051 3889 2128 3941 se
2163 3890 2291 3963 per
2321 3889 2584 3941 annum
2618 3866 3115 3957 absentaverit,
3158 3866 3327 3938 alter
3359 3866 3430 3938 in
3464 3865 3694 3939 locum
3722 3866 3873 3957 ejus
3894 3866 3984 3938 ab

1162 3986 1296 4058 illis
1336 3987 1431 4058 IX
1457 3988 1747 4081 eligetur
1790 4015 1807 4059 ε
1853 3990 1910 4060 si
1942 4012 2106 4064 vero
2135 3989 2224 4063 de
2247 3991 2341 4061 IX
2370 3991 2644 4064 civibus
2671 4011 2746 4062 se
2775 3990 3028 4083 aliquis
3050 4010 3176 4085 per
3198 4010 3459 4062 annum
3486 3987 3977 4070 absentaverit,

1162 4106 1484 4181 dominus
1521 4110 1887 4206 episcopus
1933 4112 2004 4182 in
2047 4113 2276 4184 locum
2311 4113 2466 4203 ejus
2499 4112 2786 4183 alterum
2824 4111 3252 4208 subrogabit.
3295 4112 3369 4183 Si
3415 4110 3573 4205 quis
3622 4118 3854 4182 autem
3894 4106 3984 4180 de

1158 4233 1284 4305 XV
1321 4233 1725 4305 consiliariis
1760 4235 2233 4329 peregrinatus
2254 4235 2496 4326 fuerit,
2538 4235 2710 4306 alter
2740 4257 2962 4330 usqne
2991 4233 3084 4308 ad
3120 4234 3420 4309 reditum
3453 4233 3640 4305 illius
3678 4252 3984 4305 assume·

1161 4365 1306 4446 tur,
1347 4357 1440 4430 ita
1468 4358 1659 4453 quod
1692 4358 1748 4430 si
1792 4358 1996 4431 fuerit
2044 4359 2273 4449 mileS,
2325 4360 2419 4430 IX
2463 4361 2779 4433 consules
2819 4359 3108 4433 alterum
3157 4358 3441 4431 militem
3485 4364 3866 4444 assument,
3925 4356 3983 4429 si

1163 4479 1367 4550 fuerit
1398 4481 1608 4575 civis,
1648 4482 2012 4578 episcopus
2042 4483 2328 4556 alterum
2368 4484 2592 4556 civem
2629 4483 3021 4556 substituet.
3051 4483 3140 4555 Ut
3175 4491 3405 4556 autem
3432 4481 3563 4554 hec
3592 4489 3739 4552 rata
3767 4489 3835 4551 et
3860 4479 3983 4550 in-

1166 4606 1497 4678 convulsa
1528 4616 1978 4701 permaneant
1998 4617 2068 4679 et
2094 4608 2578 4681 inviolabiliter
2611 4607 3098 4695 observentur,
3140 4609 3427 4680 formam
3469 4604 3648 4677 hanc
3687 4623 3982 4699 compo-

1166 4726 1430 4799 sitionis
1448 4728 1670 4821 sigillo
1696 4738 1925 4803 nostre
1950 4730 2381 4804 celsitudinis
2398 4731 2735 4823 jussimus
2765 4731 3096 4806 roborari.
3153 4721 3160 4726 ’
