4842 5802
1160 595 1283 658 928
2156 598 2585 661 nummum
2636 598 2982 660 secutum
3609 598 3975 682 [Anu-1236.

1399 732 1657 811 sigillum
1683 735 1887 811 perlit,
1915 741 2257 798 remanente
2284 743 2517 799 tantum
2542 742 2709 815 parte
2733 739 3031 814 superiore
3054 733 3291 796 filorum
3315 738 3635 797 micorum
3675 736 3884 798 viridis
3908 753 3982 799 ac

1405 840 1657 899 caerulei
1675 840 1934 914 coloris.)

1259 1048 1694 1149 Conr[adus]‚
1728 1052 1851 1124 Dei
1880 1054 2100 1146 gratia
2132 1075 2257 1126 rex
2289 1054 2929 1149 lerosolymitanns,
2961 1052 3237 1148 gloriosi
3269 1054 3730 1125 Romanorum
3760 1053 3979 1147 impe-

1161 1176 1404 1248 ratoris
1452 1188 1682 1249 natus.
1730 1177 1994 1250 Tenore
2039 1178 2460 1273 presentium
2515 1188 2753 1251 notum
2801 1176 2948 1250 fieri
2998 1179 3316 1271 cupimus
3365 1186 3505 1248 tam
3547 1177 3978 1270 presentibus

1161 1321 1370 1393 quam
1419 1300 1702 1386 futuris,
1757 1298 1947 1393 quod
1994 1322 2151 1371 cum
2204 1322 2431 1373 coram
2481 1300 2795 1373 Conrado
2850 1301 3277 1394 butegelario
3326 1299 3415 1372 de
3467 1300 3970 1391 Nuoerinberc,

1162 1423 1565 1497 anctoritate
1598 1421 1862 1495 domini
1897 1433 1965 1496 et
1994 1424 2206 1519 patris
2244 1424 2457 1497 nostri
2504 1435 2573 1496 et
2608 1434 2835 1497 nostra
2872 1424 3139 1515 judicio
3177 1422 3567 1517 presidente
3600 1421 3729 1517 (a),
3771 1443 3977 1517 super

1164 1546 1364 1617 bonis
1397 1568 1536 1640 que
1562 1546 1922 1618 Heinricus
1957 1556 2027 1618 et
2057 1548 2487 1620 Hermannus
2527 1546 2647 1618 filii
2688 1547 3041 1641 quondam
3073 1540 3510 1640 Her[manni]
3543 1544 3973 1640 Ambergarii

1166 1668 1491 1741 fratribus
1536 1670 1890 1764 hospitalis
1932 1671 2180 1742 Sancte
2223 1671 2438 1743 Marie
2485 1669 2734 1742 domus
2774 1670 3346 1742 Theutonicorum
3398 1669 3471 1740 in
3510 1668 3976 1740 Nuoerinberc

1168 1812 1292 1885 per
1321 1814 1569 1864 manns
1605 1793 1940 1864 salmanni
1972 1793 2185 1865 libere
2221 1793 2691 1882 contulerunt,
2726 1793 2902 1864 inter
2940 1792 3217 1864 eosdem
3256 1793 3494 1864 fratres
3527 1814 3610 1864 ac
3641 1791 3977 1885 hospitale

1168 1915 1471 2009 ipsorum
1511 1938 1602 1988 ex
1641 1937 1783 1987 una
1821 1926 2011 2011 parte
2051 1925 2121 1989 et
2158 1917 2459 1988 Ulricum
2496 1915 2585 1988 de
2613 1916 2853 1987 Lintba
2885 1924 2954 1987 et
2988 1916 3426 1988 Reinmarum
3464 1915 3555 1987 de
3592 1915 3976 1988 Crumbach

1166 2040 1515 2132 agentium
1554 2038 1705 2132 (sic)
1741 2040 2017 2112 nomine
2050 2039 2509 2132 Kunegundis
2541 2051 2610 2111 et
2645 2038 3041 2111 Mabtbildis
3078 2059 3374 2111 uxorum
3411 2061 3690 2111 suarum
3738 2060 3831 2111 ex
3866 2038 3976 2110 al-

1164 2172 1347 2248 tera,
1389 2162 1511 2235 diu
1553 2163 1717 2234 hinc
1753 2163 1917 2236 inde
1953 2165 2222 2257 questio
2255 2174 2668 2252 verteretur3
2709 2164 2983 2237 tandem
3037 2163 3247 2235 iidem
3285 2164 3524 2234 fratres
3573 2185 3694 2255 per
3730 2163 3972 2234 vivum

1165 2287 1625 2358 testimonium
1659 2296 1728 2358 et
1754 2308 1996 2359 verum
2028 2288 2463 2360 salmannnm
2500 2287 3038 2381 comprobabant
3060 2287 3250 2380 quod
3287 2287 3470 2360 dicte
3508 2308 3773 2359 sorores
3802 2296 3972 2359 tem·

1165 2430 1332 2503 pore
1365 2408 1751 2482 donationis
1784 2409 2049 2482 eisdem
2082 2411 2317 2500 bonis,
2358 2411 2682 2484 videlicet
2709 2411 2982 2484 duabus
3018 2412 3195 2483 areis
3232 2411 3382 2483 sitis
3414 2433 3454 2482 a
3486 2411 3695 2483 latere
3725 2410 3974 2484 domus

1163 2531 1438 2625 lapidee
1473 2533 1987 2623 monachorum,
2020 2536 2140 2606 uni
2170 2536 2343 2607 curti
2384 2532 2576 2628 apud
2605 2536 2973 2623 Monetam,
3000 2535 3311 2628 quinque
3343 2533 3668 2623 macellis,
3699 2534 3974 2607 duobus

1163 2657 1460 2728 scamnis
1494 2658 1720 2752 paniS,
1763 2659 1881 2728 uni
1922 2658 2241 2729 cubiculo
2277 2659 2347 2729 in
2379 2679 2521 2752 quo
2555 2658 2808 2730 ferrum
2840 2658 3191 2747 venditur,
3231 2658 3507 2751 publice
3534 2657 3862 2730 cesserint
3893 2679 3975 2730 ac

1162 2780 1262 2851 eis
1290 2780 1842 2852 renunciaverint
1867 2782 2072 2871 Juxta
2103 2802 2386 2853 morem.
2421 2780 2620 2853 Unde
2649 2780 2908 2853 eisdem
2936 2777 3165 2852 Ulrico
3189 2790 3258 2853 et
3279 2780 3668 2853 Reinmario
3695 2802 3736 2852 a
3766 2803 3973 2853 causa

1164 2903 1599 2994 cadentibus,
1629 2904 1795 2977 dicti
1822 2906 2060 2977 fratres
2093 2905 2407 2996 ejusdem
2442 2905 2800 3000 hospitalis
2833 2906 3276 2999 optinuerunt
3310 2905 3795 2978 sententialiter
3823 2907 3974 3002 ipsa

1161 3027 1343 3098 bona
1377 3026 1469 3099 ad
1503 3046 1579 3096 se
1617 3027 1917 3121 legitime
1952 3029 2313 3121 pertinere.
2352 3029 2569 3121 Igitur
2603 3049 2761 3099 cum
2799 3050 2918 3122 per
2943 3028 3245 3101 eundem
3280 3028 3778 3122 butegelarium
3813 3051 3973 3125 pre-

1164 3149 1373 3220 missa
1410 3148 1609 3220 nobis
1645 3150 1917 3243 plenius
1954 3150 2451 3239 constitissent,
2494 3150 2563 3221 in
2606 3152 3157 3246 protestationem
3194 3151 3591 3224 eorumdem
3625 3162 3973 3248 presentes

1166 3272 1424 3345 litteras
1461 3269 1603 3345 fieri
1642 3274 1965 3362 fecimus,
2003 3282 2071 3345 et
2097 3273 2299 3366 sigilli
2336 3274 2548 3345 nostri
2583 3274 2962 3347 munimine
2994 3275 3328 3346 roborari.

1262 3395 1495 3467 Testes
1520 3405 1681 3466 sunt
1708 3396 1804 3467 hii
1829 3422 1846 3466 :
1869 3396 2226 3470 Conradus
2247 3397 2597 3490 quondam
2622 3398 2948 3469 scultetus
2964 3397 3190 3469 dictus
3209 3398 3521 3490 Bigenot,
3669 3397 3975 3471 minister

1166 3518 1256 3590 de
1277 3518 1699 3613 Ckuedorpf,
1731 3521 2161 3593 Hermannus
2187 3518 2542 3612 quondam
2567 3519 2897 3590 scultetus
2918 3516 3145 3590 dictus
3168 3518 3513 3613 Anguilla,
3536 3519 3975 3593 Eberhardus

1163 3642 1531 3733 scultetus,
1572 3642 1840 3713 Ulricus
1891 3640 2116 3714 dictus
2165 3641 2618 3730 Tuirbrecbe,
2674 3640 3080 3713 Bertboldus
3131 3642 3567 3728 ScutelocuS,
3621 3641 3973 3714 Conradus

1165 3765 1595 3855 ScutelocuS,
1632 3764 2009 3837 Volkoldus
2048 3764 2230 3836 filius
2262 3763 2615 3850 Volkoldi,
2658 3773 2727 3835 et
2756 3763 2869 3835 alii
2905 3785 3113 3856 quam
3149 3765 3403 3858 plures.

1256 3887 1504 3959 Actum
1572 3888 1765 3982 apud
1830 3889 2332 3977 Nuoerinberc,
2403 3909 2588 3960 anno
2655 3886 2999 3959 dominice
3067 3888 3553 3960 incarnationis
3611 3888 3974 3961 millesimo

1160 4009 1576 4102 CCXXXVI,
1618 4034 1854 4085 mense
1890 4011 2310 4101 decembris,
2357 4010 2624 4084 decime
2662 4009 3095 4101 indictionis,
3138 4012 3448 4084 feliciter.
3488 4011 3736 4085 Amen.

1245 4236 1327 4317 (a)
1370 4238 1487 4316 Ap.
1516 4238 1773 4300 Menum.
1803 4239 1986 4314 Boio„
2009 4235 2379 4319 presidentis.
