4842 5802
796 2369 988 2414 vitetbtt
1002 2400 1015 2414 .

820 2425 849 2467 b
866 2425 992 2469 mm·

1154 625 1278 689 842
2153 628 2593 692 rmnssnlct
2644 626 2994 689 ssscumm
3597 629 3761 717 [Ant.
3796 633 3968 699 1236.

1162 760 1512 852 cellarius,
1548 759 1705 833 vice
1730 761 1992 835 domini
2020 759 2296 837 Siferidi
2328 763 2731 858 maguntine
2759 762 2948 836 sedis
2972 761 3469 861 archiepiscopi
3499 777 3571 842 et
3596 768 3670 841 in
3695 770 3977 847 Germa·

1159 883 1278 957 nia
1310 883 1925 978 archicancellarii,
1969 888 2365 982 recognovi.
3731 900 3734 901 ’

1258 1006 1431 1082 Acta
1462 1019 1625 1081 sunt
1648 1008 1780 1083 hec
1810 1031 1994 1084 anno
2021 1011 2366 1085 dominice
2394 1010 2883 1085 incarnationis
2925 1011 3293 1086 millesimo
3336 1013 3813 1090 ducentesimo
3854 1018 3977 1090 tri·

1162 1132 1418 1205 oesimo
1447 1141 1678 1226 sexto,
1715 1154 1955 1207 mense
1989 1134 2238 1226 madii,
2292 1155 2475 1207 none
2520 1133 2952 1228 indictionis,
2993 1136 3373 1232 imperante
3413 1138 3700 1213 domino
3742 1149 3979 1215 nostro

1157 1253 1502 1330 Friderico
1541 1257 1852 1331 secundo
1902 1258 2026 1331 Dei
2077 1258 2297 1351 gratia
2345 1258 2813 1332 Romanorum
2860 1259 3272 1355 imperatore
3324 1283 3597 1359 semper
3638 1274 3969 1360 augusto,

1160 1379 1533 1451 Ierusalem
1563 1388 1634 1452 et
1656 1380 1890 1454 Sicilie
1917 1402 2121 1476 rege,
2160 1382 2448 1455 Romani
2480 1382 2747 1476 imperii
2775 1383 2928 1474 eJ‘us
2957 1404 3141 1456 anno
3177 1384 3470 1480 septimo
3508 1386 3815 1478 decimo,
3863 1390 3976 1464 Je-

1160 1503 1457 1575 rusalem
1486 1503 1859 1577 undecimo
1875 1558 1897 1597 ,
1946 1506 2143 1599 regni
2175 1526 2343 1578 vero
2367 1507 2521 1598 ejus
2551 1506 2779 1578 Sicilie
2806 1527 2990 1579 anno
3016 1507 3362 1583 tricesimo
3386 1511 3679 1606 septimo
3695 1569 3713 1601 ,
3764 1512 3978 1587 felici-

1157 1635 1282 1699 ter.
1308 1624 1552 1699 Amen.

1254 1751 1508 1824 Datum
1534 1751 1724 1847 apud
1757 1752 2290 1848 Wetphelariam
2307 1806 2329 1845 ,
2372 1774 2592 1845 anno,
2628 1774 2903 1843 mense,
2940 1754 3315 1831 indictione
3342 1757 3762 1855 prescriptis.

1626 2064 1956 2077 ——m—--ae
1968 2069 2119 2076 ——.--—›-
2133 2069 2540 2077 ‚unu—*—
2555 2071 2570 2077 -
2582 2070 3507 2084 n—-oae--o—-n———n—-ffl

1257 2349 1668 2460 Gregorius
1756 2376 1956 2460 papa
2029 2349 2593 2462 archiepiscopo
2669 2352 3116 2464 Maguntino
3185 2353 3506 2437 mandat
3584 2364 3672 2439 ut
3739 2355 3978 2441 electo

1150 2482 1416 2566 Worm
1424 2483 1723 2591 atiensi,
1783 2482 1847 2565 si
1885 2482 2199 2593 aliquod
2249 2484 2706 2569 canonicum
2743 2510 2900 2569 non
2964 2484 3300 2596 obsistit,
3341 2511 3629 2570 munus
3687 2511 3974 2572 couse-

1148 2615 1506 2700 crationis
1553 2616 1972 2725 impendat.

1206 2927 1213 2934 ο
1312 2823 1502 2909 (Edit.
1541 2845 1638 2908 ap.
1674 2831 2118 2906 Wunnrwm,
2165 2831 2310 2894 Nov-
2354 2827 2574 2894 mbeid.
2621 2826 2946 2913 diplomat„
2973 2836 3024 2894 t.
3063 2832 3183 2909 IX,
3209 2849 3277 2913 p.
3323 2840 3430 2911 10,
3459 2848 3538 2897 ex
3572 2839 3788 2916 regest.
3820 2834 3979 2898 Gre-

1389 2951 1520 3014 gor.
1549 2936 1661 3011 lx,
1691 2952 1850 2998 anno
1871 2936 1952 3011 X,
1980 2946 2047 2999 n⁶
2074 2940 2202 3013 69.)

1248 3122 1617 3216 Gregorius
1639 3179 1655 3209 ,
1690 3129 1862 3216 etc.‚
1903 3121 2288 3196 venerabili
2320 3122 2508 3195 fratri
2532 3121 3051 3220 archiepiscopo
3071 3122 3476 3217 Maguntino
3491 3122 3824 3216 salutem,'
3839 3133 3971 3199 etc.

1153 3248 1282 3319 Per
1317 3246 1576 3319 litteras
1632 3254 1790 3318 tuas
1836 3266 1927 3318 an
1972 3245 2065 3319 ad
2118 3245 2698 3319 consecrationem
2748 3245 2981 3320 dilecti
3025 3243 3149 3318 filii
3205 3299 3224 3317 .
3286 3297 3306 3318 .
3366 3298 3388 3317 .
3445 3244 3976 3320 Wormaciensis

1155 3371 1355 3444 electi
1392 3368 1766 3466 procedere
1796 3367 2078 3461 debeas,
2118 3367 2502 3463 quesivisti.
2529 3368 2703 3441 Cum
2736 3368 2952 3462 igitur
2985 3368 3078 3442 ad
3110 3368 3505 3443 instantiam
3531 3368 3874 3442 karissimi
3903 3369 3977 3441 in

1157 3494 1425 3568 Christo
1465 3492 1588 3566 filii
1633 3493 1849 3566 nostri
1882 3492 1958 3564 F.
1999 3491 2461 3565 Romanorum
2504 3490 2937 3587 imperatoris
2993 3512 3267 3587 semper
3313 3492 3593 3586 augusti
3610 3548 3628 3580 ,
3687 3512 3979 3566 venera·

1154 3618 1414 3692 bilibus
1437 3617 1765 3690 fratribus
1787 3615 2039 3689 nostris
2057 3614 2501 3688 Ildesemensi
2516 3623 2584 3688 et
2597 3614 3078 3711 Ratisponensi
3093 3614 3434 3712 episcopis
3459 3616 3976 3709 inquisitionem

1157 3764 1366 3838 super
1396 3739 1816 3836 quibusdam
1847 3741 1937 3814 de
1971 3740 2233 3835 prefato
2272 3739 2488 3813 electo
2517 3738 3064 3813 commiserimus
3093 3738 3482 3814 faciendam
3514 3761 3646 3813 nec
3675 3740 3976 3813 fueritin

1164 3868 1316 3964 ipsa
1348 3887 1745 3962 processum
1760 3918 1782 3959 ‚
1823 3866 1940 3937 illo
1976 3864 2248 3937 interim
2300 3863 2505 3938 bonis
2534 3863 3046 3960 episcopalibus
3081 3863 3375 3961 spoliato
3393 3917 3415 3958 ,
3470 3872 3746 3959 propter
3786 3863 3977 3959 quod

1163 3989 1351 4065 idem
1401 3990 1494 4064 ad
1523 3990 1772 4065 Sedem
1803 3988 2268 4085 Apostolicam
2316 3987 2762 4083 personaliter
2812 3987 3148 4063 laboravit
3196 3986 3348 4086 (ης
3405 3988 3809 4063 fraternitati
3861 3998 3981 4062 tue

1166 4115 1578 4190 mandamus
1612 4123 1956 4210 quatenus
2009 4135 2096 4186 ne
2142 4111 2675 4185 Wormaciensis
2719 4112 3008 4186 ecclesia
3059 4111 3282 4185 taliter
3328 4121 3601 4185 maneat
3653 4110 3979 4186 destituta

1167 4252 1477 4341 pastore,
1513 4239 1886 4335 assumptis
1923 4236 2202 4311 duobus
2237 4238 2352 4310 vel
2378 4236 2598 4308 tribus
2635 4234 3089 4330 suffraganeis
3127 4235 3303 4321 tuis,
3349 4235 3577 4309 eidem
3622 4236 3874 4327 electo,
3919 4237 3979 4310 si

1167 4364 1458 4463 aliquod
1488 4363 1897 4438 canonicum
1926 4385 2065 4436 non
2095 4362 2401 4452 obsistit,
2439 4383 2694 4434 munus
2720 4360 3250 4434 consecrationis
3274 4358 3661 4456 impendas.

1266 4493 1517 4565 Datum
1545 4488 1868 4581 viterbii,
1900 4486 1989 4559 111
2016 4507 2237 4561 nonas
2266 4486 2433 4560 maii
2451 4539 2471 4577 ,
2505 4482 2941 4583 pontificatus
2971 4484 3183 4559 nostri
3219 4504 3402 4558 anno
3435 4482 3732 4559 decimo.

1234 4745 1313 4819 (t)
1349 4744 1472 4805 vid.
1498 4759 1691 4820 supra,
1717 4760 1776 4819 p.
1801 4745 1938 4817 778,
1966 4749 2079 4804 not.
2104 4745 2159 4804 2.
