4842 5802
843 730 1047 790 limet.
1077 725 1164 808 7.]
1743 719 2141 784 HISTORIA
2186 717 2785 781 anLoMATch.
3552 705 3675 768 669

1329 1006 1515 1024 *antu—⁷0·-

957 1303 1328 1386 Henricus
1340 1362 1367 1409 ,
1408 1280 1931 1397 Romanorum
1966 1325 2137 1404 rex,
2184 1299 2287 1383 ad
2343 1298 2781 1407 petitionem
2835 1295 3202 1379 Bernardi
3255 1292 3551 1378 abbatis
3594 1305 3668 1377 et

856 1446 1271 1521 conventus
1315 1432 1756 1517 monasterii
1792 1433 1887 1515 de
1929 1431 2143 1515 Buch
2154 1492 2179 1535 ,
2240 1431 2444 1513 idem
2498 1428 3047 1513 monasterium
3079 1446 3261 1510 'cum
3309 1426 3668 1509 omnibus

857 1567 1080 1651 bonis
1116 1566 1280 1676 ejus
1317 1567 1397 1647 in
1433 1565 1894 1675 protectione
1949 1591 2090 1648 sua
2126 1563 2468 1672 suscipit,
2509 1564 2729 1671 eique
2771 1562 2976 1644 bona
3022 1586 3162 1643 sua
3204 1560 3349 1642 sita
3401 1561 3480 1641 in
3512 1558 3665 1643 Ni-

856 1699 1336 1784 dabudowitz
1372 1709 1449 1782 et
1489 1698 1861 1807 Kogelant
1894 1696 2119 1805 pleno
2147 1695 2323 1805 jure
2356 1694 2649 1779 confert
2681 1704 2757 1776 et
2789 1694 3052 1776 donat.

1022 1912 1215 1986 (Edit.
1251 1928 1345 1988 ap.
1379 1911 1775 1973 Senonrresn
1815 1864 1875 1972 et
1901 1912 2193 1984 Knnvsro,
2214 1907 2624 1989 Diplomatar„
2651 1915 2701 1969 t.
2733 1908 2814 1982 ΙΙ,
2843 1925 2899 1987 p.
2937 1916 3043 1968 181
3070 1927 3087 1980 ;
3116 1908 3251 1968 coll.
3296 1923 3434 1968 cnm
3474 1908 3667 1986 origi-

1097 2016 1220 2078 nali
1244 2019 1309 2076 tn
1329 2016 1571 2077 archivo
1594 2017 1932 2090 Dresdensl,
1961 2026 2029 2076 n⁰
2059 2024 2198 2094 319,
2228 2015 2388 2075 unde
2413 2014 2629 2092 pendet
2653 2013 2848 2073 adhuc
2873 2011 3132 2089 sigillum
3159 2010 3444 2091 cereum.)

957 2200 1035 2272 In
1070 2200 1347 2273 nomine
1392 2208 1627 2273 sancte
1680 2209 1750 2272 et
1802 2199 2168 2273 individue
2212 2199 2579 2271 Trinitatis.
2635 2197 2994 2270 Heinricus
3042 2200 3374 2293 septimus
3429 2200 3671 2272 divina

861 2322 1133 2396 favente
1167 2325 1530 2397 clementia
1567 2325 2028 2397 Romanorum
2069 2345 2198 2395 rex
2251 2332 2320 2394 et
2366 2344 2638 2417 semper
2681 2330 3043 2415 augustus.
3095 2321 3206 2394 Ad
3259 2322 3389 2394 hoc
3435 2323 3672 2396 divina

864 2445 1269 2540 disponente
1296 2446 1735 2543 providentia
1765 2447 1858 2519 ad
1884 2446 2082 2540 regni
2106 2446 2572 2541 gubernacula
2601 2466 2726 2517 nos
2761 2443 3105 2516 credimus
3135 2445 3561 2536 sublimatos,
3594 2456 3671 2517 ut

861 2569 1012 2642 loca
1040 2570 1284 2643 divino
1310 2571 1528 2642 cultui
1558 2571 1946 2666 mancipata
1981 2580 2336 2642 teneamur
2361 2569 2765 2642 liberalitate
2806 2569 2997 2662 regia
3029 2590 3469 2663 promovere,
3520 2592 3672 2643 ser-

863 2714 1250 2788 vorumque
1275 2695 1399 2767 Dei
1444 2694 1855 2767 utilitatibus
1891 2694 1964 2766 in
2001 2692 2520 2766 confirmatione
2555 2692 3076 2788 privilegiorum
3120 2700 3499 2764 nostrorum
3540 2716 3670 2767 nec

867 2838 1004 2890 non
1041 2817 1113 2889 in
1151 2819 1303 2890 aliis
1338 2818 1834 2914 temporalibus
1860 2817 2187 2892 subsidiis
2212 2816 2606 2889 subvenire.
2651 2816 2932 2888 Noverit
2979 2816 3190 2909 igitur
3217 2825 3358 2888 tam
3394 2838 3672 2911 presens

870 2951 1013 3014 etas
1044 2963 1255 3036 quam
1286 2964 1687 3015 successura
1717 2943 2078 3038 posteritas
2121 2941 2311 3035 quod
2342 2962 2471 3014 nos
2510 2941 2601 3013 ob
2623 2942 3073 3014 reverentiam
3095 2942 3494 3016 intemerate
3520 2945 3674 3015 vir-

868 3065 1047 3158 ginis
1080 3066 1205 3138 Dei
1233 3066 1589 3159 genitricis
1619 3066 1866 3158 Marie,
1906 3066 2230 3161 peticioni
2258 3065 2530 3138 abbatis
2553 3064 2929 3137 Bernhardi
2962 3075 3030 3137 et
3058 3068 3477 3139 confratrum
3502 3089 3674 3141 sno-

867 3210 1021 3260 rum
1085 3190 1480 3262 monasterii
1534 3189 1627 3262 de
1697 3189 1891 3260 Buch
1944 3190 2429 3285 cysterciensis
2476 3188 2738 3261 ordinis
2794 3187 2883 3260 de
2924 3189 3358 3282 providentia
3407 3193 3674 3265 consilii

866 3313 1078 3386 nostri
1106 3314 1497 3386 satisfacere
1523 3314 1908 3408 cupientes,
1946 3313 2177 3408 ipsum
2217 3312 2704 3385 monasterium
2735 3334 2896 3385 cum
2925 3313 3247 3384 omnibus
3280 3312 3678 3388 hominibus

868 3445 938 3508 et
974 3437 1558 3531 possessionibus,
1613 3458 1790 3531 quas
1835 3437 1909 3508 in
1947 3436 2444 3531 presentiarum
2474 3436 2800 3509 canonice
2824 3435 3132 3530 possidet
3160 3445 3230 3509 et
3263 3437 3333 3507 in
3366 3440 3673 3511 futurum

863 3558 1070 3650 justis
1096 3559 1321 3632 modis
1350 3559 1598 3654 poterit
1632 3559 1963 3654 adipisci,
2007 3559 2143 3631 sub
2180 3568 2480 3631 nostram
2509 3568 2580 3630 et
2619 3559 2891 3653 imperii
2929 3559 3417 3653 protectionem
3454 3564 3675 3634 susci·

870 3682 1104 3777 pimus
1147 3704 1229 3754 ac
1270 3683 1726 3778 patrocinium
1765 3683 2093 3778 speciale,
2150 3682 2335 3755 dicta
2377 3682 2562 3754 bona
2598 3703 2759 3753 cnm
2800 3681 2949 3753 suis
2995 3683 3416 3776 pertinentiis
3452 3684 3676 3758 eidem

871 3805 1270 3878 auctoritate
1285 3807 1474 3899 regia
1497 3806 2000 3879 confirmantes.
2028 3805 2143 3878 Ad
2158 3805 2289 3878 hec
2310 3825 2436 3900 pro
2449 3803 2755 3877 remedio
2768 3804 2997 3876 anime
3015 3814 3243 3877 nostre
3267 3814 3335 3878 et
3359 3807 3679 3882 divorum

871 3928 1387 4022 progenitorum
1427 3938 1846 4020 nostrorum,
1880 3938 2255 4002 memorato
2296 3927 2711 4001 monasterio
2758 3926 2949 4022 quod
2999 3928 3089 4001 ab
3149 3929 3315 4024 ipsis
3369 3931 3677 4004 dotatum

874 4047 1252 4123 dinoscitur
1294 4051 1629 4146 quodque
1662 4062 1992 4147 tanquam
2029 4052 2365 4125 familiare
2401 4060 2472 4124 et
2502 4051 2836 4124 dilectum
2871 4051 3047 4123 inter
3080 4055 3490 4127 monasteria
3517 4057 3681 4151 Cys-

873 4174 1063 4246 tercii
1089 4173 1355 4248 ordinis
1377 4177 1580 4248 nobis
1610 4176 1996 4271 specialiter
2021 4184 2446 4271 reputamus,
2489 4174 2579 4247 de
2608 4175 3028 4270 benignitate
3051 4177 3241 4270 regia
3257 4179 3483 4251 omnia
3500 4180 3682 4253 bona

875 4297 1072 4369 nobis
1102 4300 1511 4393 pertinentia
1542 4300 1674 4372 sita
1692 4301 1766 4372 in
1790 4299 2301 4373 Nidabudowiz
2325 4309 2395 4371 et
2423 4300 2795 4393 Kogelant,
2832 4321 2971 4394 que
2996 4302 3346 4373 annuatim
3378 4304 3685 4398 quinque

875 4418 1084 4493 libras
1119 4421 1587 4515 Liznikgensis
1623 4433 1896 4497 monete
1933 4423 2132 4496 nobis
2175 4423 2540 4497 taxacione
2580 4423 2884 4517 legitima
2919 4425 3434 4518 persolvebant,
3481 4428 3682 4521 pleno

871 4544 1023 4634 jure
1036 4546 1451 4617 conferimus
1476 4555 1545 4618 et
1571 4547 1938 4632 donamm,
1978 4548 2048 4618 in
2082 4569 2252 4620 usus
2286 4557 2354 4620 et
2390 4547 2776 4619 utillitatem
2810 4545 3078 4619 abbatis
3115 4557 3184 4618 et
3217 4549 3496 4621 fratrum
3518 4573 3685 4647 pre-

879 4664 1071 4738 libati
1107 4669 1504 4741 monasterii
1537 4669 1611 4740 in
1639 4681 2050 4767 perpetuum
2090 4670 2508 4766 possidenda
2555 4692 2640 4743 ac
2683 4692 2840 4741 cum
2878 4670 3066 4743 omni
3100 4671 3485 4766 integritate
3508 4676 3686 4767 juris

880 4798 945 4860 et
978 4790 1327 4880 libertate,
1381 4800 1521 4863 tam
1558 4793 1857 4888 presenti
1892 4815 2101 4888 quam
2134 4796 2400 4886 futura,
2434 4794 2581 4866 suis
2618 4794 2861 4866 usibus
2896 4794 3279 4868 retinenda.
3310 4797 3687 4871 Statuimus

3829 1300 3952 1354 Apud

3758 1355 3994 1405 Altenbnrg
4005 1384 4019 1405 ‚

3805 1408 3856 1448 10
3866 1408 3984 1460 julil.
