<?xml version="1.0" encoding="UTF-8"?>
<!DOCTYPE html PUBLIC "-//W3C//DTD XHTML 1.0 Transitional//EN"
    "http://www.w3.org/TR/xhtml1/DTD/xhtml1-transitional.dtd">
<html xmlns="http://www.w3.org/1999/xhtml" xml:lang="en" lang="en">
 <head>
  <title>
</title>
<meta http-equiv="Content-Type" content="text/html;charset=utf-8" />
  <meta name='ocr-system' content='tesseract 3.04.00' />
  <meta name='ocr-capabilities' content='ocr_page ocr_carea ocr_par ocr_line ocrx_word'/>
</head>
<body>
  <div class='ocr_page' id='page_1' title='image "./historiadiploma01degoog_0109.png"; bbox 0 0 4842 5802; ppageno 0'>
   <div class='ocr_carea' id='block_1_1' title="bbox 873 627 3691 712">
    <p class='ocr_par' dir='ltr' id='par_1_1' title="bbox 873 627 3691 712">
     <span class='ocr_line' id='line_1_1' title="bbox 873 627 3691 712; baseline -0.004 -13"><span class='ocrx_word' id='word_1_1' title='bbox 873 638 1064 699; x_wconf 66' lang='lat' dir='ltr'>lucrm.</span> <span class='ocrx_word' id='word_1_2' title='bbox 1098 635 1190 712; x_wconf 82' lang='lat'>7.]</span> <span class='ocrx_word' id='word_1_3' title='bbox 1775 630 2170 692; x_wconf 83' lang='lat' dir='ltr'>HISTORIA</span> <span class='ocrx_word' id='word_1_4' title='bbox 2219 628 2804 691; x_wconf 77' lang='lat' dir='ltr'>mPLOMA&#39;rch.</span> <span class='ocrx_word' id='word_1_5' title='bbox 3568 627 3691 689; x_wconf 83' lang='lat'>633</span> 
     </span>
    </p>
   </div>
   <div class='ocr_carea' id='block_1_2' title="bbox 865 762 3685 1353">
    <p class='ocr_par' dir='ltr' id='par_1_2' title="bbox 865 762 3678 1114">
     <span class='ocr_line' id='line_1_2' title="bbox 975 762 3677 860; baseline -0.003 -17"><span class='ocrx_word' id='word_1_6' title='bbox 975 771 1185 843; x_wconf 74' lang='lat' dir='ltr'>Testes</span> <span class='ocrx_word' id='word_1_7' title='bbox 1211 768 1406 839; x_wconf 69' lang='lat' dir='ltr'>iidem</span> <span class='ocrx_word' id='word_1_8' title='bbox 1444 770 1587 858; x_wconf 78' lang='lat' dir='ltr'>sere</span> <span class='ocrx_word' id='word_1_9' title='bbox 1617 767 1735 860; x_wconf 81' lang='lat' dir='ltr'>qui</span> <span class='ocrx_word' id='word_1_10' title='bbox 1767 768 1843 837; x_wconf 79' lang='lat' dir='ltr'>in</span> <span class='ocrx_word' id='word_1_11' title='bbox 1868 767 2325 859; x_wconf 77' lang='lat' dir='ltr'><strong><em>praecedente,</em></strong></span> <span class='ocrx_word' id='word_1_12' title='bbox 2359 766 2497 837; x_wconf 80' lang='lat' dir='ltr'>nisi</span> <span class='ocrx_word' id='word_1_13' title='bbox 2530 764 2704 858; x_wconf 82' lang='lat' dir='ltr'>quod</span> <span class='ocrx_word' id='word_1_14' title='bbox 2726 764 3012 836; x_wconf 75' lang='lat' dir='ltr'>adsunt:</span> <span class='ocrx_word' id='word_1_15' title='bbox 3047 762 3120 835; x_wconf 94' lang='lat' dir='ltr'>C.</span> <span class='ocrx_word' id='word_1_16' title='bbox 3163 762 3535 856; x_wconf 81' lang='lat' dir='ltr'>SpirensiS,</span> <span class='ocrx_word' id='word_1_17' title='bbox 3596 762 3677 835; x_wconf 92' lang='lat' dir='ltr'>E.</span> 
     </span>
     <span class='ocr_line' id='line_1_3' title="bbox 865 885 3678 986; baseline -0.003 -20"><span class='ocrx_word' id='word_1_18' title='bbox 865 890 1481 986; x_wconf 77' lang='lat' dir='ltr'>NaumburgensiS,</span> <span class='ocrx_word' id='word_1_19' title='bbox 1517 899 1587 963; x_wconf 90' lang='lat' dir='ltr'>et</span> <span class='ocrx_word' id='word_1_20' title='bbox 1619 891 1705 961; x_wconf 89' lang='grc' dir='ltr'>Η.</span> <span class='ocrx_word' id='word_1_21' title='bbox 1723 888 2119 963; x_wconf 88' lang='lat' dir='ltr'>Eistetensis</span> <span class='ocrx_word' id='word_1_22' title='bbox 2153 889 2495 984; x_wconf 83' lang='lat' dir='ltr'><strong>episcopi,</strong></span> <span class='ocrx_word' id='word_1_23' title='bbox 2536 889 2622 959; x_wconf 89' lang='lat' dir='ltr'>H.</span> <span class='ocrx_word' id='word_1_24' title='bbox 2665 908 2894 960; x_wconf 89' lang='lat' dir='ltr'>comes</span> <span class='ocrx_word' id='word_1_25' title='bbox 2920 886 3148 979; x_wconf 80' lang='lat' dir='ltr'><strong><em>Seiae,</em></strong></span> <span class='ocrx_word' id='word_1_26' title='bbox 3180 885 3396 958; x_wconf 90' lang='lat' dir='ltr'>etalii</span> <span class='ocrx_word' id='word_1_27' title='bbox 3428 906 3678 979; x_wconf 90' lang='lat' dir='ltr'>quam-</span> 
     </span>
     <span class='ocr_line' id='line_1_4' title="bbox 868 1017 1125 1114; baseline -0.004 -25"><span class='ocrx_word' id='word_1_28' title='bbox 868 1017 1125 1114; x_wconf 78' lang='lat' dir='ltr'>plures,</span> 
     </span>
    </p>

    <p class='ocr_par' dir='ltr' id='par_1_3' title="bbox 867 1131 3685 1353">
     <span class='ocr_line' id='line_1_5' title="bbox 962 1131 3685 1230; baseline -0.003 -17"><span class='ocrx_word' id='word_1_29' title='bbox 962 1142 1213 1213; x_wconf 89' lang='lat' dir='ltr'>Datum</span> <span class='ocrx_word' id='word_1_30' title='bbox 1250 1136 1762 1210; x_wconf 87' lang='lat' dir='ltr'>Frankenevort</span> <span class='ocrx_word' id='word_1_31' title='bbox 1794 1136 1866 1207; x_wconf 90' lang='lat' dir='ltr'>in</span> <span class='ocrx_word' id='word_1_32' title='bbox 1912 1135 2104 1208; x_wconf 90' lang='lat' dir='ltr'>curia</span> <span class='ocrx_word' id='word_1_33' title='bbox 2138 1135 2509 1230; x_wconf 83' lang='lat' dir='ltr'>solempni,</span> <span class='ocrx_word' id='word_1_34' title='bbox 2568 1154 2749 1206; x_wconf 91' lang='lat' dir='ltr'>anno</span> <span class='ocrx_word' id='word_1_35' title='bbox 2798 1131 3144 1206; x_wconf 92' lang='lat' dir='ltr'>dominice</span> <span class='ocrx_word' id='word_1_36' title='bbox 3197 1132 3685 1205; x_wconf 78' lang='lat' dir='ltr'>incarnationis</span> 
     </span>
     <span class='ocr_line' id='line_1_6' title="bbox 867 1257 2758 1353; baseline -0.004 -17"><span class='ocrx_word' id='word_1_37' title='bbox 867 1262 1351 1353; x_wconf 83' lang='lat' dir='ltr'>MCCXXXIV,</span> <span class='ocrx_word' id='word_1_38' title='bbox 1393 1261 1593 1334; x_wconf 92' lang='lat' dir='ltr'>nonis</span> <span class='ocrx_word' id='word_1_39' title='bbox 1630 1259 1988 1347; x_wconf 80' lang='lat' dir='ltr'>februarii,</span> <span class='ocrx_word' id='word_1_40' title='bbox 2027 1258 2407 1332; x_wconf 79' lang='lat' dir='ltr'>indictione</span> <span class='ocrx_word' id='word_1_41' title='bbox 2441 1257 2758 1353; x_wconf 90' lang='lat' dir='ltr'>septima.</span> 
     </span>
    </p>
   </div>
   <div class='ocr_carea' id='block_1_3' title="bbox 1319 1552 3242 1566">
    <p class='ocr_par' dir='ltr' id='par_1_4' title="bbox 1319 1552 3242 1566">
     <span class='ocr_line' id='line_1_7' title="bbox 1319 1552 3242 1566; baseline -0.002 0"><span class='ocrx_word' id='word_1_42' title='bbox 1319 1557 1565 1566; x_wconf 61' lang='lat' dir='ltr'>m.-</span> <span class='ocrx_word' id='word_1_43' title='bbox 1576 1556 1747 1565; x_wconf 72' lang='lat'>———-</span> <span class='ocrx_word' id='word_1_44' title='bbox 1758 1554 2091 1565; x_wconf 63' lang='lat'>··—---——-·—</span> <span class='ocrx_word' id='word_1_45' title='bbox 2103 1553 2828 1565; x_wconf 50' lang='lat' dir='ltr'>——ae-o-o--Q—-oo-—o-—w</span> <span class='ocrx_word' id='word_1_46' title='bbox 2841 1554 2890 1562; x_wconf 67' lang='grc' dir='ltr'>ο-</span> <span class='ocrx_word' id='word_1_47' title='bbox 2909 1552 3242 1563; x_wconf 41' lang='grc' dir='ltr'>,κώεα-..ο</span> 
     </span>
    </p>
   </div>
   <div class='ocr_carea' id='block_1_4' title="bbox 977 1816 4105 1936">
    <p class='ocr_par' dir='ltr' id='par_1_5' title="bbox 977 1816 4105 1936">
     <span class='ocr_line' id='line_1_8' title="bbox 977 1816 4105 1936; baseline -0.003 -32"><span class='ocrx_word' id='word_1_48' title='bbox 977 1821 1375 1926; x_wconf 81' lang='lat' dir='ltr'>HenricuS,</span> <span class='ocrx_word' id='word_1_49' title='bbox 1407 1821 1928 1903; x_wconf 87' lang='lat' dir='ltr'>Romanorum</span> <span class='ocrx_word' id='word_1_50' title='bbox 1955 1843 2088 1901; x_wconf 88' lang='lat' dir='ltr'>rex</span> <span class='ocrx_word' id='word_1_51' title='bbox 2106 1881 2129 1925; x_wconf 88' lang='lat'>,</span> <span class='ocrx_word' id='word_1_52' title='bbox 2161 1816 2418 1900; x_wconf 90' lang='lat' dir='ltr'>abbati</span> <span class='ocrx_word' id='word_1_53' title='bbox 2455 1828 2530 1899; x_wconf 89' lang='lat' dir='ltr'>et</span> <span class='ocrx_word' id='word_1_54' title='bbox 2561 1818 2958 1901; x_wconf 81' lang='lat' dir='ltr'>conventui</span> <span class='ocrx_word' id='word_1_55' title='bbox 2992 1817 3089 1899; x_wconf 90' lang='lat' dir='ltr'>de</span> <span class='ocrx_word' id='word_1_56' title='bbox 3124 1819 3379 1924; x_wconf 85' lang='lat' dir='ltr'>Porta,</span> <span class='ocrx_word' id='word_1_57' title='bbox 3407 1818 3681 1904; x_wconf 87' lang='lat' dir='ltr'>Nuen-</span> <span class='ocrx_word' id='word_1_58' title='bbox 3759 1838 4105 1936; x_wconf 55' lang='lat'>2223133012.</span> 
     </span>
    </p>
   </div>
   <div class='ocr_carea' id='block_1_5' title="bbox 3809 1946 4050 1999">
    <p class='ocr_par' dir='ltr' id='par_1_6' title="bbox 3809 1946 4050 1999">
     <span class='ocr_line' id='line_1_9' title="bbox 3809 1946 4050 1999; baseline 0 -11"><span class='ocrx_word' id='word_1_59' title='bbox 3809 1946 4024 1999; x_wconf 69' lang='lat' dir='ltr'>solempni</span> <span class='ocrx_word' id='word_1_60' title='bbox 4035 1975 4050 1999; x_wconf 83' lang='grc'>,</span> 
     </span>
    </p>
   </div>
   <div class='ocr_carea' id='block_1_6' title="bbox 873 1950 4065 2196">
    <p class='ocr_par' dir='ltr' id='par_1_7' title="bbox 873 1950 4065 2196">
     <span class='ocr_line' id='line_1_10' title="bbox 873 1950 4065 2064; baseline -0 -28"><span class='ocrx_word' id='word_1_61' title='bbox 873 1952 1278 2064; x_wconf 85' lang='lat' dir='ltr'>burgensis</span> <span class='ocrx_word' id='word_1_62' title='bbox 1337 1951 1743 2058; x_wconf 78' lang='lat' dir='ltr'>dioecesiS,</span> <span class='ocrx_word' id='word_1_63' title='bbox 1792 1950 2135 2033; x_wconf 87' lang='lat' dir='ltr'>concedit</span> <span class='ocrx_word' id='word_1_64' title='bbox 2187 1960 2273 2032; x_wconf 93' lang='lat' dir='ltr'>ut</span> <span class='ocrx_word' id='word_1_65' title='bbox 2315 1975 2839 2058; x_wconf 88' lang='lat' dir='ltr'>quascumque</span> <span class='ocrx_word' id='word_1_66' title='bbox 2900 1951 3411 2057; x_wconf 85' lang='lat' dir='ltr'>possessiones</span> <span class='ocrx_word' id='word_1_67' title='bbox 3468 1979 3682 2062; x_wconf 90' lang='lat' dir='ltr'>quo—</span> <span class='ocrx_word' id='word_1_68' title='bbox 3783 2000 3812 2043; x_wconf 73' lang='lat' dir='ltr'>e</span> <span class='ocrx_word' id='word_1_69' title='bbox 3835 1999 4065 2044; x_wconf 60' lang='lat' dir='ltr'>reum-m.</span> 
     </span>
     <span class='ocr_line' id='line_1_11' title="bbox 873 2082 3686 2196; baseline 0 -26"><span class='ocrx_word' id='word_1_70' title='bbox 873 2111 1200 2196; x_wconf 88' lang='lat' dir='ltr'>cumque</span> <span class='ocrx_word' id='word_1_71' title='bbox 1246 2084 1466 2167; x_wconf 86' lang='lat' dir='ltr'>titulo</span> <span class='ocrx_word' id='word_1_72' title='bbox 1515 2111 1563 2166; x_wconf 91' lang='lat' dir='ltr'>a</span> <span class='ocrx_word' id='word_1_73' title='bbox 1623 2082 1981 2165; x_wconf 87' lang='lat' dir='ltr'>fidelibus</span> <span class='ocrx_word' id='word_1_74' title='bbox 2024 2082 2420 2190; x_wconf 89' lang='lat' dir='ltr'>imperiiob</span> <span class='ocrx_word' id='word_1_75' title='bbox 2453 2083 2858 2191; x_wconf 77' lang='lat' dir='ltr'>tinuerint,</span> <span class='ocrx_word' id='word_1_76' title='bbox 2911 2084 3072 2166; x_wconf 92' lang='lat' dir='ltr'>sine</span> <span class='ocrx_word' id='word_1_77' title='bbox 3117 2085 3329 2166; x_wconf 92' lang='lat' dir='ltr'>omni</span> <span class='ocrx_word' id='word_1_78' title='bbox 3363 2094 3686 2170; x_wconf 86' lang='lat' dir='ltr'>contra-</span> 
     </span>
    </p>
   </div>
   <div class='ocr_carea' id='block_1_7' title="bbox 876 2214 2296 2327">
    <p class='ocr_par' dir='ltr' id='par_1_8' title="bbox 876 2214 2296 2327">
     <span class='ocr_line' id='line_1_12' title="bbox 876 2214 2296 2327; baseline -0.004 -28"><span class='ocrx_word' id='word_1_79' title='bbox 876 2218 1201 2302; x_wconf 83' lang='lat' dir='ltr'>dictione</span> <span class='ocrx_word' id='word_1_80' title='bbox 1236 2218 1314 2299; x_wconf 92' lang='lat' dir='ltr'>in</span> <span class='ocrx_word' id='word_1_81' title='bbox 1351 2226 1799 2327; x_wconf 89' lang='lat' dir='ltr'>perpetuum</span> <span class='ocrx_word' id='word_1_82' title='bbox 1835 2214 2296 2323; x_wconf 82' lang='lat' dir='ltr'>possideant.</span> 
     </span>
    </p>
   </div>
   <div class='ocr_carea' id='block_1_8' title="bbox 1034 2428 3689 2615">
    <p class='ocr_par' dir='ltr' id='par_1_9' title="bbox 1034 2428 3689 2615">
     <span class='ocr_line' id='line_1_13' title="bbox 1034 2428 3689 2537; baseline 0 -43"><span class='ocrx_word' id='word_1_83' title='bbox 1034 2431 1282 2511; x_wconf 85' lang='lat' dir='ltr'>(Inedit.</span> <span class='ocrx_word' id='word_1_84' title='bbox 1314 2449 1390 2492; x_wconf 81' lang='lat' dir='ltr'>ex</span> <span class='ocrx_word' id='word_1_85' title='bbox 1417 2431 1689 2509; x_wconf 81' lang='lat' dir='ltr'>originali</span> <span class='ocrx_word' id='word_1_86' title='bbox 1713 2433 1776 2491; x_wconf 86' lang='lat' dir='ltr'>in</span> <span class='ocrx_word' id='word_1_87' title='bbox 1805 2429 2046 2490; x_wconf 81' lang='lat' dir='ltr'>archivo</span> <span class='ocrx_word' id='word_1_88' title='bbox 2071 2428 2389 2491; x_wconf 83' lang='lat' dir='ltr'>Dresdensi</span> <span class='ocrx_word' id='word_1_89' title='bbox 2432 2435 2732 2490; x_wconf 85' lang='lat' dir='ltr'>asservato</span> <span class='ocrx_word' id='word_1_90' title='bbox 2749 2471 2768 2505; x_wconf 88' lang='lat'>,</span> <span class='ocrx_word' id='word_1_91' title='bbox 2804 2430 2963 2491; x_wconf 87' lang='lat' dir='ltr'>unde</span> <span class='ocrx_word' id='word_1_92' title='bbox 3001 2445 3160 2490; x_wconf 87' lang='lat' dir='ltr'>anuo</span> <span class='ocrx_word' id='word_1_93' title='bbox 3204 2438 3356 2491; x_wconf 78' lang='grc'>1849</span> <span class='ocrx_word' id='word_1_94' title='bbox 3396 2432 3689 2537; x_wconf 77' lang='lat' dir='ltr'>pendebat</span> 
     </span>
     <span class='ocr_line' id='line_1_14' title="bbox 1107 2535 1894 2615; baseline 0 -18"><span class='ocrx_word' id='word_1_95' title='bbox 1107 2538 1303 2598; x_wconf 87' lang='lat' dir='ltr'>adbuc</span> <span class='ocrx_word' id='word_1_96' title='bbox 1330 2538 1584 2615; x_wconf 87' lang='lat' dir='ltr'>sigillum</span> <span class='ocrx_word' id='word_1_97' title='bbox 1610 2535 1894 2613; x_wconf 86' lang='lat' dir='ltr'>cereum.)</span> 
     </span>
    </p>
   </div>
   <div class='ocr_carea' id='block_1_9' title="bbox 863 2720 3691 4671">
    <p class='ocr_par' dir='ltr' id='par_1_10' title="bbox 863 2720 3691 4671">
     <span class='ocr_line' id='line_1_15' title="bbox 968 2720 3687 2815; baseline 0.001 -21"><span class='ocrx_word' id='word_1_98' title='bbox 968 2725 1047 2794; x_wconf 91' lang='lat' dir='ltr'>In</span> <span class='ocrx_word' id='word_1_99' title='bbox 1074 2723 1353 2795; x_wconf 89' lang='lat' dir='ltr'>nomine</span> <span class='ocrx_word' id='word_1_100' title='bbox 1380 2731 1615 2795; x_wconf 88' lang='lat' dir='ltr'>sancte</span> <span class='ocrx_word' id='word_1_101' title='bbox 1645 2729 1714 2792; x_wconf 91' lang='lat' dir='ltr'>et</span> <span class='ocrx_word' id='word_1_102' title='bbox 1736 2720 2098 2793; x_wconf 88' lang='lat' dir='ltr'>individue</span> <span class='ocrx_word' id='word_1_103' title='bbox 2125 2720 2498 2792; x_wconf 79' lang='lat' dir='ltr'>Trinitatis,</span> <span class='ocrx_word' id='word_1_104' title='bbox 2547 2720 2905 2792; x_wconf 89' lang='lat' dir='ltr'>Heinricus</span> <span class='ocrx_word' id='word_1_105' title='bbox 2931 2721 3084 2812; x_wconf 84' lang='lat' dir='ltr'>VII,</span> <span class='ocrx_word' id='word_1_106' title='bbox 3127 2722 3253 2794; x_wconf 92' lang='lat' dir='ltr'>Dei</span> <span class='ocrx_word' id='word_1_107' title='bbox 3290 2722 3507 2815; x_wconf 85' lang='lat' dir='ltr'>gratia</span> <span class='ocrx_word' id='word_1_108' title='bbox 3538 2723 3687 2796; x_wconf 91' lang='lat' dir='ltr'>Ro-</span> 
     </span>
     <span class='ocr_line' id='line_1_16' title="bbox 872 2841 3690 2941; baseline 0.001 -22"><span class='ocrx_word' id='word_1_109' title='bbox 872 2866 1233 2920; x_wconf 89' lang='lat' dir='ltr'>manorum</span> <span class='ocrx_word' id='word_1_110' title='bbox 1259 2867 1387 2919; x_wconf 82' lang='lat' dir='ltr'>rex</span> <span class='ocrx_word' id='word_1_111' title='bbox 1432 2853 1502 2918; x_wconf 90' lang='lat' dir='ltr'>et</span> <span class='ocrx_word' id='word_1_112' title='bbox 1539 2865 1811 2939; x_wconf 89' lang='lat' dir='ltr'>semper</span> <span class='ocrx_word' id='word_1_113' title='bbox 1845 2853 2207 2938; x_wconf 85' lang='lat' dir='ltr'>augustus.</span> <span class='ocrx_word' id='word_1_114' title='bbox 2244 2841 2359 2915; x_wconf 90' lang='lat' dir='ltr'>Ad</span> <span class='ocrx_word' id='word_1_115' title='bbox 2388 2842 2518 2916; x_wconf 88' lang='lat' dir='ltr'>hoc</span> <span class='ocrx_word' id='word_1_116' title='bbox 2551 2841 2792 2916; x_wconf 87' lang='lat' dir='ltr'>divina</span> <span class='ocrx_word' id='word_1_117' title='bbox 2818 2841 3227 2939; x_wconf 89' lang='lat' dir='ltr'>disponente</span> <span class='ocrx_word' id='word_1_118' title='bbox 3253 2845 3690 2941; x_wconf 87' lang='lat' dir='ltr'>providentia</span> 
     </span>
     <span class='ocr_line' id='line_1_17' title="bbox 873 2966 3687 3062; baseline 0.001 -20"><span class='ocrx_word' id='word_1_119' title='bbox 873 2967 965 3042; x_wconf 92' lang='lat' dir='ltr'>ad</span> <span class='ocrx_word' id='word_1_120' title='bbox 997 2969 1194 3060; x_wconf 81' lang='lat' dir='ltr'>regni</span> <span class='ocrx_word' id='word_1_121' title='bbox 1220 2969 1692 3062; x_wconf 86' lang='lat' dir='ltr'>gubernacula</span> <span class='ocrx_word' id='word_1_122' title='bbox 1729 2989 1862 3040; x_wconf 90' lang='lat' dir='ltr'>nos</span> <span class='ocrx_word' id='word_1_123' title='bbox 1892 2989 2044 3041; x_wconf 87' lang='lat' dir='ltr'>esse</span> <span class='ocrx_word' id='word_1_124' title='bbox 2074 2966 2426 3040; x_wconf 88' lang='lat' dir='ltr'>credimus</span> <span class='ocrx_word' id='word_1_125' title='bbox 2470 2967 2904 3061; x_wconf 79' lang='lat' dir='ltr'>sublimatoS,</span> <span class='ocrx_word' id='word_1_126' title='bbox 2948 2978 3024 3039; x_wconf 89' lang='lat' dir='ltr'>ut</span> <span class='ocrx_word' id='word_1_127' title='bbox 3060 2990 3414 3043; x_wconf 86' lang='lat' dir='ltr'>servorum</span> <span class='ocrx_word' id='word_1_128' title='bbox 3449 2971 3577 3044; x_wconf 89' lang='lat' dir='ltr'>Dei</span> <span class='ocrx_word' id='word_1_129' title='bbox 3615 2972 3687 3044; x_wconf 92' lang='lat' dir='ltr'>in</span> 
     </span>
     <span class='ocr_line' id='line_1_18' title="bbox 871 3090 3691 3191; baseline 0.001 -26"><span class='ocrx_word' id='word_1_130' title='bbox 871 3092 1360 3190; x_wconf 78' lang='lat' dir='ltr'>temporalibus</span> <span class='ocrx_word' id='word_1_131' title='bbox 1409 3090 1743 3163; x_wconf 85' lang='lat' dir='ltr'>subsidiis</span> <span class='ocrx_word' id='word_1_132' title='bbox 1789 3091 2204 3163; x_wconf 84' lang='lat' dir='ltr'>utilitatibus</span> <span class='ocrx_word' id='word_1_133' title='bbox 2246 3091 2648 3163; x_wconf 86' lang='lat' dir='ltr'>liberalitate</span> <span class='ocrx_word' id='word_1_134' title='bbox 2684 3091 2873 3186; x_wconf 84' lang='lat' dir='ltr'>regia</span> <span class='ocrx_word' id='word_1_135' title='bbox 2923 3094 3363 3166; x_wconf 90' lang='lat' dir='ltr'>consulamus</span> <span class='ocrx_word' id='word_1_136' title='bbox 3407 3104 3476 3168; x_wconf 89' lang='lat' dir='ltr'>et</span> <span class='ocrx_word' id='word_1_137' title='bbox 3525 3117 3691 3191; x_wconf 87' lang='lat' dir='ltr'>pro-</span> 
     </span>
     <span class='ocr_line' id='line_1_19' title="bbox 872 3213 3690 3314; baseline 0.002 -28"><span class='ocrx_word' id='word_1_138' title='bbox 872 3215 1167 3309; x_wconf 89' lang='lat' dir='ltr'>pensiori</span> <span class='ocrx_word' id='word_1_139' title='bbox 1191 3214 1463 3288; x_wconf 85' lang='lat' dir='ltr'>cautele</span> <span class='ocrx_word' id='word_1_140' title='bbox 1489 3213 1853 3308; x_wconf 82' lang='lat' dir='ltr'>diligentia</span> <span class='ocrx_word' id='word_1_141' title='bbox 1886 3213 2400 3310; x_wconf 85' lang='lat' dir='ltr'>privilegiorum</span> <span class='ocrx_word' id='word_1_142' title='bbox 2433 3223 2823 3287; x_wconf 88' lang='lat' dir='ltr'>nostrorum</span> <span class='ocrx_word' id='word_1_143' title='bbox 2860 3214 3374 3290; x_wconf 87' lang='lat' dir='ltr'>confirmatione</span> <span class='ocrx_word' id='word_1_144' title='bbox 3407 3219 3690 3314; x_wconf 90' lang='lat' dir='ltr'>prospi-</span> 
     </span>
     <span class='ocr_line' id='line_1_20' title="bbox 873 3336 3690 3433; baseline 0.002 -22"><span class='ocrx_word' id='word_1_145' title='bbox 873 3359 1026 3412; x_wconf 88' lang='lat' dir='ltr'>cere</span> <span class='ocrx_word' id='word_1_146' title='bbox 1066 3336 1495 3411; x_wconf 87' lang='lat' dir='ltr'>studeamus.</span> <span class='ocrx_word' id='word_1_147' title='bbox 1538 3336 1708 3411; x_wconf 91' lang='lat' dir='ltr'>Inde</span> <span class='ocrx_word' id='word_1_148' title='bbox 1754 3345 1857 3410; x_wconf 87' lang='lat' dir='ltr'>est</span> <span class='ocrx_word' id='word_1_149' title='bbox 1891 3337 2081 3431; x_wconf 96' lang='lat' dir='ltr'>quod</span> <span class='ocrx_word' id='word_1_150' title='bbox 2123 3339 2466 3412; x_wconf 88' lang='lat' dir='ltr'>universis</span> <span class='ocrx_word' id='word_1_151' title='bbox 2514 3339 2781 3433; x_wconf 89' lang='lat' dir='ltr'>imperii</span> <span class='ocrx_word' id='word_1_152' title='bbox 2834 3338 3158 3413; x_wconf 87' lang='lat' dir='ltr'>fidelibus</span> <span class='ocrx_word' id='word_1_153' title='bbox 3190 3363 3340 3414; x_wconf 90' lang='lat' dir='ltr'>esse</span> <span class='ocrx_word' id='word_1_154' title='bbox 3368 3343 3690 3417; x_wconf 89' lang='lat' dir='ltr'>volumus</span> 
     </span>
     <span class='ocr_line' id='line_1_21' title="bbox 873 3460 3688 3556; baseline 0.002 -24"><span class='ocrx_word' id='word_1_155' title='bbox 873 3462 1303 3534; x_wconf 81' lang='lat' dir='ltr'>manifestum</span> <span class='ocrx_word' id='word_1_156' title='bbox 1322 3460 1516 3555; x_wconf 92' lang='lat' dir='ltr'>quod</span> <span class='ocrx_word' id='word_1_157' title='bbox 1546 3482 1698 3552; x_wconf 90' lang='lat' dir='ltr'>nos,</span> <span class='ocrx_word' id='word_1_158' title='bbox 1730 3461 2111 3534; x_wconf 91' lang='lat' dir='ltr'>imitatione</span> <span class='ocrx_word' id='word_1_159' title='bbox 2141 3462 2354 3556; x_wconf 87' lang='lat' dir='ltr'>patris</span> <span class='ocrx_word' id='word_1_160' title='bbox 2380 3463 2590 3535; x_wconf 90' lang='lat' dir='ltr'>nostri</span> <span class='ocrx_word' id='word_1_161' title='bbox 2623 3463 3045 3535; x_wconf 89' lang='lat' dir='ltr'>serenissimi</span> <span class='ocrx_word' id='word_1_162' title='bbox 3072 3464 3531 3536; x_wconf 86' lang='lat' dir='ltr'>Romanorum</span> <span class='ocrx_word' id='word_1_163' title='bbox 3557 3466 3688 3538; x_wconf 91' lang='lat' dir='ltr'>im-</span> 
     </span>
     <span class='ocr_line' id='line_1_22' title="bbox 870 3580 3689 3681; baseline 0.002 -26"><span class='ocrx_word' id='word_1_164' title='bbox 870 3584 1201 3676; x_wconf 89' lang='lat' dir='ltr'>peratoris</span> <span class='ocrx_word' id='word_1_165' title='bbox 1233 3593 1303 3656; x_wconf 92' lang='lat' dir='ltr'>et</span> <span class='ocrx_word' id='word_1_166' title='bbox 1332 3604 1600 3679; x_wconf 86' lang='lat' dir='ltr'>semper</span> <span class='ocrx_word' id='word_1_167' title='bbox 1633 3585 1912 3678; x_wconf 81' lang='lat' dir='ltr'>augusti</span> <span class='ocrx_word' id='word_1_168' title='bbox 1946 3584 2270 3657; x_wconf 89' lang='lat' dir='ltr'>Friderici</span> <span class='ocrx_word' id='word_1_169' title='bbox 2291 3639 2313 3676; x_wconf 94' lang='lat'>,</span> <span class='ocrx_word' id='word_1_170' title='bbox 2369 3586 2681 3681; x_wconf 91' lang='lat' dir='ltr'>petitioni</span> <span class='ocrx_word' id='word_1_171' title='bbox 2723 3586 3198 3680; x_wconf 86' lang='lat' dir='ltr'>religiosorum</span> <span class='ocrx_word' id='word_1_172' title='bbox 3223 3580 3528 3659; x_wconf 88' lang='lat' dir='ltr'>virorum</span> <span class='ocrx_word' id='word_1_173' title='bbox 3564 3587 3689 3660; x_wconf 89' lang='lat' dir='ltr'>ab—</span> 
     </span>
     <span class='ocr_line' id='line_1_23' title="bbox 871 3705 3680 3804; baseline 0.002 -26"><span class='ocrx_word' id='word_1_174' title='bbox 871 3705 1050 3778; x_wconf 88' lang='lat' dir='ltr'>batis</span> <span class='ocrx_word' id='word_1_175' title='bbox 1082 3714 1152 3778; x_wconf 90' lang='lat' dir='ltr'>et</span> <span class='ocrx_word' id='word_1_176' title='bbox 1186 3716 1562 3781; x_wconf 87' lang='lat' dir='ltr'>conventus</span> <span class='ocrx_word' id='word_1_177' title='bbox 1593 3706 1684 3781; x_wconf 88' lang='lat' dir='ltr'>de</span> <span class='ocrx_word' id='word_1_178' title='bbox 1705 3708 1932 3795; x_wconf 87' lang='lat' dir='ltr'>Porta,</span> <span class='ocrx_word' id='word_1_179' title='bbox 1968 3707 2431 3781; x_wconf 79' lang='lat' dir='ltr'>cisterciensis</span> <span class='ocrx_word' id='word_1_180' title='bbox 2453 3708 2745 3798; x_wconf 89' lang='lat' dir='ltr'>ordinis,</span> <span class='ocrx_word' id='word_1_181' title='bbox 2774 3709 3335 3804; x_wconf 82' lang='lat' dir='ltr'>Nuenburgensis</span> <span class='ocrx_word' id='word_1_182' title='bbox 3358 3708 3680 3803; x_wconf 89' lang='lat' dir='ltr'>diocesis,</span> 
     </span>
     <span class='ocr_line' id='line_1_24' title="bbox 870 3827 3685 3928; baseline 0.002 -27"><span class='ocrx_word' id='word_1_183' title='bbox 870 3827 1258 3902; x_wconf 82' lang='lat' dir='ltr'>satisfacere</span> <span class='ocrx_word' id='word_1_184' title='bbox 1284 3830 1672 3925; x_wconf 89' lang='lat' dir='ltr'>cupientes,</span> <span class='ocrx_word' id='word_1_185' title='bbox 1708 3852 1832 3928; x_wconf 93' lang='lat' dir='ltr'>pro</span> <span class='ocrx_word' id='word_1_186' title='bbox 1853 3830 2164 3905; x_wconf 87' lang='lat' dir='ltr'>remedio</span> <span class='ocrx_word' id='word_1_187' title='bbox 2189 3830 2420 3903; x_wconf 89' lang='lat' dir='ltr'>anime</span> <span class='ocrx_word' id='word_1_188' title='bbox 2452 3840 2684 3905; x_wconf 89' lang='lat' dir='ltr'>nostre</span> <span class='ocrx_word' id='word_1_189' title='bbox 2704 3832 2887 3904; x_wconf 91' lang='lat' dir='ltr'>hanc</span> <span class='ocrx_word' id='word_1_190' title='bbox 2917 3832 3020 3905; x_wconf 92' lang='lat' dir='ltr'>eis</span> <span class='ocrx_word' id='word_1_191' title='bbox 3052 3832 3343 3927; x_wconf 86' lang='lat' dir='ltr'>gratiam</span> <span class='ocrx_word' id='word_1_192' title='bbox 3376 3841 3448 3905; x_wconf 90' lang='lat' dir='ltr'>et</span> <span class='ocrx_word' id='word_1_193' title='bbox 3476 3834 3685 3907; x_wconf 90' lang='lat' dir='ltr'>licen·</span> 
     </span>
     <span class='ocr_line' id='line_1_25' title="bbox 868 3948 3682 4052; baseline 0.003 -30"><span class='ocrx_word' id='word_1_194' title='bbox 868 3950 1031 4023; x_wconf 89' lang='lat' dir='ltr'>tiam</span> <span class='ocrx_word' id='word_1_195' title='bbox 1069 3948 1403 4026; x_wconf 86' lang='lat' dir='ltr'>duximus</span> <span class='ocrx_word' id='word_1_196' title='bbox 1436 3954 1949 4028; x_wconf 89' lang='lat' dir='ltr'>concedendam</span> <span class='ocrx_word' id='word_1_197' title='bbox 1985 3964 2063 4027; x_wconf 89' lang='lat' dir='ltr'>ut</span> <span class='ocrx_word' id='word_1_198' title='bbox 2105 3976 2582 4050; x_wconf 88' lang='lat' dir='ltr'>quascumque</span> <span class='ocrx_word' id='word_1_199' title='bbox 2629 3955 3095 4052; x_wconf 88' lang='lat' dir='ltr'>possessiones</span> <span class='ocrx_word' id='word_1_200' title='bbox 3141 3956 3213 4028; x_wconf 91' lang='lat' dir='ltr'>in</span> <span class='ocrx_word' id='word_1_201' title='bbox 3256 3957 3440 4050; x_wconf 86' lang='lat' dir='ltr'>agris</span> <span class='ocrx_word' id='word_1_202' title='bbox 3484 3957 3682 4030; x_wconf 87' lang='lat' dir='ltr'>vide-</span> 
     </span>
     <span class='ocr_line' id='line_1_26' title="bbox 866 4073 3678 4174; baseline 0.002 -28"><span class='ocrx_word' id='word_1_203' title='bbox 866 4073 1061 4166; x_wconf 90' lang='lat' dir='ltr'>licet,</span> <span class='ocrx_word' id='word_1_204' title='bbox 1103 4077 1362 4169; x_wconf 89' lang='lat' dir='ltr'>vineis,</span> <span class='ocrx_word' id='word_1_205' title='bbox 1414 4080 1665 4174; x_wconf 77' lang='lat' dir='ltr'>pratia,</span> <span class='ocrx_word' id='word_1_206' title='bbox 1718 4078 1954 4169; x_wconf 89' lang='lat' dir='ltr'>silvis,</span> <span class='ocrx_word' id='word_1_207' title='bbox 2005 4079 2239 4174; x_wconf 90' lang='lat' dir='ltr'>aquis,</span> <span class='ocrx_word' id='word_1_208' title='bbox 2298 4080 2616 4174; x_wconf 77' lang='lat' dir='ltr'>pascuiS,</span> <span class='ocrx_word' id='word_1_209' title='bbox 2673 4079 2872 4152; x_wconf 86' lang='lat' dir='ltr'>terris</span> <span class='ocrx_word' id='word_1_210' title='bbox 2921 4079 3125 4152; x_wconf 88' lang='lat' dir='ltr'>cultis</span> <span class='ocrx_word' id='word_1_211' title='bbox 3164 4082 3279 4153; x_wconf 88' lang='lat' dir='ltr'>vel</span> <span class='ocrx_word' id='word_1_212' title='bbox 3314 4080 3592 4153; x_wconf 90' lang='lat' dir='ltr'>incultis</span> <span class='ocrx_word' id='word_1_213' title='bbox 3635 4102 3678 4153; x_wconf 92' lang='lat' dir='ltr'>a</span> 
     </span>
     <span class='ocr_line' id='line_1_27' title="bbox 867 4194 3682 4299; baseline 0.003 -31"><span class='ocrx_word' id='word_1_214' title='bbox 867 4194 1188 4273; x_wconf 81' lang='lat' dir='ltr'>fidelibus</span> <span class='ocrx_word' id='word_1_215' title='bbox 1217 4201 1488 4297; x_wconf 87' lang='lat' dir='ltr'>imperii</span> <span class='ocrx_word' id='word_1_216' title='bbox 1536 4203 1734 4276; x_wconf 89' lang='lat' dir='ltr'>titulo</span> <span class='ocrx_word' id='word_1_217' title='bbox 1780 4200 2203 4292; x_wconf 90' lang='lat' dir='ltr'>donationis,</span> <span class='ocrx_word' id='word_1_218' title='bbox 2253 4203 2621 4298; x_wconf 89' lang='lat' dir='ltr'>emptionis</span> <span class='ocrx_word' id='word_1_219' title='bbox 2658 4225 2783 4277; x_wconf 88' lang='lat' dir='ltr'>seu</span> <span class='ocrx_word' id='word_1_220' title='bbox 2822 4204 3207 4277; x_wconf 91' lang='lat' dir='ltr'>concambii</span> <span class='ocrx_word' id='word_1_221' title='bbox 3256 4204 3682 4299; x_wconf 90' lang='lat' dir='ltr'>optinuerint</span> 
     </span>
     <span class='ocr_line' id='line_1_28' title="bbox 865 4322 3677 4423; baseline 0.003 -29"><span class='ocrx_word' id='word_1_222' title='bbox 865 4322 977 4395; x_wconf 85' lang='lat' dir='ltr'>vel</span> <span class='ocrx_word' id='word_1_223' title='bbox 1026 4323 1219 4418; x_wconf 90' lang='lat' dir='ltr'>prius</span> <span class='ocrx_word' id='word_1_224' title='bbox 1275 4327 1745 4421; x_wconf 89' lang='lat' dir='ltr'>optinuerant,</span> <span class='ocrx_word' id='word_1_225' title='bbox 1818 4327 1970 4400; x_wconf 88' lang='lat' dir='ltr'>sine</span> <span class='ocrx_word' id='word_1_226' title='bbox 2015 4327 2205 4400; x_wconf 90' lang='lat' dir='ltr'>omni</span> <span class='ocrx_word' id='word_1_227' title='bbox 2256 4348 2538 4423; x_wconf 89' lang='lat' dir='ltr'>prorsus</span> <span class='ocrx_word' id='word_1_228' title='bbox 2581 4326 3118 4401; x_wconf 87' lang='lat' dir='ltr'>contradictione</span> <span class='ocrx_word' id='word_1_229' title='bbox 3151 4329 3224 4400; x_wconf 93' lang='lat' dir='ltr'>in</span> <span class='ocrx_word' id='word_1_230' title='bbox 3268 4338 3677 4423; x_wconf 88' lang='lat' dir='ltr'>perpetuum</span> 
     </span>
     <span class='ocr_line' id='line_1_29' title="bbox 863 4448 3675 4546; baseline 0.004 -31"><span class='ocrx_word' id='word_1_231' title='bbox 863 4454 1091 4518; x_wconf 89' lang='lat' dir='ltr'>nostre</span> <span class='ocrx_word' id='word_1_232' title='bbox 1120 4449 1496 4540; x_wconf 86' lang='lat' dir='ltr'>majestatis</span> <span class='ocrx_word' id='word_1_233' title='bbox 1522 4450 1923 4524; x_wconf 87' lang='lat' dir='ltr'>auctoritate</span> <span class='ocrx_word' id='word_1_234' title='bbox 1956 4449 2381 4546; x_wconf 86' lang='lat' dir='ltr'>possideant.</span> <span class='ocrx_word' id='word_1_235' title='bbox 2423 4451 2512 4523; x_wconf 92' lang='lat' dir='ltr'>Ut</span> <span class='ocrx_word' id='word_1_236' title='bbox 2542 4460 2774 4525; x_wconf 87' lang='lat' dir='ltr'>autem</span> <span class='ocrx_word' id='word_1_237' title='bbox 2799 4450 2928 4525; x_wconf 89' lang='lat' dir='ltr'>hec</span> <span class='ocrx_word' id='word_1_238' title='bbox 2963 4461 3194 4522; x_wconf 87' lang='lat' dir='ltr'>nostra</span> <span class='ocrx_word' id='word_1_239' title='bbox 3230 4448 3507 4525; x_wconf 88' lang='lat' dir='ltr'>donatio</span> <span class='ocrx_word' id='word_1_240' title='bbox 3528 4461 3675 4527; x_wconf 88' lang='lat' dir='ltr'>rata</span> 
     </span>
     <span class='ocr_line' id='line_1_30' title="bbox 864 4567 3674 4671; baseline 0.004 -33"><span class='ocrx_word' id='word_1_241' title='bbox 864 4567 938 4639; x_wconf 91' lang='lat' dir='ltr'>in</span> <span class='ocrx_word' id='word_1_242' title='bbox 954 4579 1305 4664; x_wconf 87' lang='lat' dir='ltr'>posterum</span> <span class='ocrx_word' id='word_1_243' title='bbox 1325 4583 1396 4645; x_wconf 90' lang='lat' dir='ltr'>et</span> <span class='ocrx_word' id='word_1_244' title='bbox 1416 4573 1825 4649; x_wconf 87' lang='lat' dir='ltr'>inconvulsa</span> <span class='ocrx_word' id='word_1_245' title='bbox 1852 4575 2208 4671; x_wconf 88' lang='lat' dir='ltr'>perduret,</span> <span class='ocrx_word' id='word_1_246' title='bbox 2250 4585 2637 4671; x_wconf 87' lang='lat' dir='ltr'>presentem</span> <span class='ocrx_word' id='word_1_247' title='bbox 2666 4574 2991 4671; x_wconf 86' lang='lat' dir='ltr'>paginam</span> <span class='ocrx_word' id='word_1_248' title='bbox 3010 4595 3219 4671; x_wconf 89' lang='lat' dir='ltr'>super</span> <span class='ocrx_word' id='word_1_249' title='bbox 3237 4578 3674 4651; x_wconf 88' lang='lat' dir='ltr'>eaconscribi</span> 
     </span>
    </p>
   </div>
   <div class='ocr_carea' id='block_1_10' title="bbox 868 4692 3356 4883">
    <p class='ocr_par' dir='ltr' id='par_1_11' title="bbox 868 4692 3356 4883">
     <span class='ocr_line' id='line_1_31' title="bbox 868 4692 2672 4793; baseline 0.006 -31"><span class='ocrx_word' id='word_1_250' title='bbox 868 4699 936 4762; x_wconf 90' lang='lat' dir='ltr'>et</span> <span class='ocrx_word' id='word_1_251' title='bbox 966 4692 1173 4786; x_wconf 84' lang='lat' dir='ltr'>sigilli</span> <span class='ocrx_word' id='word_1_252' title='bbox 1203 4698 1416 4768; x_wconf 90' lang='lat' dir='ltr'>nostri</span> <span class='ocrx_word' id='word_1_253' title='bbox 1443 4697 1893 4793; x_wconf 88' lang='lat' dir='ltr'>impressione</span> <span class='ocrx_word' id='word_1_254' title='bbox 1930 4700 2214 4772; x_wconf 83' lang='lat' dir='ltr'>fecimus</span> <span class='ocrx_word' id='word_1_255' title='bbox 2234 4699 2672 4773; x_wconf 90' lang='lat' dir='ltr'>communiri.</span> 
     </span>
     <span class='ocr_line' id='line_1_32' title="bbox 1055 4816 3356 4883; baseline 0.002 -4"><span class='ocrx_word' id='word_1_256' title='bbox 1055 4816 1164 4879; x_wconf 87' lang='lat' dir='ltr'>IV.</span> <span class='ocrx_word' id='word_1_257' title='bbox 1206 4835 1318 4880; x_wconf 74' lang='lat' dir='ltr'>rm</span> <span class='ocrx_word' id='word_1_258' title='bbox 1340 4833 1384 4876; x_wconf 77' lang='lat' dir='ltr'>a.</span> <span class='ocrx_word' id='word_1_259' title='bbox 3280 4830 3356 4883; x_wconf 85' lang='lat'>80</span> 
     </span>
    </p>
   </div>
  </div>
 </body>
</html>
