4842 5802
879 618 1078 677 Innrc'r.
1109 615 1198 694 8.]
1784 615 2176 679 HISTORIA
2225 609 2828 673 DIPLOMATICA'
3593 614 3714 675 717

883 749 1153 825 dilectis
1206 749 1408 822 nobis
1453 750 1806 823 Walthero
1856 748 2244 823 honorabili
2287 745 2526 819 abbati
2579 753 2649 816 et
2682 744 3052 818 conventui
3109 743 3200 816 de
3241 745 3720 840 Halsprunnen

881 894 1010 970 pro
1048 873 1487 968 septuaginta
1537 872 1734 945 libris
1783 874 2113 966 legalium
2143 867 2886 961 Nuerenbergensium,
2924 867 3152 940 eidem
3179 868 3559 943 venditioni
3596 892 3724 943 as—

888 1018 1165 1071 sensum
1211 995 1615 1068 benivolum
1650 996 2003 1091 porrigere
2042 995 2512 1089 dignaremur.
2553 991 2691 1063 Nos
2731 991 2966 1085 itaque
3007 991 3518 1067 considerantes
3556 992 3718 1068 hos·

888 1121 1286 1216 pitalitatem
1322 1118 1489 1191 dicti
1525 1119 1921 1191 monasterii
1967 1140 2107 1217 qua
2137 1117 2348 1213 pollet
2383 1115 2736 1199 continue,
2774 1113 3204 1186 attendentes
3229 1116 3431 1188 etiam
3470 1117 3723 1192 devota

891 1264 1132 1315 eorum
1163 1241 1533 1334 obsequia,
1570 1263 1711 1336 que
1754 1242 1956 1314 nobis
2004 1250 2073 1314 et
2113 1239 2363 1313 uostris
2410 1237 2745 1311 exhibent
2777 1237 3230 1326 incessanter,
3272 1239 3507 1312 villam
3547 1263 3723 1314 eau-

894 1367 1054 1441 dem
1092 1367 1163 1436 in
1192 1365 1547 1436 Kelminze
1583 1387 1744 1437 cum
1772 1366 1958 1438 omni
1988 1367 2145 1458 jure
2177 1372 2245 1437 et
2279 1360 2711 1458 pertiuentiis
2739 1361 2914 1452 suiS,
2947 1361 3204 1455 quibus
3231 1363 3452 1456 ipsam
3484 1365 3718 1438 villam

890 1496 1291 1585 prenotatus
1316 1487 1655 1561 Rudolfus
1691 1489 1781 1563 de
1820 1485 2247 1562 Lewenrode
2277 1495 2484 1558 autea
2522 1482 2945 1581 possidebat,
2986 1485 3459 1580 prenominato
3487 1488 3722 1563 hono-

892 1612 1089 1684 rabili
1151 1608 1502 1683 Walthero
1569 1611 1800 1684 abbati
1851 1621 1921 1685 et
1967 1610 2338 1685 conventui
2394 1610 2485 1682 de
2532 1610 3012 1703 Halspruunen
3065 1630 3189 1704 pro
3237 1610 3543 1683 remedio
3593 1612 3718 1685 di-

892 1756 1145 1808 vorum
1191 1734 1708 1827 progenitorum
1759 1743 2147 1806 nostrorum
2199 1753 2443 1824 regum
2487 1740 2557 1804 et
2591 1732 3081 1825 imperatorum
3119 1744 3189 1806 et
3226 1744 3453 1808 nostra
3493 1736 3718 1809 salute

897 1858 1143 1931 damus
1195 1867 1266 1930 et
1318 1857 1764 1930 concedimus
1814 1858 2320 1953 imperpetuum
2367 1854 2891 1953 possidendam.
2952 1857 3339 1930 Statuentes
3387 1866 3467 1929 ut
3525 1859 3715 1932 nulla

897 2003 1232 2075 umquam
1262 2002 1555 2074 persona
1580 1981 1865 2052 humilis
1899 1983 2011 2054 vel
2035 1983 2200 2071 alta,
2241 1980 2700 2053 ecclesiastica
2733 1982 2845 2052 vel
2874 1979 3253 2069 mundana,
3295 1979 3555 2054 dictum
3591 1982 3717 2057 ab·

896 2104 1126 2176 batem
1161 2113 1281 2176 aut
1318 2114 1734 2176 conventum
1773 2103 1863 2179 de
1895 2105 2379 2199 Halsprunuen
2410 2104 2484 2175 in
2521 2101 2776 2176 eisdem
2809 2102 3011 2175 bonis
3041 2104 3186 2175 suis
3224 2115 3577 2199 presumat
3607 2109 3713 2180 le-

900 2227 1064 2300 dere
1105 2229 1215 2300 vel
1255 2227 1546 2319 alicujus
1596 2227 1855 2322 ingenii
1891 2228 2263 2323 scruppulo
2299 2226 2667 2322 impedire.
2709 2225 2914 2310 Quod
2947 2225 3069 2318 qui
3103 2226 3340 2299 fecerit
3382 2228 3714 2301 offensam

900 2361 968 2423 et
994 2351 1539 2443 indignationem
1573 2359 1875 2422 nostram
1901 2373 1977 2423 se
2009 2351 2260 2423 sentiat
2283 2349 2677 2421 incurrisse.
2718 2350 2808 2422 Ut
2841 2358 3072 2421 autem
3112 2370 3395 2443 presens
3430 2350 3713 2425 donatio

899 2474 1110 2546 robur
1157 2474 1464 2568 optineat
1496 2481 1829 2568 perpetuo
1867 2475 2271 2562 valiturum,
2302 2482 2683 2567 presentem
2710 2472 2974 2544 literam
3009 2471 3229 2565 sigillo
3253 2484 3483 2547 nostre
3518 2475 3717 2546 celsi-

901 2596 1165 2670 tudinis
1201 2598 1492 2669 fecimus
1525 2596 1861 2670 roborari.

1001 2721 1234 2793 Testes
1267 2730 1428 2792 sunt
1456 2721 1557 2792 bii
1595 2747 1612 2791 :
1655 2721 2069 2794 venerabilis
2103 2722 2537 2792 Hermaunus
2571 2719 3084 2814 Herbipoleusis
3113 2720 3504 2816 episcopus,
3544 2722 3720 2793 Lan·

906 2843 1137 2918 dolfus
1170 2844 1688 2918 Wormatiensis
1735 2846 2032 2937 electus,
2073 2843 2608 2938 Thegenhardus
2655 2842 3025 2939 imperialis
3078 2844 3236 2915 aule
3277 2844 3717 2939 prothonota-

906 2968 1085 3060 rius‚
1123 2969 1487 3042 Heinricus
1534 2968 1842 3042 marchio
1874 2968 1965 3042 de
1998 2972 2367 3063 Burgowe,
2406 2967 2769 3039 Heinricus
2812 2966 2902 3039 de
2936 2967 3156 3040 Niffen
3190 2965 3250 3062 (⁴
3267 2968 3322 3060 ),
3366 2968 3724 3042 Cunradus

905 3089 995 3165 de
1030 3093 1355 3182 Durnun,
1400 3092 1798 3187 Swicgerus
1851 3091 1941 3164 de
1985 3090 2514 3184 Gundelvingen
2536 3144 2555 3180 ,
2596 3089 2955 3162 Heinricus
3004 3088 3096 3162 de
3125 3089 3547 3183 Beigerbach
3600 3092 3724 3185 qui

906 3224 1012 3287 est
1043 3216 1448 3287 salmannus
1484 3216 1798 3308 ejusdem
1830 3215 2088 3310 predii,
2132 3214 2553 3288 Ludewicus
2590 3215 2680 3287 de
2718 3214 3122 3309 Virnsperc‚
3159 3214 3603 3289 Eberhardus
3637 3214 3728 3289 de

909 3337 1524 3433 Hertingesperge‚
1560 3338 2067 3411 Erchenbertus
2103 3338 2338 3430 junior
2382 3337 2473 3411 de
2512 3336 3042 3431 Buoetendorpb
3064 3390 3086 3429 ,
3137 3337 3491 3411 Conradus
3526 3339 3727 3413 bute-

909 3459 1209 3552 gelarius
1246 3461 1336 3535 de
1364 3463 1866 3552 Nuoerinberc,
1908 3472 1977 3534 et
2011 3461 2130 3534 alii
2165 3462 2633 3559 quamplures.

1007 3584 1258 3655 Datum
1286 3585 1474 3679 apud
1501 3585 1998 3676 Nuoerinberc,
2031 3607 2213 3658 auno
2242 3584 2589 3658 dominice
2617 3584 3100 3657 incarnationis
3136 3584 3726 3678 M⁰CC⁶XXX⁶V⁰,

912 3705 1126 3778 tercio
1164 3728 1381 3780 nonas
1415 3708 1767 3800 februarii,
1807 3709 2185 3784 indictione
2209 3718 2478 3783 octava.

985 4064 1061 4138 (4)
1101 4064 1254 4122 Circa
1278 4064 1383 4122 boc
1409 4070 1646 4139 tempus,
1667 4066 1986 4139 legationem
2014 4067 2083 4126 ad
2100 4083 2282 4142 regem
2299 4066 2557 4125 Franciae
2575 4067 2795 4125 missam
2821 4066 2987 4125 fuisse
3004 4068 3291 4140 credimus,
3317 4070 3385 4128 de
3397 4087 3504 4144 qua
3521 4071 3728 4131 Amal.

913 4161 1319 4233 Amantium-sss
1346 4161 1433 4220 his
1467 4163 1651 4221 verbis
1677 4182 1692 4220 ε
1725 4184 1752 4218 α
1783 4164 1941 4221 Anno
1977 4168 2186 4224 ⁴235...
2230 4164 2541 4238 episcopum
2575 4164 2982 4238 Brpipolensem
3018 4181 3142 4223 cum
3178 4167 3246 4223 Η.
3296 4167 3364 4226 de
3399 4168 3518 4226 Nise
3541 4169 3738 4229 direxit

914 4255 1057 4332 [rex]
1082 4260 1138 4315 in
1164 4258 1365 4316 Gallias
1401 4260 1471 4317 ad
1503 4275 1688 4333 regem
1722 4260 2007 4333 Franciae,
2040 4266 2100 4318 ut
2139 4276 2264 4318 cum
2298 4276 2364 4319 eo
2404 4247 2753 4319 convenirent
2796 4262 2864 4318 de
2908 4262 3243 4321 matrimonio
3278 4263 3420 4321 inter
3457 4266 3737 4339 utriusque

915 4371 1111 4427 pueros
1139 4357 1525 4414 contrahendo.
1553 4358 1658 4427 Qui
1690 4359 1967 4415 redierunt
2001 4358 2201 4416 inlecto
2238 4360 2470 4431 negotio.
2500 4377 2529 4412 ι
2554 4359 2658 4433 Ap.
2697 4360 3002 4428 Bolanus,
3036 4360 3255 4431 Fontes,
3282 4367 3325 4417 t.
3357 4363 3460 4434 111,
3507 4380 3566 4436 p.
3606 4367 3731 4422 ⁴08.

914 4449 1239 4525 Episcopum
1273 4452 1418 4509 enim
1443 4454 1883 4529 Herbipolensem
1908 4461 1964 4512 et
1990 4456 2281 4513 ilenricum
2305 4457 2375 4514 de
2396 4457 2578 4515 Nissen
2613 4472 2647 4515 a
2668 4472 2854 4515 mense
2872 4456 3141 4516 februario
3175 4459 3244 4514 ad
3271 4475 3512 4518 mensem
3534 4461 3734 4519 maium

915 4548 1062 4606 curia
1081 4550 1227 4622 rems
1255 4548 1496 4608 abfuisse
1530 4551 1685 4624 quasi
1707 4557 2045 4625 compertum
2074 4553 2355 4612 habemus.
