4842 5802
841 642 1040 703 lnmcr.
1073 640 1163 718 a]
1742 637 2134 699 ms'romn
2185 639 2783 705 umMATmA.
3540 645 3661 708 693

839 772 1027 855 tiam
1062 769 1410 854 concedit
1451 778 1540 850 ut
1582 792 1848 851 omnes
1902 770 2037 879 qui
2072 771 2154 852 in
2198 770 2497 854 civitate
2540 772 2705 881 ejus
2747 772 3259 885 Laudenburg
3300 775 3665 886 elegerint

838 903 1199 1009 residere,
1239 901 1339 984 ab
1373 901 1722 984 omnium
1750 900 2154 984 hominum
2188 902 2573 1013 obsequiis
2613 905 2768 986 sint
2800 907 3156 1014 exempti.

1004 1114 1245 1191 (Inedit.
1278 1132 1357 1176 ex
1382 1115 1637 1177 chartul.
1668 1118 1992 1194 Wormat„
2022 1116 2128 1178 fol.
2161 1125 2277 1178 296
2306 1133 2498 1189 verso,
2524 1119 2588 1177 in
2609 1116 2851 1179 archivo
2875 1117 3389 1197 Darmstadtensi.)

935 1296 1055 1387 H.,
1098 1297 1225 1368 Dei
1256 1296 1474 1388 gratia
1510 1297 1967 1368 Romanorum
1993 1317 2125 1368 rex
2166 1305 2235 1367 et
2272 1318 2542 1391 semper
2581 1308 2950 1392 augustus,
3006 1302 3352 1374 universis
3390 1302 3658 1398 imperii

840 1417 1166 1493 fidelibus
1201 1419 1461 1513 quibus
1496 1440 1781 1514 presens
1810 1420 2031 1491 littera
2061 1420 2267 1491 fuerit
2293 1430 2566 1492 ostensa
2604 1423 2892 1512 gratiam
2943 1445 3139 1495 suam
3175 1435 3242 1497 et
3284 1447 3490 1498 omne
3529 1428 3656 1500 bo-

840 1563 1035 1613 num.
1071 1543 1185 1615 Ex
1217 1542 1460 1614 divina
1498 1543 1934 1637 providentia
1966 1540 2057 1613 ad
2112 1543 2309 1636 regni
2358 1554 2427 1614 et
2463 1543 2734 1639 imperii
2768 1545 3175 1637 dignitatem
3219 1547 3380 1620 ideo
3418 1571 3659 1623 sumus

839 1665 1066 1736 vocati
1110 1676 1190 1735 ut
1230 1666 1557 1738 ecclesias
1598 1675 1668 1737 et
1715 1686 1827 1737 res
1876 1665 2370 1737 ecclesiasticas
2419 1665 2800 1739 debeamus
2840 1668 2930 1741 de
2974 1669 3396 1743 liberalitatis
3426 1683 3657 1747 nostre

840 1787 1311 1860 munificentia
1341 1789 1414 1859 in
1438 1789 1986 1883 possessionibus
2006 1789 2339 1884 ampliare
2367 1799 2438 1860 et
2472 1789 2563 1862 de
2590 1800 2819 1863 nostre
2844 1793 3227 1865 serenitatis
3259 1796 3476 1886 gratia
3507 1818 3656 1868 am-

841 1912 1087 2008 pliatas
1120 1912 1210 1983 ab
1248 1913 1573 1985 omnibus
1608 1913 2118 1984 incursionibus
2149 1910 2444 1985 fideliter
2479 1912 2879 2003 defensare3
2934 1915 3239 1989 maxime
3274 1926 3500 1991 tamen
3539 1939 3658 1992 eos

839 2059 1017 2129 quos
1048 2037 1432 2133 specialiter
1466 2037 1821 2129 diligimus
1852 2037 2131 2132 speciali
2160 2038 2381 2131 gratia
2415 2038 2758 2134 respicere
2800 2041 3125 2111 volumus
3162 2050 3229 2112 et
3275 2041 3650 2135 debemus,

838 2169 1075 2256 utpote
1109 2162 1436 2234 dilectum
1465 2170 1537 2233 et
1560 2161 1963 2233 familiarem
1988 2162 2373 2256 principem
2404 2172 2713 2234 nostrum
2744 2164 2818 2235 L.
2851 2164 3431 2238 Wormaciensem
3473 2168 3653 2239 elec-

837 2291 983 2356 tum
1016 2280 1077 2377 (l
1093 2282 1150 2380 ),
1188 2285 1300 2356 cui
1335 2283 1424 2357 de
1463 2294 1694 2357 nostra
1728 2284 2191 2357 benivolentia
2217 2285 2424 2358 talem
2458 2285 2751 2357 fecimus
2785 2286 3072 2377 gratiam
3109 2300 3178 2358 et
3209 2288 3533 2361 dedimus
3569 2290 3654 2360 li-

838 2408 1165 2481 bertatem
1204 2407 1395 2502 quod
1424 2430 1664 2481 omnes
1695 2408 1817 2502 qui
1854 2408 1927 2478 in
1961 2408 2236 2481 civitate
2265 2428 2393 2479 sua
2424 2408 2891 2502 Laudenburg
2933 2417 3263 2502 tanquam
3307 2411 3498 2484 cives
3531 2413 3656 2484 eli-

838 2534 1063 2625 gerint
1093 2532 1428 2622 residere,
1466 2532 1556 2605 ab
1588 2532 1902 2603 omnium
1932 2530 2293 2603 hominum
2322 2531 2681 2625 obsequiis
2716 2532 2854 2603 sint
2889 2533 3194 2628 exempti
3222 2542 3291 2606 et
3317 2536 3487 2606 nulli
3517 2537 3651 2608 nisi

837 2655 1120 2728 domino
1155 2678 1284 2728 suo
1316 2656 1801 2728 Wormatiensi
1840 2655 2054 2727 electo
2089 2655 2393 2728 serviant
2414 2664 2485 2727 et
2509 2655 2909 2746 intendant,
2943 2658 3092 2728 sive
3121 2656 3319 2728 nobis
3351 2667 3420 2729 et
3445 2659 3650 2730 alicui

836 2801 927 2852 ex
955 2779 1386 2875 principibus
1421 2781 1533 2852 vel
1571 2779 2127 2851 ministerialibus
2164 2779 2413 2852 nostris
2445 2779 2726 2851 attineat
2762 2777 2914 2873 (sic)
2941 2780 3175 2873 aliquo
3201 2782 3386 2871 Jure.
3441 2782 3652 2855 Volu-

835 2924 992 2976 mus
1024 2904 1228 2977 etiam
1260 2905 1452 2998 quod
1483 2904 1673 2976 cives
1708 2904 1780 2974 in
1816 2901 2061 2976 eadem
2092 2903 2369 2976 civitate
2397 2901 2790 2976 residentes
2824 2912 3054 2975 nostra
3099 2903 3189 2976 de
3229 2915 3454 2977 cetero
3476 2928 3655 2999 gau-

837 3022 1043 3098 deant
1074 3024 1496 3097 defensione.
1539 3021 1951 3096 Mandamus
1996 3023 2231 3117 itaque
2266 3031 2336 3094 et
2367 3023 2791 3118 precipimus
2826 3023 3164 3095 universis
3200 3025 3331 3095 sub
3367 3026 3652 3099 obtentu

836 3150 1054 3240 gratie
1085 3159 1315 3223 nostre
1338 3159 1405 3218 et
1442 3148 1707 3242 imperii
1740 3157 1817 3218 ut
1850 3148 2081 3219 nullus
2107 3148 2198 3218 sit
2228 3147 2349 3240 qui
2383 3146 2791 3241 prelibatam
2840 3146 3222 3218 libertatem
3259 3148 3530 3221 civibus
3564 3147 3654 3222 de

833 3271 1300 3366 Laudenburg
1348 3291 1389 3342 a
1438 3270 1640 3342 nobis
1680 3269 2019 3343 indultam
2075 3270 2333 3343 audeat
2366 3269 2813 3362 aliquatenus
2855 3269 3224 3362 infringere
3262 3273 3377 3343 vel
3412 3281 3653 3344 contra

836 3417 1119 3491 presens
1155 3395 1595 3491 privilegium
1640 3393 1711 3465 in
1757 3390 2217 3489 prejudicium
2268 3393 2568 3465 civitatis
2621 3392 2907 3486 aliquod
2965 3401 3389 3487 attemptare.
3453 3392 3655 3477 Quod

838 3521 964 3612 qui
999 3520 1232 3591 fecerit
1253 3518 1798 3612 indignationem
1831 3518 2023 3612 regie
2055 3517 2433 3610 majestatis
2474 3524 2707 3587 nostre
2741 3536 2818 3588 se
2854 3516 3123 3587 noverit
3155 3515 3550 3606 incurrisse,
3587 3526 3656 3588 et

836 3663 965 3713 nos
982 3643 1344 3716 violatores
1370 3643 1589 3738 ipsius
1610 3637 1821 3715 nostri
1848 3640 2193 3737 privilegii
2220 3661 2356 3713 non
2380 3641 2857 3733 relinquemus
2887 3639 3284 3734 impunitos.
3315 3638 3428 3711 Ad
3446 3639 3653 3731 hujus

834 3788 1113 3862 quoque
1140 3766 1298 3838 facti
1323 3776 1574 3839 certam
1596 3764 2017 3839 evidentiam
2033 3772 2103 3838 et
2121 3763 2333 3836 robur
2349 3770 2688 3858 perpetuo
2716 3761 3116 3850 valiturum,
3137 3771 3521 3856 presentem
3543 3763 3653 3834 lit-

836 3897 1051 3961 teram
1084 3898 1383 3962 nostram
1409 3891 1613 3962 scribi
1647 3889 1935 3962 fecimus
1971 3879 2039 3959 et
2062 3887 2290 3979 sigillo
2323 3894 2564 3959 nostro
2593 3883 3030 3957 communiri.

931 4013 1164 4086 Testes
1213 4021 1378 4085 sunt
1423 4012 1524 4084 hii
1570 4039 1587 4084 z
1626 4010 1980 4084 Conradus
2012 4008 2227 4082 abbas
2261 4008 2493 4081 Sancti
2523 4005 2730 4098 Galli,
2794 4058 2811 4076 .
2877 4057 2895 4074 .
2955 4059 2974 4075 .
3032 4004 3250 4077 abbas
3277 4005 3656 4101 Campido-

832 4136 1098 4228 nensis,
1149 4137 1610 4208 Hartmannus
1651 4154 1883 4206 comes
1932 4133 2023 4206 de
2049 4132 2398 4225 Quiburg,
2430 4131 2898 4202 Hartmannus
2934 4149 3162 4201 comes
3194 4127 3286 4201 de
3318 4129 3646 4200 Wirtem-

907 4440 976 4516 (l)
1010 4441 1213 4498 Eodem
1239 4455 1380 4497 auno
1404 4445 1526 4513 post
1545 4440 1752 4496 obitum
1774 4438 1989 4495 Henrici
2010 4438 2262 4511 episcopi,
2289 4435 2579 4494 Landoli'us
2607 4436 2845 4493 decanus
2866 4434 3057 4508 quinta
3079 4434 3167 4491 die
3192 4434 3423 4491 octobris
3447 4433 3652 4491 electus

836 4537 1025 4595 fuerat.
1060 4558 1087 4592 ι
1114 4538 1210 4595 Cui
1238 4539 1411 4613 primo
1439 4537 1595 4594 valde
1625 4536 1766 4592 bene
1788 4535 2047 4593 successit
2064 4576 2080 4605 ,
2114 4535 2240 4608 quia
2280 4533 2515 4591 breviter
2554 4532 2625 4589 ab
2660 4531 3059 4605 archiepiscopo
3101 4530 3406 4602 moguntino
3446 4529 3649 4586 confir-

834 4641 1010 4692 matus
1042 4634 1159 4691 fuit.
1186 4636 1256 4691 Et
1281 4634 1464 4692 statim
1504 4634 1765 4691 accedeus
1791 4632 2102 4704 Ezzelingen
2124 4647 2156 4688 a
2182 4631 2397 4688 domino
2428 4630 2679 4687 Heinrico
2708 4643 2834 4700 rege
2861 4627 3059 4684 ibidem
3081 4627 3338 4684 existente
3377 4626 3648 4699 regalibus

834 4738 919 4790 est
938 4732 1244 4792 investitus.
1272 4733 1301 4785 ι’
1326 4730 1530 4789 Amul.
1569 4732 1824 4788 Wormat.
1855 4745 1945 4804 ap.
1975 4731 2274 4796 Bonane,
2306 4730 2525 4796 Fontes,
2556 4733 2596 4783 t.
2627 4726 2702 4799 11,
2730 4741 2786 4799 p.
2821 4729 2942 4782 ⁴63.
