4842 5802
812 599 1008 660 Inntcr.
1042 596 1128 673 7.]
1711 587 2121 652 ms'ronm·
2152 587 2740 652 ntPLOMA'rch.
3513 587 3636 651 639

910 728 1275 804 Heinricus
1294 781 1316 819 ‚
1356 726 1485 798 Dei
1508 724 1747 819 gratia
1769 726 2234 799 Romanorum
2265 746 2393 798 rex
2420 730 2704 821 'semper
2725 732 3096 817 augustus,
3135 723 3477 795 universis
3503 722 3634 798 hoc

813 854 1144 948 scriptum
1190 848 1635 922 intuentibus*
1659 849 1734 920 iu
1787 856 2229 944 perpetuum.
2282 847 2620 921 Noverint·
2650 846 2958 918 universi
2993 844 3354 939 quod'tam
3381 847 3632 918 consti-

813 977 1195 1050 tutionibus
1233 997 1276 1047 a
1308 983 1541 1046 nostra
1595 973 1947 1065 majestate
1999 988 2223 1066 nuper
2281 970 2359 1042 in
2416 971 2606 1043 curia
2655 968 3136 1041 Frankenfnrd
3184 970 3637 1064 promulgatis

813 1122 1026 1195 quam
1063 1094 1272 1171 etiam
1309 1096 1619 1192 petitioni
1656 1095 1887 1168 dilecti
1912 1095 2254 1190 principis
2278 1095 2492 1167 n'ostri
2530 1095 2609 1166 G.
2653 1094 3070 1166 venerabilis
3101 1093 3486 1164 Bremensis
3522 1114 3634 1165 ec-

815 1218 1974 1315 clesiearchiepiscopi·satisfacere
2005 1217 2409 1312 cupienten
2435 1217 2622 1290 cives
2661 1219 3069 1289 Bremenses·
3091 1227 3161 1288 et
3193 1214 3559 1288 Stadenses
3594 1237 3637 1287 a

826 1345 1246 1441 prestatione
1278 1342 1577 1415 thelonei
1608 1342 1802 1436 quod
1831 1341 1923 1414 ab
1945 1341 2110 1435 ipsis
2136 1340 2213 1412 ‘iu
2236 1341 2517 1414 civitate
2551 1341 2831 1413 Lubeke
2857 1340 3220 1433 hucusque
3258 1340 3448 1432 exigi
3476 1361 3637 1411 cou-

815 1468 1078 1558 suevit,
1118 1466 1372 1539 liberos
1394 1466 1674 1560 penitus
1702 1463 2114 1536 dimittimus
2137 1472 2206 1537 et
2225 1463 2601 1536 absolutos.
2631 1465 2716 1535 Et
2746 1484 2835 1534 ne
2857 1448 2931 1534 id
2963 1463 3284 1557 temporis
3316 1484 3639 1556 processu

817 1591 888 1662 in
924 1589 1219 1664 dubium
1243 1597 1642 1679 revocetur,
1683 1587 2118 1684 presentibus
2155 1587 2398 1660 litteris
2433 1596 2662 1659 nostre
2711 1586 3082 1679 majestatis
3116 1586 3374 1682 apponi
3413 1587 3641 1678 jussi-

823 1735 977 1786 mus
1008 1713 1345 1807 sigillum.

912 1839 1166 1910 Datum
1203 1835 1394 1931 apud
1430 1835 1888 1907 Frankenfurt
1912 1888 1932 1923 ,
1973 1833 2137 1905 idus
2176 1833 2502 1906 februarii
2518 1885 2538 1923 ,
2586 1831 2958 1906 indictione
2983 1833 3298 1927 septima.

922 2393 1334 2500 HenricuS,
1376 2392 1897 2476 Romanorum
1931 2417 2103 2496 rex,
2145 2390 2468 2473 Henrico
2519 2390 2913 2473 Basiliensi
2969 2393 3318 2503 episcopo
3369 2395 3451 2475 in
3499 2421 3640 2477 so-

820 2525 1051 2608 lemni
1080 2527 1312 2609 curia
1363 2526 1736 2634 probante
1787 2524 2214 2635 Eginonem
2268 2524 2623 2607 comitem
2677 2524 2773 2605 de
2833 2523 3159 2633 Friburg
3211 2526 3308 2607 de
3360 2552 3646 2636 argen-

822 2657 1158 2740 tifodinis
1193 2669 1269 2741 et
1323 2659 1686 2741 custodiis
1751 2658 2138 2768 sylvarum
2191 2683 2326 2765 per
2377 2656 2912 2767 Brisgaugiam
2947 2657 3281 2768 legitime
3327 2660 3427 2741 ab
3480 2660 3645 2768 ipso

821 2788 1298 2874 infeudatum
1335 2816 1541 2899 esse,
1580 2792 1677 2873 de
1710 2790 2184 2899 providentia
2227 2789 2524 2872 consilii
2580 2789 2699 2872 sui
2751 2791 3107 2873 eumdem
3159 2792 3514 2875 comitem
3567 2795 3646 2876 in

823 2925 1374 3031 possessionem
1437 2923 2003 3033 praedictorum
2064 2924 2447 3007 bonorum
2518 2922 2795 3029 mittit,
2851 2949 3092 3033 eaque
3145 2925 3390 3009 eidem
3444 2953 3646 3010 con-

822 3053 1101 3140 firmat.
2605 3071 2614 3084 '

982 3271 1259 3352 (Edider.
1305 3270 1619 3334 Gonni-sm.
1640 3317 1661 3352 ‚
1714 3267 2047 3356 Catholicon
2088 3270 2177 3330 rei
2221 3277 2435 3333 monet.
2456 3313 2475 3344 ,
2529 3287 2592 3348 Ρ.
2644 3279 2751 3331 101
2765 3312 2782 3330 .
2818 3302 2898 3315 —
2934 3270 3134 3332 Lumo
3150 3313 3169 3345 ,
3217 3270 3610 3335 Rdchsarchiv
3621 3319 3643 3350 ,

1062 3386 1111 3441 t.
1140 3378 1344 3452 XVII,
1376 3395 1439 3455 p.
1475 3386 1614 3440 140.
1640 3410 1723 3423 —-
1749 3377 2101 3451 Lounoar„
2126 3375 2277 3437 Acta
2297 3374 2568 3455 publica,
2594 3382 2643 3436 t.
2671 3378 2728 3451 Ι,
2759 3393 2891 3454 cap.
2922 3378 2998 3450 V,
3029 3393 3091 3453 p.
3128 3385 3221 3437 3ο.
3252 3408 3330 3422 -
3356 3376 3646 3456 Duuour,

1069 3482 1248 3563 Cotyn
1272 3479 1605 3563 diplomat„
1634 3489 1781 3544 tom.
1814 3479 1895 3557 1‚*
1920 3499 2060 3560 pars
2082 3483 2134 3560 1,
2164 3500 2220 3561 p.
2261 3491 2395 3544 173.
2429 3515 2507 3529 —
2534 3482 2947 3557 Senom’rmv,
2987 3481 3140 3542 Hist.
3181 3479 3642 3562 Zarinqo-Bad.,

1064 3591 1116 3649 t.
1135 3587 1244 3663 IV,
1265 3605 1328 3666 Ρ.
1356 3590 1952 3661 189.·-Tnou11.n·r,
1968 3585 2233 3650 Monam.
2257 3585 2327 3646 de
2345 3585 2518 3647 Pano.
2552 3585 2746 3646 έυέεΙιέ
2767 3584 2836 3646 de
2860 3584 3023 3663 Bate,
3046 3588 3157 3660 t.1‚
3179 3604 3240 3663 Ρ.
3257 3595 3395 3660 538,
3415 3596 3484 3646 n⁰
3503 3597 3642 3649 361.

1074 3723 1156 3737 -
1178 3692 1477 3774 Panum,
1502 3694 1653 3754 ΗΜ.
1696 3692 1850 3754 visto.
1864 3739 1886 3770 ,
1915 3693 2151 3754 dissert.
2178 3693 2253 3753 de
2279 3695 2467 3771 pagis,
2498 3710 2557 3770 p.
2604 3701 2713 3765 76,
2743 3709 3047 3769 perperam
3081 3692 3195 3753 boc
3234 3693 3649 3754 documentum

1066 3795 1323 3860 Hem-ico
1355 3800 1618 3877 Raspont
1646 3797 1876 3860 tribuit.
1916 3799 2226 3876 Nusquam
2255 3804 2454 3859 tamen
2480 3798 2658 3876 plane
2683 3803 3010 3858 correctum
3036 3798 3131 3858 vel
3159 3798 3237 3859 ad
3260 3797 3439 3859 fidem
3467 3801 3646 3877 origi·

1068 3903 1222 3965 nulls
1248 3904 1613 3983 descriptum
1638 3901 1926 3981 videtur.)

920 4047 1324 4140 Heinricus‚
1377 4049 1503 4122 Dei
1555 4049 1776 4143 gratia
1810 4049 2269 4121 Romanorum
2302 4070 2434 4120 rex
2480 4058 2547 4121 et
2580 4068 2849 4143 semper
2898 4057 3269 4140 augustuS,
3312 4049 3654 4121 uni-versis

827 4168 1097 4264 imperii
1134 4171 1460 4244 fidelibus
1486 4172 1745 4266 quibus
1786 4193 2073 4268 presens
2125 4171 2348 4244 littera
2403 4172 2608 4243 fuerit
2640 4180 2942 4260 ostensa,
3001 4173 3288 4264 gratiam
3336 4194 3532 4245 suam
3582 4181 3656 4244 et

829 4312 1102 4366 omnem
1132 4295 1709 4368 benevolentiam.
1753 4294 1842 4367 Ut
1884 4293 1977 4367 ad
2021 4303 2285 4367 nostros
2321 4315 2751 4367 successores
2801 4295 3208 4389 perveniant
3238 4292 3539 4366 firmiora
3569 4316 3653 4367 ea

831 4437 966 4510 que
998 4439 1228 4491 coram
1261 4418 1461 4491 nobis
1487 4429 1822 4513 aguntur,
1863 4419 2244 4491 litterarum
2291 4418 2679 4491 testimonio
2712 4417 3273 4490 commendamus
3305 4438 3394 4490 ne
3432 4427 3654 4491 tractu

830 4542 1154 4636 temporis
1185 4564 1228 4614 a
1265 4541 1456 4614 labili
1492 4542 1851 4616 hominum
1880 4541 2213 4615 memoria
2249 4549 2684 4615 evanescant.
2744 4540 3173 4612 Meminerint
3229 4542 3436 4634 igitur
3486 4564 3654 4637 pre-

832 4673 1056 4739 sentes
1104 4675 1172 4739 et
1237 4677 1729 4761 recognoscant
1778 4668 1990 4740 futuri
2061 4664 2256 4761 quod
2317 4664 2607 4738 dilectus
2663 4666 2981 4759 princeps
3037 4675 3263 4736 noster
3323 4667 3656 4742 Henricus

3730 2412 4014 2457 Frankenfort
4024 2446 4040 2468 ‚

3751 2470 3800 2511 in
3822 2468 4008 2510 solemni

3727 2575 3782 2618 ιε
3806 2532 4032 2618 rahnida.
