4842 5802
848 580 1046 641 Ineter.
1077 576 1163 661 9.]
1753 573 2151 636 HISTORIA
2199 571 2788 634 DIPLOMATICA.
3554 575 3668 637 901

959 1138 1386 1221 Fridericus
1400 1198 1424 1241 ,
1475 1137 1996 1219 Romanorum
2057 1134 2496 1243 imperator,
2558 1133 2818 1217 scribit
2868 1134 3230 1216 Romanis
3254 1199 3279 1241 ,
3340 1144 3667 1218 veterem

857 1271 1182 1382 gloriam
1237 1270 1450 1353 urbis
1494 1270 1779 1352 Romae
1831 1291 2439 1350 commemorans
2482 1276 2558 1349 et
2600 1266 2971 1348 desidiam
3024 1267 3365 1375 ipsorum
3413 1267 3671 1350 incre·-

855 1428 1050 1512 pans
1074 1467 1098 1511 ,
1158 1403 1625 1510 mandatque
1677 1410 1763 1483 ut
1830 1399 2124 1510 legatos
2175 1424 2370 1509 quos
2421 1408 2609 1481 tunc
2672 1399 3062 1508 Augustae
3120 1409 3461 1483 moratus
3524 1401 3668 1484 sibi

857 1534 1056 1617 mitti
1092 1534 1407 1643 petierat
1449 1558 1588 1615 nec
1629 1532 1710 1613 in
1756 1531 2053 1614 Italiam
2096 1531 2406 1613 veniens
2452 1530 2774 1633 invenit,
2829 1532 3394 1640 promptissime
3435 1559 3672 1642 expe-

860 1666 1105 1773 diant,
1136 1666 1438 1775 plenius
1475 1664 1573 1747 ad
1609 1663 1851 1746 ardua
1886 1663 2187 1773 negotia
2221 1663 2659 1746 instructos,

1023 1894 1255 1973 (Edidit
1291 1896 1484 1956 Fun.
1515 1893 1734 1967 Hmn,
1785 1888 1932 1953 Cau.
1972 1891 2233 1952 Menum.
2268 1897 2377 1952 vet.
2411 1898 2470 1953 et
2503 1908 2646 1966 rec„
2684 1898 2732 1952 t.
2764 1894 2829 1969 1,
2868 1894 3025 1952 inter
3062 1893 3201 1953 Lite.
3233 1894 3431 1972 princ.
3471 1902 3529 1956 ee
3550 1896 3661 1958 vir.

1101 1998 1314 2075 illust„
1338 2010 1408 2061 n⁰
1433 1999 1599 2076 XVI,
1629 2017 1694 2077 p.
1727 1997 2044 2077 223-225.)

959 2199 1398 2287 Fredericus,
1438 2197 1564 2270 Dei
1605 2196 1825 2290 gratia
1854 2196 2317 2268 Romanorum
2359 2195 2729 2291 imperator
2771 2217 3040 2292 semper
3073 2206 3443 2290 augasma,
3480 2201 3675 2271 Jeru-

865 2323 1078 2396 salem
1103 2333 1175 2395 et
1206 2321 1436 2393 Sicilie
1464 2341 1619 2412 rex,
1652 2319 1947 2391 senatori
1973 2319 2384 2413 senatuique
2413 2320 2805 2415 populoque
2831 2322 3136 2395 Romano
3166 2323 3451 2416 gratiam
3475 2345 3675 2397 suam

866 2457 936 2519 et
970 2465 1172 2519 omne
1206 2446 1494 2517 bonum.
1529 2443 1856 2516 Instantia
1900 2441 2374 2514 sollicitudinis
2423 2453 2650 2517 nostre
2686 2466 2824 2538 qua
2874 2467 3001 2517 vos
3039 2444 3217 2517 inter
3265 2445 3672 2521 domesticas

866 2591 1067 2642 curas
1090 2578 1159 2641 et
1191 2569 1430 2640 molles
1465 2567 1748 2641 delicias
1779 2566 2192 2640 dormientes
2224 2565 2316 2638 ad
2352 2563 2706 2659 dignitatis
2738 2567 3018 2661 antique
3058 2568 3327 2662 fastigia
3356 2570 3674 2664 cupimus

866 2693 1201 2784 excitare,
1255 2688 1592 2763 firmitatis
1644 2692 1943 2786 perfecte
1996 2690 2447 2762 constantiam
2503 2699 2572 2762 et
2628 2689 3134 2782 magnificentie
3175 2702 3404 2765 nostre
3450 2696 3672 2767 zelum

866 2837 1075 2912 quem
1120 2815 1210 2889 ad
1260 2814 1807 2887 reformationem
1859 2813 2130 2908 imperii
2185 2822 2254 2885 et
2297 2812 2515 2886 decus
2555 2813 2759 2886 Urbis
2790 2815 2923 2887 alta
2961 2823 3192 2888 mente
3242 2817 3668 2912 accepimus,

869 2942 1226 3014 manifeste
1272 2939 1604 3013 declarat.
1657 2940 1735 3011 In
1776 2948 2122 3033 stuporem
2165 2947 2644 3012 verumtamen
2694 2940 3002 3011 omnium
3039 2941 3331 3013 vertitur
3372 2944 3465 3017 ad
3504 2966 3680 3039 quos

867 3066 981 3139 vel
1017 3064 1301 3158 antiqua
1338 3062 1668 3135 memoria
1703 3062 1814 3134 vel
1853 3083 1945 3134 ex
1976 3062 2136 3135 facti
2171 3061 2412 3134 notitia
2457 3061 2745 3135 Romani
2783 3062 3104 3135 culminis
3145 3066 3325 3138 fama
3371 3068 3681 3160 pervenit

867 3199 937 3263 et
970 3190 1092 3284 qui
1120 3197 1564 3261 monumenta
1590 3195 1901 3259 veterum
1929 3187 2369 3282 perlegerunt
2401 3195 2472 3258 et
2502 3206 2685 3258 nova
2709 3185 3171 3278 considerant,
3209 3209 3348 3284 que
3381 3190 3681 3263 alterca-

869 3313 1091 3385 tiones
1128 3320 1311 3383 tante
1350 3331 1579 3407 queve
1617 3311 1899 3385 materia
1944 3311 2156 3406 possit
2197 3310 2423 3382 inesse
2466 3309 2577 3381 vel
2619 3330 2829 3382 causa
2867 3330 3008 3404 que
3048 3329 3176 3382 vos
3215 3332 3256 3382 a
3291 3322 3520 3385 vestre
3553 3336 3679 3385 no-

869 3434 1153 3507 bilitatis
1182 3433 1448 3527 origine
1493 3433 1715 3504 taliter
1757 3433 2082 3506 alterarit.
2123 3431 2374 3504 Verum
2411 3434 2539 3504 etsi
2578 3433 3045 3528 progenitores
3070 3433 3310 3523 vestri,
3346 3437 3681 3509 vastitatis

871 3565 940 3627 et
974 3555 1224 3626 cineris
1264 3555 1536 3646 Trojani
1570 3554 1881 3650 reliquie,
1935 3554 2177 3627 urbem
2212 3555 2497 3627 Romam
2541 3556 2611 3625 in
2655 3554 3259 3628 contradictionem
3304 3557 3678 3631 confinium

874 3698 1321 3775 personarum
1368 3677 1440 3748 in
1493 3676 1700 3750 totius
1746 3677 1935 3750 orbis
1986 3676 2325 3750 invidiam
2367 3677 2883 3769 fundavissent,
2928 3673 3059 3772 [in]
3101 3678 3319 3773 ipsam
3369 3683 3561 3753 velut
3604 3683 3676 3754 in

873 3801 1179 3874 omnium
1213 3799 1491 3872 urbium
1537 3809 1747 3895 caput
1777 3820 1897 3895 per
1933 3800 2169 3874 sedem
2204 3800 2471 3894 imperii
2500 3800 2709 3873 totius
2745 3801 3123 3896 reipublice
3148 3822 3417 3875 summa
3455 3812 3680 3877 trans-

874 3925 1052 4016 lata,
1105 3945 1232 3998 vos
1281 3944 1468 3995 nova
1518 3923 1912 4018 posteritas,
1962 3923 2194 4017 magni
2237 3923 2536 3995 nominis
2578 3923 2824 3996 umbra
2865 3925 3166 3995 contenti
3214 3925 3679 4022 solummodo,

874 4049 1042 4123 aviti
1079 4046 1471 4144 patrimonii
1518 4047 1733 4120 vestri
1764 4046 1979 4119 decus
2011 4057 2078 4119 et
2120 4047 2406 4141 gloriam
2454 4047 2526 4117 in
2574 4067 2938 4119 numerosa
2986 4055 3214 4140 strage
3250 4052 3682 4143 querentium

856 4152 1287 4266 'adquisitam
1311 4225 1330 4260 ,
1382 4193 1593 4265 quam
1643 4170 1936 4243 retinere
1983 4169 2207 4265 potuit
2244 4192 2407 4243 cura
2456 4169 2739 4262 facilior,
2788 4168 2962 4265 proh
3007 4166 3271 4265 pudor!
3321 4173 3476 4246 aliis
3525 4177 3682 4248 reli-

873 4294 1145 4388 quistis.
1184 4294 1362 4383 Ecce
1390 4314 1577 4365 nunc
1603 4291 2218 4367 Mediolanensium
2245 4291 2566 4386 superbia
2602 4290 2836 4364 sedem
2867 4291 2957 4363 ab
2994 4291 3313 4385 aquilone
3343 4294 3476 4367 sibi
3522 4318 3683 4370 con·

877 4418 1123 4509 stituit,
1159 4439 1295 4489 non
1353 4424 1671 4490 contenta
1710 4414 2140 4490 solummodo
2178 4414 2370 4511 quod
2397 4416 2613 4489 Rome
2645 4415 2736 4487 sit
2768 4414 3009 4487 similis
3040 4416 3173 4488 nisi
3206 4418 3513 4494 Romano
3551 4420 3680 4493 im-

879 4544 1070 4637 perio
1124 4540 1574 4615 contradicat.
1639 4541 1817 4615 Ecce
1868 4540 1967 4614 bii
2027 4540 2149 4636 qui
2206 4540 2610 4613 tenebantur
2662 4538 2903 4627 vobis,
2961 4549 3040 4610 ut
3095 4538 3371 4633 dicitur,
3430 4542 3683 4619 tributa

883 4667 1300 4773 persolvere,
1353 4667 1556 4739 vobis
1600 4667 2047 4740 contumelias
2091 4665 2382 4739 afferunt
2428 4686 2555 4760 pro
2599 4665 2896 4738 tributis.
2932 4663 2992 4737 Ο
3024 4686 3236 4759 quam
3272 4675 3432 4738 sunt
3468 4666 3598 4742 bec
3637 4692 3681 4744 a

3764 1155 4014 1210 [numm]
