4842 5802
871 653 1069 716 Ιιωιπ.
1098 653 1188 735 6.]
1768 654 2173 717 ΗῙῦΤθΚῙΑ
2220 654 2813 717 mvnoua‘rlcfl.
3582 653 3701 716 607

872 788 1359 886 cysterciensis
1393 787 1660 861 ordinis
1691 810 1738 862 a
1767 789 2321 884 progenitoribus
2355 790 2604 864 nostris
2638 790 3032 881 fundatam,
3072 788 3338 860 cunctis
3365 808 3699 884 superve-

872 915 1225 991 nientibus
1260 923 1400 986 tam
1419 911 1759 999 divitibus
1780 928 1990 1007 quam
2012 915 2474 1011 pauperibus,
2517 915 2807 988 infirmis
2839 922 2908 987 et
2938 915 3317 1008 peregrinis
3346 912 3439 986 ad
3464 914 3700 987 omnia

871 1040 1169 1115 caritatis
1219 1050 1292 1113 et
1336 1038 1817 1134 hospitalitatis
1860 1060 2106 1136 opera,
2166 1041 2328 1114 licet
2378 1042 2471 1115 ad
2526 1041 2660 1115 hoc
2708 1040 2940 1113 minus
2998 1039 3326 1131 sufficiat,
3385 1049 3695 1134 oportere

868 1186 1141 1260 semper
1173 1184 1327 1239 esse
1360 1174 1716 1259 paratam3
1767 1163 1947 1236 hanc
1982 1163 2201 1261 ipsius
2235 1165 2791 1239 insufficientiam
2823 1164 3294 1238 misericordia
3331 1164 3520 1237 ducti
3552 1165 3696 1237 ali-

866 1290 1281 1385 quantulum
1328 1288 1696 1363 sublevare
1728 1288 2145 1385 cupientes,
2212 1290 2689 1385 significamus
2751 1289 3185 1363 universitati
3231 1302 3458 1363 vestre
3506 1290 3698 1385 quod

871 1435 997 1487 nos
1031 1414 1121 1488 de
1180 1413 1416 1485 innata
1457 1412 1661 1486 nobis
1702 1413 1899 1507 regia
1928 1414 2361 1507 benignitate
2398 1416 2764 1489 ‘ecclesiam
2813 1423 3114 1487 nostram
3162 1413 3244 1484 in·
3287 1412 3693 1489 'Annewilre

871 1556 1033 1608 cum
1066 1536 1256 1609 omni
1275 1536 1434 1628 jure
1459 1557 1587 1608 suo
1609 1535 1811 1609 beate
1830 1536 2043 1611 Marie
2069 1536 2372 1631 Virginis
2404 1535 2715 1610 dominio
2739 1537 2814 1608 in
2839 1536 3083 1610 eodem
3109 1538 3260 1609 loco
3292 1536 3698 1610 liberalitate

870 1658 1079 1751 regali
1115 1679 1276 1731 cum
1314 1657 1589 1733 vacabit
1623 1658 2074 1751 contulimus,
2123 1658 2217 1731 ad
2263 1659 2612 1756 predictos
2648 1660 2919 1755 pietatis
2952 1682 3119 1732 usus
3155 1669 3488 1755 perpetuo
3518 1683 3694 1756 pos-

868 1780 1260 1857 sidendam.
1298 1780 1408 1856 Ad
1442 1780 1840 1874 hujusmodi
1868 1783 2082 1876 igitur
2110 1783 2278 1856 facti
2314 1783 2530 1856 nostri
2566 1784 2968 1857 memoriam
2989 1783 3446 1857 roborandam
3467 1839 3488 1877 ,
3527 1806 3691 1880 pre-

868 1914 1133 1980 sentem
1164 1906 1455 1979 litteram
1492 1905 1719 2001 sigillo
1764 1915 1997 1980 nostro
2028 1907 2522 1981 communitam
2557 1906 2879 1980 fratribus
2912 1907 3132 2003 ipsius
3154 1908 3443 1981 ecclesie
3479 1907 3690 1981 duxi-

867 2050 1028 2102 mus
1062 2030 1576 2122 assignandam.
1606 2024 1613 2031 ’
1928 2062 1933 2079 ·

964 2154 1199 2226 Testes
1236 2163 1400 2225 sunt
1433 2152 1532 2224 hii
1569 2178 1587 2224 ε
1628 2152 1993 2228 Cunradus
2022 2154 2240 2227 abbas
2273 2154 2503 2227 Sancti
2537 2154 2746 2247 Galli,
2786 2155 2981 2229 Cuno
3018 2155 3236 2229 abbas
3281 2155 3372 2229 de
3407 2157 3683 2229 Wizen·

866 2276 1064 2368 burc,
1103 2276 1469 2349 Heinricus
1495 2298 1728 2351 comes
1756 2276 1846 2350 de
1861 2278 2145 2368 worda,
2177 2276 2591 2351 Anshelmus
2626 2277 2717 2351 de
2746 2278 3212 2373 Rapoldstein‚
3252 2279 3689 2353 Eberhardus

871 2401 1136 2497 dapifer
1170 2401 1261 2476 de
1305 2404 1712 2499 Walppurc,
1766 2404 1852 2475 H.
1890 2404 2307 2477 camerarius
2351 2403 2442 2477 de
2470 2403 2963 2496 Ravensburg,
3013 2404 3091 2473 F.
3135 2404 3339 2476 frater
3371 2425 3576 2494 suus,
3618 2414 3689 2477 et

868 2525 985 2599 alii
1018 2527 1489 2622 quamplures.

966 2649 1213 2735 Actum
1227 2651 1417 2745 apud
1434 2650 1873 2727 Sunnisheim
1894 2649 1955 2746 (Δ
1971 2650 2028 2748 ),
2057 2673 2243 2724 anno
2269 2651 2616 2724 dominice
2627 2649 3117 2725 incarnationis
3131 2650 3682 2743 M.CC.XXX111‚

870 2773 935 2845 X
970 2773 1303 2849 kalendas
1339 2776 1610 2871 aprilis,
1649 2774 2029 2848 indictione
2064 2785 2288 2848 sexta.

968 3351 1339 3436 Henricus
1363 3413 1387 3458 ‚
1445 3352 1968 3437 Romanorum
2020 3379 2153 3438 rex
2174 3418 2197 3463 ‚
2252 3364 2503 3438 ratam
2554 3356 2794 3441 habet
2843 3369 2921 3440 et
2973 3360 3376 3444 confirmat
3437 3365 3691 3447 dona-
3794 3380 4004 3478 wgffin
4016 3465 4033 3488 .

866 3484 1147 3567 tionem
1216 3511 1453 3595 quam
1534 3485 1960 3570 Fridericus
2030 3487 2547 3571 ministerialis
2617 3492 2717 3573 de
2792 3490 3260 3604 Nordlingen
3330 3495 3686 3604 hospitali
3795 3491 3851 3534 ³⁰
3867 3490 4040 3536 w‘fl·

873 3615 1128 3700 Sancti
1164 3617 1485 3728 Spiritus
1520 3621 1617 3703 de
1650 3620 2120 3730 Nordlingen
2155 3622 2253 3706 de
2294 3624 2627 3731 praediis
2672 3623 2832 3707 suis
2868 3625 3068 3709 fecit.

1031 3827 1233 3907 (Edld.
1261 3831 1418 3892 Dm.
1447 3834 1634 3894 Euan.
1662 3832 1855 3912 Donr,
1898 3831 2281 3895 Griindlicher
2315 3834 2549 3897 Ber-ioht
2572 3853 2682 3896 von
2705 3832 3069 3917 Nordlinqen
3110 3837 3216 3914 (17
3226 3839 3333 3918 38)
3352 3883 3370 3918 ‚
3401 3840 3678 3923 Anhang,

1102 3945 1167 3996 n⁰
1193 3937 1410 4016 LXII.)
2302 3970 2308 3974 ·

959 4120 1077 4211 Η.,
1118 4122 1244 4194 Dei
1279 4122 1499 4216 gratia
1525 4123 1984 4222 Romanorum
2016 4146 2146 4198 rex
2184 4136 2254 4199 et
2290 4148 2560 4223 semper
2597 4138 2978 4224 augustuS,
3028 4130 3372 4205 universis
3406 4133 3679 4230 imperii

866 4240 1186 4317 fidelibus
1222 4244 1404 4319 hanc
1445 4248 1768 4341 paginam
1817 4247 2227 4343 inspecturis
2278 4250 2348 4321 in
2400 4262 2837 4346 perpetuum.
2899 4251 3009 4325 Ad
3061 4256 3417 4350 regiminis
3468 4259 3680 4330 nostri

866 4365 1149 4457 gloriam
1196 4378 1267 4441 et
1312 4367 1405 4441 ad
1446 4371 1738 4442 salutem
1789 4373 2118 4445 convenit
2158 4373 2548 4446 animarum
2592 4384 2696 4467 ut,
2748 4378 3086 4472 pensitata
3139 4401 3526 4475 pauperum
3558 4382 3681 4455 Dei

867 4488 1142 4563 miseria
1163 4501 1235 4565 et
1255 4501 1585 4586 egestate,
1622 4494 1935 4590 petitioni
1964 4517 2198 4600 eorum
2237 4499 2472 4572 faciles
2495 4499 2955 4592 inveniamur,
2998 4513 3240 4598 utque
3268 4503 3481 4597 digne
3517 4526 3682 4600 pos-

1710 4667 1715 4674 a

1642 4679 1823 4688 —-——-—.

942 4764 1010 4837 (⁴)
1044 4767 1258 4825 Scilicet
1276 4767 1577 4841 sinsheim,
1602 4771 1780 4828 media
1802 4772 1892 4831 via
1914 4773 2326 4849 Heidelbergam
2352 4774 2493 4835 inter
2517 4782 2574 4835 et
2593 4776 2903 4837 Heilbronn.

876 4673 1043 4683 --α-...α
1054 4677 1110 4685 0—-
