4842 5802
855 604 1056 664 luntcr.
1087 601 1178 679 8.]
1757 599 2149 661 flls'roma
2200 601 2798 667 DIPLOMATch.
3554 607 3675 670 693

853 734 1041 817 tiam
1077 731 1424 816 concedit
1466 739 1554 812 ut
1596 754 1862 813 omnes
1917 732 2051 841 qui
2086 732 2168 814 in
2214 732 2511 816 civitate
2555 734 2720 843 ejus
2762 734 3273 847 Laudenburg
3315 737 3678 848 elegerint

851 866 1213 971 residere,
1254 863 1354 946 ab
1388 862 1737 945 omnium
1765 862 2166 946 hominum
2203 864 2587 975 obsequiis
2628 866 2782 948 sint
2815 869 3169 977 exempti.

1018 1076 1259 1153 (Inedit.
1292 1093 1371 1138 ex
1396 1076 1652 1139 chartul.
1682 1079 2007 1156 wormat„
2036 1078 2143 1140 fol.
2176 1087 2292 1140 296
2321 1095 2512 1151 verso,
2538 1081 2602 1139 in
2623 1078 2865 1141 archivo
2889 1079 3403 1159 Darmstadtensi.)

950 1258 1069 1348 H.,
1112 1258 1239 1330 Dei
1270 1258 1488 1350 gratia
1525 1259 1982 1330 Romanorum
2008 1279 2139 1329 rex
2181 1268 2250 1330 et
2287 1280 2556 1353 semper
2596 1270 2964 1354 augustuS,
3022 1264 3366 1336 universis
3404 1264 3672 1360 imperii

854 1378 1181 1455 fidelibus
1215 1381 1475 1474 quibus
1512 1402 1795 1475 presens
1825 1381 2046 1452 littera
2076 1381 2280 1453 fuerit
2308 1393 2581 1454 ostensa
2618 1384 2906 1474 gratiam
2957 1407 3153 1456 suam
3189 1397 3256 1458 et
3298 1409 3503 1459 omne
3543 1390 3670 1462 bo-

854 1525 1049 1575 num.
1085 1505 1199 1577 Ex
1232 1504 1473 1576 divina
1512 1503 1949 1599 providentia
1983 1504 2074 1576 ad
2126 1505 2324 1597 regni
2373 1515 2441 1576 et
2479 1505 2749 1601 imperii
2782 1506 3190 1599 dignitatem
3234 1509 3394 1582 ideo
3432 1533 3673 1584 sumus

852 1626 1081 1698 vocati
1125 1637 1204 1697 ut
1246 1627 1571 1700 ecclesias
1613 1637 1682 1698 et
1729 1648 1842 1699 res
1891 1627 2385 1699 ecclesiasticas
2435 1627 2814 1700 debeamus
2855 1628 2944 1703 de
2988 1631 3411 1706 liberalitatis
3441 1644 3671 1708 nostre

854 1748 1325 1822 munificentia
1357 1751 1429 1821 in
1453 1751 2001 1845 possessionibus
2020 1750 2353 1845 ampliare
2381 1760 2452 1822 et
2487 1750 2579 1822 de
2604 1761 2834 1825 nostre
2857 1755 3240 1827 serenitatis
3273 1758 3491 1848 gratia
3522 1779 3670 1830 am-

854 1873 1102 1969 pliatas
1133 1874 1225 1945 ab
1261 1875 1588 1946 omnibus
1623 1875 2133 1946 incursionibus
2163 1872 2458 1947 fideliter
2493 1874 2894 1965 defensare;
2948 1877 3252 1951 maxime
3288 1888 3514 1952 tamen
3553 1901 3672 1954 eos

850 2020 1032 2091 quos
1063 1999 1446 2094 specialiter
1480 1999 1835 2091 diligimus
1867 1999 2145 2093 speciali
2174 2000 2394 2093 gratia
2431 2000 2772 2095 respicere
2816 2002 3140 2073 volumus
3176 2011 3245 2074 et
3289 2003 3664 2097 debemus,

851 2130 1090 2218 utpote
1123 2123 1452 2196 dilectum
1479 2132 1551 2194 et
1576 2123 1978 2195 familiarem
2001 2123 2388 2218 principem
2418 2134 2727 2196 nostrum
2758 2125 2832 2196 L.
2865 2126 3445 2200 Wormaciensem
3486 2129 3668 2200 elec-

851 2254 996 2317 tum
1030 2242 1092 2339 (l
1108 2244 1164 2342 ),
1202 2246 1316 2318 cui
1350 2244 1439 2319 de
1478 2255 1708 2319 nostra
1743 2246 2205 2319 benivolentia
2230 2247 2440 2318 talem
2473 2246 2766 2318 fecimus
2799 2247 3086 2339 gratiam
3123 2262 3192 2321 et
3223 2249 3547 2322 dedimus
3583 2252 3668 2322 li-

852 2370 1181 2443 bertatem
1219 2369 1412 2464 quod
1439 2392 1679 2443 omnes
1710 2370 1832 2463 qui
1868 2370 1940 2441 in
1976 2370 2252 2442 civitate
2278 2389 2407 2440 sua
2438 2369 2905 2464 Laudenburg
2946 2378 3277 2464 tanquam
3323 2373 3512 2446 cives
3545 2375 3670 2447 eli-

852 2495 1077 2587 gerint
1107 2495 1443 2585 residere,
1481 2494 1571 2567 ab
1603 2493 1915 2566 omnium
1947 2492 2307 2565 hominum
2336 2493 2694 2587 obsequiis
2731 2494 2868 2565 sint
2903 2495 3208 2588 exempti
3237 2504 3305 2567 et
3331 2498 3501 2569 nulli
3532 2498 3665 2571 nisi

851 2617 1135 2690 domino
1169 2639 1298 2689 suo
1331 2618 1814 2690 Wormatiensi
1855 2617 2069 2690 electo
2103 2616 2407 2689 serviant
2429 2626 2500 2689 et
2524 2616 2922 2707 intendant,
2957 2619 3107 2689 sive
3135 2618 3333 2690 nobis
3366 2629 3434 2691 et
3459 2621 3664 2692 alicui

851 2762 941 2814 ex
968 2741 1400 2838 principibus
1436 2742 1547 2813 vel
1586 2741 2143 2814 ministerialibus
2178 2741 2428 2814 nostris
2459 2741 2739 2812 attineat
2776 2739 2928 2835 (sic)
2956 2741 3190 2835 aliquo
3216 2744 3401 2833 jure.
3455 2744 3666 2817 Volu-

850 2884 1006 2937 mus
1038 2865 1243 2938 etiam
1274 2864 1464 2960 quod
1497 2864 1688 2938 cives
1724 2864 1792 2936 in
1832 2862 2076 2938 eadem
2107 2863 2384 2936 civitate
2411 2862 2805 2937 residentes
2839 2873 3068 2936 nostra
3113 2865 3203 2938 de
3244 2875 3468 2939 cetero
3490 2889 3669 2961 gau-

850 2984 1057 3060 deant
1090 2985 1511 3058 defensioue.
1553 2983 1966 3057 mandamus
2010 2984 2245 3078 itaque
2281 2993 2351 3055 et
2382 2984 2806 3079 precipimus
2840 2985 3179 3056 universis
3214 2986 3345 3057 sub
3381 2988 3666 3061 obtentu

851 3112 1068 3201 gratie
1100 3120 1328 3184 nostre
1352 3119 1420 3180 et
1456 3108 1721 3203 imperii
1755 3118 1831 3180 ut
1864 3109 2096 3181 nullus
2122 3110 2213 3180 sit
2243 3108 2364 3202 qui
2399 3109 2807 3202 prelibatam
2854 3108 3236 3179 libertatem
3273 3109 3544 3182 civibus
3578 3109 3669 3185 de

848 3233 1314 3326 Laudenburg
1362 3253 1403 3304 a
1453 3233 1654 3304 nobis
1696 3231 2035 3306 indultam
2090 3232 2346 3305 audeat
2381 3230 2827 3325 aliquatenus
2868 3230 3239 3323 infringere
3277 3233 3391 3304 vel
3427 3242 3669 3307 contra

852 3379 1133 3452 presens
1170 3356 1608 3453 privilegium
1654 3354 1726 3427 in
1771 3351 2231 3450 prejudicium
2281 3355 2582 3427 civitatis
2635 3353 2921 3448 aliquod
2979 3364 3404 3448 attemptare.
3467 3353 3670 3438 Quod

853 3481 978 3574 qui
1014 3481 1247 3552 fecerit
1267 3480 1810 3574 indignationem
1845 3479 2037 3573 regie
2069 3478 2447 3571 majestatis
2488 3487 2720 3550 nostre
2755 3498 2832 3549 se
2868 3477 3136 3549 noverit
3168 3476 3565 3568 incurrisse,
3602 3488 3671 3551 et

851 3624 979 3676 nos
996 3604 1358 3676 violatores
1384 3605 1603 3700 ipsius
1625 3599 1838 3677 nostri
1863 3602 2208 3699 privilegii
2234 3623 2372 3675 non
2394 3602 2871 3694 relinquemus
2901 3600 3299 3694 impunitos.
3330 3599 3443 3672 Ad
3461 3600 3668 3693 hujus

849 3749 1127 3822 quoque
1155 3727 1313 3798 facti
1337 3737 1589 3800 certam
1610 3726 2032 3801 evidentiam
2048 3734 2117 3799 et
2136 3725 2347 3798 robur
2364 3732 2702 3819 perpetuo
2730 3723 3130 3812 valiturum,
3151 3733 3534 3818 presentem
3559 3724 3667 3795 lit-

849 3858 1065 3922 teram
1097 3860 1397 3923 nostram
1424 3852 1628 3923 scribi
1661 3850 1950 3923 fecimus
1985 3858 2053 3922 et
2076 3847 2303 3942 sigillo
2337 3855 2578 3920 nostro
2608 3845 3045 3918 communiri.

945 3974 1179 4047 Testes
1227 3984 1391 4045 sunt
1437 3973 1538 4045 hii
1584 3999 1601 4045 z
1640 3971 1994 4045 Conradus
2025 3969 2241 4043 abbas
2275 3969 2506 4042 Sancti
2537 3966 2746 4060 Galli,
2809 4020 2826 4037 .
2891 4019 2910 4036 .
2969 4020 2988 4036 .
3046 3966 3264 4039 abbas
3292 3967 3670 4063 Campido-

848 4097 1114 4190 nensis,
1163 4098 1625 4169 Hartmannus
1666 4115 1897 4167 comes
1946 4094 2037 4167 de
2063 4093 2413 4186 Quiburg,
2446 4094 2912 4164 Hartmannus
2948 4111 3177 4162 comes
3209 4089 3301 4163 de
3333 4091 3661 4162 Wirtem-

921 4402 991 4477 (l)
1024 4402 1229 4459 Eodem
1253 4417 1394 4459 anno
1418 4406 1540 4475 post
1559 4401 1766 4458 obitum
1788 4399 2001 4457 Henrici
2024 4399 2276 4473 episcopi,
2303 4396 2594 4454 Landolfus
2621 4397 2859 4454 decanus
2880 4396 3072 4470 quinta
3094 4396 3182 4453 die
3206 4396 3437 4453 octobris
3461 4394 3666 4453 electus

851 4498 1039 4557 fuerat.
1074 4520 1101 4554 ι
1128 4500 1224 4557 Cui
1250 4501 1426 4575 primo
1453 4498 1609 4554 valde
1639 4498 1780 4554 bene
1803 4497 2093 4567 successit,
2128 4496 2254 4570 quia
2294 4494 2529 4552 breviter
2568 4493 2639 4550 ab
2674 4492 3074 4567 archiepiscopo
3115 4491 3421 4564 moguntino
3460 4490 3664 4548 confir-

849 4603 1025 4654 matus
1056 4596 1173 4653 fuit.
1200 4598 1271 4652 Et
1295 4595 1478 4653 statim
1518 4595 1779 4652 accedens
1806 4594 2116 4665 Ezzelingen
2138 4608 2170 4649 a
2196 4593 2410 4649 domino
2442 4591 2693 4648 Heinrico
2721 4605 2849 4661 rege
2875 4589 3074 4645 ibidem
3096 4589 3353 4646 existente
3392 4587 3663 4661 regalibus

849 4699 933 4751 est
953 4694 1259 4754 investitus.
1286 4695 1315 4746 ι’
1340 4691 1544 4750 Armet.
1583 4693 1838 4749 Wormat.
1869 4707 1959 4765 ap.
1989 4692 2288 4757 Boanum,
2320 4691 2539 4757 Fontes,
2569 4693 2610 4744 t.
2641 4687 2717 4758 11,
2743 4702 2800 4760 p.
2836 4690 2958 4743 ⁴63.
