4842 5802
1158 567 1277 626 744
2151 565 2574 625 anmucl
2636 564 2981 625 SECUNDI
3591 569 3752 646 [Ama.
3795 571 3964 632 1235.

1158 703 1356 774 nobis
1392 700 1705 772 ostendat
1745 722 1821 772 se
1868 702 1958 771 ab
2008 701 2295 796 imperio
2336 701 2424 773 de
2460 704 2614 793 jure
2653 700 2930 772 babere.
2972 699 3409 794 Quicumque
3454 723 3621 775 vero
3663 716 3969 778 monetas

1156 826 1408 917 injuste
1435 825 1753 912 tenuerit,
1792 834 2118 918 tanquam
2142 826 2454 896 falsarius
2475 824 2822 917 puniatur.
2855 824 3133 896 Veteres
3158 835 3388 897 autem
3424 836 3693 900 monete
3731 829 3967 903 debito

1153 948 1362 1021 modo
1393 958 1460 1020 et
1485 951 1667 1041 juste
1698 957 1767 1020 et
1800 949 2288 1021 rationabiliter
2318 949 2789 1033 observentur.
2829 948 3119 1019 Omnem
3155 948 3461 1021 fraudem
3499 961 3569 1023 et
3600 952 3962 1026 falsitatem

1154 1073 1226 1143 in
1261 1072 1554 1145 monetis
1588 1071 1736 1144 fieri
1770 1071 2146 1144 districtius
2182 1072 2592 1161 inhibentes,
2614 1083 2921 1165 preterea
2953 1072 3377 1144 falsariorum
3406 1095 3584 1169 pene
3609 1076 3967 1167 subjacere

1154 1197 1588 1270 decrevimus
1622 1218 1860 1268 omnes
1892 1197 2040 1268 illos
2068 1198 2189 1290 qui
2220 1197 2352 1267 sibi
2385 1206 2731 1268 monetam
2767 1196 2918 1268 sive
2944 1197 3226 1269 formam
3256 1197 3476 1270 aliene
3502 1199 3966 1294 impressionis

1151 1330 1511 1415 usurpant.

1253 1448 1324 1515 8.
1379 1445 1476 1515 De
1511 1446 1832 1516 conductu
1874 1445 2276 1536 usurpando.
2315 1444 2528 1517 Stulte
2568 1452 3050 1538 proeumentur
3090 1445 3323 1518 illicita
3362 1446 3479 1517 nbi
3515 1456 3803 1539 questus
3830 1449 3964 1519 im-

1153 1569 1454 1663 probitas
1496 1568 1938 1640 bumanitatis
1989 1566 2398 1640 beneficium
2452 1568 2836 1639 actionibus
2880 1569 3265 1640 venalitatis
3289 1570 3598 1664 exponit.
3660 1571 3968 1645 Firmiter

1154 1693 1547 1764 inhibemus
1584 1714 1669 1764 ne
1703 1692 1862 1785 quis
1897 1690 2314 1763 conductum
2348 1691 2554 1763 alicui
2595 1691 2826 1786 precio
2858 1692 3175 1787 prebeat,
3221 1693 3353 1764 nisi
3382 1696 3501 1785 jus
3526 1693 3965 1767 conducendi

1154 1824 1382 1887 teneat
1419 1816 1509 1886 ab
1544 1815 1828 1908 imperio
1848 1816 2007 1905 jure
2034 1815 2306 1887 feodali.
3905 1821 3908 1825 ’

1254 1937 1324 2010 9.
1366 1940 1464 2010 De
1479 1940 1952 2034 phalburyaris
1990 1950 2051 2011 et
2092 1940 2564 2010 muntmanm‘s.
2594 1938 3017 2034 Precipimus
3047 1952 3126 2010 ut
3147 1938 3589 2034 phalburgari
3625 1941 3693 2010 in
3729 1940 3962 2012 omni-

1154 2062 1287 2134 bus
1301 2064 1697 2135 civitatibus
1715 2063 1947 2135 tamin
1968 2064 2214 2135 nostris
2231 2086 2440 2157 quam
2464 2064 2748 2135 aliorum
2767 2072 3117 2135 cessentet
3132 2073 3615 2136 removeantur
3638 2063 3956 2155 omnino;

1153 2196 1640 2259 muntmannos
1675 2188 1880 2259 etiam
1919 2187 2178 2281 ubique
2209 2209 2474 2260 cessare
2494 2188 2843 2281 jubemus.

1254 2313 1370 2381 ⁴0.
1428 2313 1523 2381 De
1556 2311 1955 2405 piynoribus.
2017 2312 2258 2383 Nullus
2311 2312 2612 2404 aliquem
2665 2312 2817 2383 sine
2865 2312 3265 2384 auctoritate
3305 2310 3563 2403 judicis
3614 2312 3966 2408 provincie

1151 2434 1519 2529 pignorare
1549 2444 1927 2529 presumat.
1962 2435 2166 2518 Quod
2194 2436 2312 2528 qui
2354 2434 2584 2506 fecerit
2619 2444 2946 2529 tanquam
2973 2434 3185 2527 predo
3223 2436 3571 2528 puniatur.

1253 2562 1371 2631 ll.
1430 2562 1524 2630 De
1566 2583 1737 2651 pena
1779 2562 2066 2652 filiorum
2102 2561 2217 2651 qui
2252 2560 2663 2630 committunt
2710 2560 2783 2628 in
2818 2571 3080 2651 patrea,
3128 2570 3188 2628 et
3235 2563 3530 2650 fautores
3570 2582 3800 2631 eorum
3829 2560 3960 2655 (l).

1152 2683 1318 2755 Cum
1356 2683 1545 2779 apud
1576 2705 1815 2755 omnes
1854 2682 2370 2776 ingratitudinis
2395 2682 2640 2752 vitium
2674 2702 2812 2753 non
2850 2682 3002 2754 leve
3028 2683 3119 2753 sit
3148 2683 3433 2769 crimen,
3468 2691 3657 2755 tanto
3685 2685 3969 2776 gravius

1153 2816 1257 2878 est
1291 2806 1359 2876 in
1397 2804 1538 2876 filio
1577 2804 2004 2898 puniendum
2041 2812 2301 2898 quanto
2332 2811 2612 2897 paterne
2647 2803 2915 2896 pietatis
2954 2812 3058 2874 est
3089 2803 3479 2892 immemor,
3521 2806 3723 2895 cujus
3759 2806 3965 2876 bene-

1155 2929 1314 3001 ficia
1360 2930 1548 2999 nullo
1591 2929 1814 3021 potuit
1853 2928 2186 3021 obsequio
2237 2927 2348 2998 vel
2399 2927 2768 2999 devotione
2803 2927 3071 2996 mereri.
3114 2927 3253 2996 Hac
3279 2926 3487 3019 igitur
3511 2927 3787 2998 edictali
3817 2930 3970 3020 lege

1155 3027 1488 3147 perpetuo
1533 3052 1824 3122 valitura
1854 3051 2228 3122 sanctimus
2256 3060 2334 3122 ut
2366 3050 2788 3142 quicumque
2831 3047 3012 3119 filius
3044 3059 3307 3143 patrem
3340 3071 3544 3121 suum
3581 3051 3670 3122 de
3700 3055 3963 3136 castris,

1156 3174 1352 3247 terris
1398 3174 1638 3245 aliisve
1679 3174 2229 3268 possessionibus
2267 3173 2602 3245 violenter
2647 3172 2920 3264 ejecerit
2963 3180 3085 3244 aut
3127 3172 3310 3244 bona
3357 3172 3576 3266 ipsius
3633 3172 3969 3246 incendiis

1157 3298 1532 3370 vastaverit
1562 3297 1675 3369 vel
1711 3298 1971 3392 rapinis
2012 3320 2131 3370 sen
2183 3320 2342 3369 cum
2391 3296 2689 3369 inimicis
2729 3296 2938 3392 patris
2984 3295 3187 3369 fedus
3235 3296 3497 3385 inierit,
3550 3311 3970 3370 sacramenta

1158 3422 1271 3495 vel
1309 3421 1513 3494 fidem
1555 3432 1864 3517 prestans
1902 3424 1970 3493 in
2004 3423 2269 3517 paterni
2304 3421 2580 3494 honoris
2617 3422 2727 3493 vel
2754 3421 3090 3494 bonorum
3115 3422 3332 3516 ipsius
3358 3443 3570 3515 grave
3599 3420 3973 3494 detrimen-

1160 3558 1305 3618 tum
1342 3548 1452 3619 vel
1485 3548 2054 3636 destructionem,
2105 3546 2295 3640 quod
2339 3547 2554 3638 vulgo
2603 3544 3114 3640 verderpnusse
3161 3543 3265 3641 (a)
3307 3555 3641 3618 vocatur:
3686 3548 3744 3617 si
3783 3557 3973 3641 pater

1160 3692 1315 3742 cum
1344 3669 1622 3742 duobus
1643 3670 1813 3741 viris
1834 3670 2013 3741 bone
2037 3669 2381 3764 opinionis
2405 3676 2474 3739 et
2506 3667 2750 3761 integri
2788 3677 3037 3760 status,
3068 3666 3515 3764 synodalibus
3546 3669 3966 3753 bominibus,

1157 3792 1481 3865 eumdem
1524 3792 1742 3863 filium
1778 3790 1870 3863 de
1902 3793 2135 3886 aliquo
2171 3791 2657 3864 maleficiorum
2688 3793 2836 3882 jam
2877 3802 3433 3865 enumeratorum
3472 3813 3698 3864 coram
3729 3792 3972 3883 judice

1243 3979 1328 4060 (a)
1363 3982 1526 4042 Alias
1567 3979 1974 4060 Verdmprmse
1998 3988 2058 4042 et
2096 3979 2522 4060 Vordersnmse.

1234 4297 1309 4370 (l)
1342 4295 1642 4353 Notandum
1673 4300 1759 4352 est
1780 4293 1884 4351 boc
1913 4293 2206 4368 capitulum
2228 4292 2371 4367 apud
2396 4307 2585 4350 omnes
2606 4292 2880 4349 versiones
2908 4291 3265 4365 germanicas,
3300 4304 3528 4361 quarum
3557 4289 3688 4345 ordo
3712 4288 3781 4345 ab
3807 4289 3969 4362 origi·

1162 4395 1268 4453 nali
1297 4395 1462 4450 latino
1485 4393 1740 4462 discedit,
1779 4390 1881 4449 sub
1910 4391 2057 4448 initio
2100 4389 2491 4447 constitutionis
2518 4390 2702 4447 inseri.
2735 4390 2910 4458 Quum
2948 4393 3127 4444 autem
3162 4385 3437 4444 rebellioni
3477 4385 3688 4443 Henrici
3724 4386 3864 4459 regis
3897 4387 3971 4444 ibi

1162 4494 1304 4551 clare
1329 4491 1611 4562 alludatur,
1639 4492 1793 4563 cnjus
1819 4489 2092 4547 destitutio
2119 4488 2173 4544 in
2205 4487 2309 4544 bac
2340 4487 2458 4562 ipsa
2483 4486 2629 4543 curia
2667 4485 2974 4542 denuntiata
3006 4485 3131 4554 fuit,
3171 4482 3445 4541 rebellium
3484 4498 3711 4557 poenam
3746 4483 3970 4541 filiorum

1161 4592 1395 4665 primum
1418 4590 1593 4646 locum
1620 4589 1674 4644 in
1699 4587 1931 4646 editione
1962 4586 2226 4646 teutonica
2255 4585 2548 4645 obtinuisse
2575 4584 2842 4642 credimus
2857 4627 2872 4655 ,
2904 4590 2963 4640 ut
2987 4582 3167 4657 populi
3194 4583 3483 4639 memoriae
3522 4587 3579 4639 et
3615 4583 3772 4655 quasi
3806 4584 3973 4641 oculis

1160 4702 1252 4744 res
1280 4686 1457 4760 aptius
1480 4685 1807 4758 infigeretur.
