4842 5802
830 649 1026 709 lxmcr.
1057 639 1147 724 6.]
1730 638 2125 701 HISTORIA
2179 637 2770 702 nmoMA'rch.
3543 642 3666 705 585

829 771 1213 877 Dillingen
1279 765 1724 851 Godeboldo
1797 768 2055 851 abbati
2108 780 2184 852 et
2243 768 2649 853 conventui
2701 768 2800 851 de
2859 764 3298 852 Neresheim
3367 769 3662 855 confert

825 903 1221 1014 praedium
1258 899 1466 1009 apud
1501 899 1767 982 Zurtin
1781 961 1806 1003 ‚
1850 901 2063 1010 quod
2097 900 2615 984 ministerialis
2653 926 2841 985 suus
2875 900 3169 986 Ulricus
3222 901 3321 984 de
3355 902 3660 988 Truch-

830 1035 1161 1147 telingen
1195 1034 1279 1116 in
1316 1056 1595 1114 manus
1633 1056 1813 1115 suas
1846 1033 2333 1116 contradidit.

981 1238 1179 1312 (Edit.
1207 1253 1305 1315 ap.
1337 1232 1659 1298 Deduction
1678 1232 1798 1315 sur
1829 1233 2186 1311 Nerakeim,
2216 1252 2360 1297 ann.
2397 1244 2586 1311 1⁷59,
2613 1251 2677 1312 p.
2709 1243 2859 1309 440,
2887 1234 3216 1314 Beylagen‚
3249 1243 3316 1298 n⁰
3343 1237 3469 1317 50.)

926 1406 1265 1480 Henricus
1285 1406 1648 1502 septimae,
1679 1404 1921 1480 divina
1951 1408 2227 1481 favente
2256 1406 2621 1480 clementia
2641 1407 3102 1480 Romanorum
3132 1428 3260 1481 rex
3291 1417 3361 1482 et
3388 1429 3661 1504 semper

832 1537 1166 1626 augustus
1184 1582 1207 1622 ,
1263 1528 1610 1603 universis
1664 1530 1933 1625 imperii
1985 1529 2308 1604 fidelibus
2359 1531 2619 1625 quibus
2675 1530 2768 1603 he
2824 1530 3019 1603 litere
3069 1540 3341 1605 ostense
3400 1534 3659 1608 fuerint

832 1654 1120 1749 gratiam
1174 1674 1377 1727 suam
1419 1662 1488 1727 et
1530 1673 1738 1727 omne
1784 1653 2072 1727 bonum.
2119 1653 2233 1727 Ad
2287 1654 2650 1749 utriusque
2694 1654 2841 1727 vite
2894 1654 3284 1729 felicitatem
3331 1657 3661 1752 prodesse

832 1776 1030 1849 nobis
1073 1797 1214 1850 non
1252 1777 1675 1871 ambigimus
1696 1831 1716 1867 ,
1763 1777 1826 1849 si
1872 1778 2024 1851 loca
2053 1776 2296 1851 divino
2330 1778 2545 1850 cultui
2580 1779 2969 1873 mancipata
3003 1781 3480 1855 curaverimus
3509 1806 3660 1856 am-

830 1898 1044 1992 pliare
1091 1907 1160 1971 et
1216 1919 1456 1971 eorum
1511 1898 1877 1973 commodo
1925 1899 2285 1973 intendere
2333 1909 2401 1973 et
2456 1900 2726 1973 honori.
2780 1902 2957 1974 Hinc
3006 1913 3112 1974 est
3152 1901 3339 1996 quod
3390 1904 3658 1999 signifi-

830 2020 1133 2093 candum
1170 2020 1507 2095 duximus
1551 2023 1897 2096 universis
1933 2032 2073 2095 tam
2118 2023 2554 2119 presentibus
2602 2045 2813 2118 quam
2871 2025 3121 2096 futuris
3166 2024 3357 2118 quod
3408 2028 3658 2102 minis-

829 2145 1083 2217 terialis
1124 2154 1358 2218 noster
1391 2146 1662 2219 Ulricus
1697 2146 1789 2220 de
1833 2147 2326 2242 Truhtelingen
2380 2146 2699 2243 predium
2748 2147 2939 2243 apud
2978 2148 3217 2219 Zurtin
3266 2160 3577 2245 emptum
3614 2176 3659 2228 a

829 2267 1256 2342 ministeriali
1309 2279 1542 2341 nostro
1592 2269 2043 2343 Reimbotone
2095 2270 2187 2343 de
2222 2269 2593 2342 Voheburc
2642 2291 2802 2342 cum
2838 2269 3162 2341 omnibus
3193 2272 3652 2367 appendiciis,

831 2391 1152 2483 ccclesia,
1194 2389 1630 2481 molendino,
1673 2392 2064 2487 mancipiis,
2102 2392 2288 2486 agris
2332 2392 2534 2465 cultis
2568 2401 2637 2465 et
2671 2391 2972 2483 incultis,
3028 2393 3449 2487 nemoribus,
3493 2419 3654 2492 pra·

831 2512 941 2604 tia,
979 2513 1292 2608 pascuis,
1332 2514 1534 2608 aquis
1581 2536 2060 2610 aquarumque
2111 2514 2521 2589 decursibus
2551 2525 2620 2588 et
2667 2515 2927 2611 piscina
2958 2514 3032 2586 in
3088 2535 3336 2588 manus
3393 2530 3660 2593 nostras

831 2635 1248 2711 contradidit
1280 2645 1348 2709 et
1377 2637 1686 2711 donavit.
1730 2640 1869 2712 Nos
1903 2640 2164 2734 itaque,
2201 2638 2295 2712 ad
2320 2639 2717 2735 petitionem
2754 2638 2970 2735 ipsius
3000 2638 3234 2729 Ulrici,
3276 2640 3658 2733 predictum

830 2758 1147 2853 predium
1204 2760 1494 2834 ecclesie
1544 2760 1636 2836 de
1682 2763 2040 2836 Nersheim
2092 2784 2188 2835 ex
2235 2762 2612 2836 deliberato
2668 2764 2951 2836 consilio
3001 2773 3071 2836 et
3119 2766 3429 2837 consulta
3471 2764 3660 2838 deli-

829 2878 1186 2957 beratione
1221 2905 1491 2958 necnon
1515 2937 1773 2959 .....
1816 2884 2223 2962 Godeboldo
2262 2886 2494 2960 abbati
2533 2895 2604 2960 et
2640 2887 3014 2962 conventui
3052 2886 3368 2982 ejusdem
3404 2888 3538 2962 loci
3572 2912 3656 2963 ac

835 3007 1354 3081 successoribus
1385 3008 1794 3082 eorumdem
1817 3031 1942 3106 per
1968 3033 2218 3084 manus
2242 3011 2475 3084 dilecti
2500 3009 2727 3085 fidelis
2745 3013 2954 3086 nostri
2979 3012 3248 3085 comitis
3262 3013 3666 3088 Hartmauni

831 3127 917 3202 de
949 3131 1272 3226 Dilingen
1316 3133 1737 3206 contulimus
1779 3143 1849 3207 et
1890 3133 2443 3208 contradidimus
2478 3137 2684 3232 pleno
2707 3137 2867 3229 jure
2919 3136 3132 3209 libere
3179 3136 3557 3210 tenendum
3592 3147 3663 3212 et

829 3264 1164 3350 perpetuo
1226 3253 1765 3350 possidendum3
1824 3259 2232 3331 mandantes
2287 3269 2358 3331 et
2393 3260 2530 3332 sub
2567 3259 3115 3333 interminatione
3160 3260 3380 3352 gratie
3433 3270 3665 3334 nostre

828 3374 1137 3451 districte
1185 3378 1648 3474 precipientes
1695 3389 1776 3452 ut
1810 3382 1999 3454 nulla
2043 3404 2351 3476 unquam
2399 3404 2697 3478 persona
2744 3383 3024 3455 humilis
3068 3383 3180 3456 vel
3223 3385 3394 3475 alta,
3441 3384 3664 3458 eccle-

828 3498 1101 3573 siastica
1139 3502 1253 3574 vel
1302 3501 1698 3596 mundana,
1749 3503 1919 3576 huic
1970 3504 2326 3579 donationi
2371 3507 2711 3580 contraire
2762 3507 3017 3580 audeat
3060 3528 3232 3579 ausu
3282 3505 3492 3578 ducta
3543 3517 3660 3580 te-

827 3621 1122 3694 merario
1140 3675 1162 3713 ,
1202 3633 1321 3696 aut
1364 3625 1600 3699 abbati
1647 3635 1719 3699 et
1766 3629 2138 3700 conventui
2187 3629 2537 3724 prelibatis
2585 3630 2698 3702 vel
2738 3629 3252 3702 successoribus
3294 3648 3534 3700 eorum
3582 3631 3656 3704 in

829 3741 983 3839 ipso
1041 3744 1282 3839 predio
1338 3747 1673 3823 damnum
1744 3760 1868 3824 aut
1933 3773 2307 3846 gravamen
2378 3752 2659 3846 aliquod
2720 3752 3025 3844 irrogare
3049 3803 3070 3842 ,
3124 3770 3246 3823 seu
3289 3751 3649 3826 ecclesiam

825 3866 896 3938 in
931 3866 1179 3941 eodem
1215 3881 1566 3966 presumat
1597 3871 1892 3965 alicujus
1942 3874 2202 3969 ingenii
2253 3874 2581 3970 scrupulo
2612 3873 3002 3963 molestare;
3047 3872 3216 3945 alias
3260 3873 3383 3968 qui
3429 3876 3654 3950 facere

823 3995 1357 4089 presumpserit,
1429 3997 1974 4092 indignationem
2046 3998 2383 4073 tremendi
2444 3998 2707 4093 judicis
2772 4005 3144 4093 nostreque
3223 3998 3653 4072 celsitudinis

825 4137 1110 4210 gravem
1163 4119 1494 4194 offensam
1554 4122 2026 4197 indubitanter
2080 4146 2159 4199 se
2224 4125 2498 4198 noverit
2554 4124 2951 4198 incurrisse.
3011 4122 3126 4198 Ad
3175 4124 3376 4217 cujus
3444 4125 3651 4198 etiam

825 4240 983 4312 facti
1035 4251 1107 4315 et
1157 4242 1551 4318 donationis
1605 4256 1836 4321 nostre
1891 4249 2290 4323 memoriam
2340 4247 2732 4324 evidentem
2787 4257 2858 4323 et
2909 4248 3124 4322 robur
3177 4247 3250 4321 in
3303 4257 3647 4345 posterum

827 4360 1272 4459 duraturum,
1320 4388 1611 4463 presens
1658 4370 1920 4445 exinde
1970 4372 2412 4469 privilegium
2463 4373 2802 4446 conscribi
2853 4382 2925 4446 et
2965 4373 3173 4469 sigilli
3225 4372 3437 4445 nostri
3483 4395 3649 4445 mu-

825 4485 1084 4559 nimine
1123 4489 1461 4581 jussimus
1498 4493 1840 4588 insigniri.

917 4611 1151 4685 Testes
1206 4612 1281 4684 hi
1336 4625 1500 4687 sunt
1563 4642 1581 4687 ε
1648 4617 2036 4693 Fridericus
2097 4620 2314 4693 abbas
2379 4621 2538 4695 Cam
2547 4620 2943 4716 pidonensis
2961 4674 2982 4713 ,
3042 4622 3129 4691 H.
3193 4620 3496 4693 marchio
3553 4620 3646 4696 de

824 4728 1082 4820 Baden,
1114 4755 1346 4809 comes
1380 4738 1839 4817 Hartmannus
1865 4743 1955 4817 de
1982 4744 2426 4835 Wirtinberc,
2459 4766 2692 4818 comes
2724 4745 2992 4817 Ulricus
3021 4742 3109 4818 de
3142 4744 3634 4834 Helffinsteiue,

978 4855 1085 4920 lv.
1132 4869 1247 4919 rm
1272 4877 1317 4920 2.
3247 4876 3321 4928 74
