4842 5802
928 542 1282 623 ‚lunicr.‚5.]
1860 542 2255 609 HISTORIA
2303 542 2892 607 DIPLOMATICA.
3670 545 3793 606 559

953 699 1137 760 ram;
1195 677 1367 771 quin
1397 676 1540 750 imo
1577 677 1904 750 volumus
1945 688 2027 749 ut
2077 680 2354 774 penitus
2403 681 2496 753 ab
2540 680 2652 755 his
2697 681 3185 754 exactionibus
3230 680 3370 753 sint
3393 682 3696 776 exempti
3721 690 3791 754 et

951 800 1272 884 extracti,
1305 800 1472 893 quia
1500 800 1725 895 ipsam
1755 802 2115 875 ecclesiam
2138 803 2432 897 speciali*
2455 804 2936 899 amplectimur
2958 804 3349 878 devotione.
3381 804 3789 879 Mandantes

955 924 1396 997 universitati
1435 933 1666 1001 vestre
1700 921 1823 1023 [et]
1853 947 1973 1020 per
2000 926 2290 1019 gratiam
2324 936 2629 1001 nostram
2662 926 2944 1000 firmiter
2962 929 3414 1023 precipientes
3444 937 3785 1023 quatenus

950 1047 1038 1121 de
1065 1048 1337 1143 reliquo
1370 1048 1631 1131 nullam
1670 1050 2131 1144 precariam-a
2161 1051 2311 1124 sale
2349 1073 2491 1146 quo
2527 1052 2842 1147 indigent
2885 1054 3184 1148 exigatis
3234 1054 3348 1127 vel
3389 1053 3777 1148 requiratis.

844 1178 882 1197 '⁹
952 1171 1156 1259 Quod
1178 1173 1303 1267 qui
1335 1194 1476 1245 non
1500 1173 1742 1245 fecerit
1784 1172 2332 1268 indignationem
2360 1177 2849 1273 omnipotentis
2880 1179 3005 1251 Dei
3049 1188 3120 1251 et
3152 1180 3368 1253 nostri
3407 1201 3485 1253 se
3515 1180 3785 1253 noverit

955 1296 1527 1370 certitudinaliter
1549 1296 1945 1371 incurrisse.

1041 1422 1295 1492 Datum
1338 1417 1534 1515 apud
1561 1422 1931 1516 Hagenau‚
1973 1443 2157 1496 anno
2191 1422 2540 1499 dominice
2583 1425 3072 1500 incarnationis
3112 1425 3609 1520 M.CC.XXXI‚
3654 1429 3778 1500 XII

954 1545 1277 1618 calendas
1298 1544 1639 1638 januarii,
1678 1545 2056 1639 indictione
2082 1548 2349 1642 quinta.
2378 1570 2385 1579 ·
3049 1574 3052 1581 ·

1378 1816 2174 1828 ..ας-*Μιν-

1051 2103 1463 2210 HenricnS,
1504 2105 2025 2189 Romanorum
2062 2131 2234 2213 rex,
2273 2106 2537 2190 villam
2573 2106 2937 2188 Tatinriet
2973 2102 3267 2215 (Delle)
3315 2103 3414 2186 ab
3457 2103 3779 2214 Hugone
3946 2125 4072 2180 Apud

3862 2178 4129 2233 Htgcnowe
4142 2208 4157 2232 ‚

954 2234 1224 2319 abbate
1274 2236 1745 2322 Morbacensi
1801 2238 1883 2319 in
1936 2246 2229 2321 rectum
2284 2238 2603 2321 feudum
2652 2249 3012 2347 perpetuo
3066 2237 3606 2346 possidendam
3660 2261 3781 2318 re-
3837 2232 4162 2277 ‘’mmm“

955 2368 1164 2476 cipit,
1206 2395 1305 2451 ea.
1324 2370 1765 2454 conditione
1799 2379 1888 2453 ut
1930 2370 2214 2454 ibidem
2250 2371 2616 2480 oppidum
2665 2377 3055 2453 construat
3098 2368 3217 2478 cuj
3225 2396 3317 2451 us
3369 2378 3778 2477 proventus

959 2502 1367 2611 aequaliter
1394 2484 1399 2489 ’
1423 2530 1601 2586 cum
1673 2503 1949 2587 abbate
2021 2505 2340 2611 dividet⁷
2408 2529 2810 2613 nunquam
2872 2503 3343 2612 praedictum
3411 2501 3775 2610 oppidum

956 2660 1436 2746 quocumque
1471 2636 1691 2718 titulo
1727 2636 1827 2719 ab
1863 2636 2179 2744 imperio
2217 2637 2711 2719 alienaturuS.

1109 2861 1388 2943 (Edider.
1436 2864 1853 2942 Senonum,
1880 2860 2075 2926 Alsat.
2109 2861 2436 2944 diplomat„
2485 2871 2534 2925 t.
2565 2866 2632 2944 Ι,
2676 2882 2738 2943 p.
2782 2873 2896 2926 366
2917 2909 2937 2938 ,
2984 2873 3049 2924 n⁰
3080 2872 3219 2937 463,
3250 2879 3327 2923 ex
3352 2862 3536 2924 tabul.
3568 2860 3777 2928 coelest

1189 2968 1458 3030 Murbac.
1488 3002 1567 3015 —
1593 2971 1969 3044 Tnomnur,
1998 2969 2262 3031 Menum.
2294 2968 2363 3030 de
2391 2966 2568 3031 t’anc.
2599 2968 2791 3031 έυὶοΙιό
2817 2967 2886 3029 de
2911 2965 3077 3046 Bato,
3106 2975 3153 3029 t.
3184 2970 3250 3041 1,
3278 2977 3345 3028 n⁰
3376 2966 3544 3048 353.)

1047 3168 1125 3239 In
1158 3168 1437 3240 nomine
1470 3176 1705 3240 sancte
1743 3176 1812 3240 et
1851 3168 2216 3242 individue
2253 3168 2624 3240 Trinitatis.
2668 3168 3002 3241 Henricus
3042 3166 3279 3239 divina
3322 3167 3598 3238 favente
3637 3166 3776 3237 cle-

957 3291 1204 3364 mentia
1256 3293 1714 3365 Romanorum
1767 3314 1894 3365 rex
1943 3301 2011 3364 et
2062 3314 2331 3388 semper
2380 3302 2742 3386 augustus.
2787 3290 3159 3384 Condignis
3211 3299 3372 3361 sunt
3422 3288 3777 3364 beneficiis

955 3413 1334 3489 honorandi
1367 3437 1665 3511 quorum
1692 3416 1989 3489 servitus
2024 3425 2092 3489 et
2129 3417 2476 3489 fructuosa
2507 3416 2842 3513 promotio
2884 3415 3133 3488 nostris
3162 3424 3232 3487 et
3267 3414 3536 3509 imperii
3575 3436 3777 3487 com-

960 3538 1181 3611 modis
1227 3561 1366 3613 non
1418 3539 1672 3614 desinit
1716 3537 2066 3614 insudare.
2105 3542 2532 3636 Quapropter
2568 3541 2838 3614 noverit
2874 3532 3012 3613 tam
3061 3561 3340 3636 presens
3372 3547 3517 3611 etas
3562 3560 3773 3634 quam

960 3683 1355 3737 successura
1402 3666 1764 3760 posteritas
1808 3665 2001 3759 quod
2054 3663 2346 3737 dilectus
2388 3665 2711 3760 princeps
2772 3672 3002 3735 noster
3058 3664 3292 3755 Hugo,
3360 3662 3776 3735 venerabilis

959 3786 1413 3860 Morbacensis
1444 3788 1685 3879 abbas,
1730 3788 1822 3862 ad
1855 3798 2154 3861 nostram
2192 3787 2556 3860 instantem
2597 3786 2992 3881 petitionem
3019 3784 3250 3856 villam
3280 3784 3604 3856 Tatinriet
3634 3805 3775 3879 que

955 3930 1110 3981 cum
1171 3911 1360 3982 omni
1415 3911 1803 4006 integritate
1856 3922 1923 3985 et
1973 3910 2457 4004 jurisdictione
2514 3909 2607 3983 ad
2665 3907 3021 3981 ecclesiam
3077 3907 3432 4002 spectabat
3483 3907 3772 3979 Murba-

955 4053 1252 4144 oensem,
1291 4057 1453 4108 cum
1488 4031 1865 4109 medietate
1896 4035 2205 4107 omnium
2250 4034 2603 4108 redituum
2639 4042 2706 4106 et
2736 4041 3195 4129 proventuum
3224 4030 3534 4124 ejusdem
3577 4031 3766 4119 ville,

957 4168 1245 4254 excepto
1273 4162 1432 4251 jure
1448 4168 1844 4254 patronatus
1879 4160 2169 4233 ecclesie
2197 4169 2268 4231 et
2298 4158 2612 4248 decimis,
2652 4156 2851 4229 nobis
2873 4155 2954 4227 in·
2982 4166 3250 4228 rectum·
3277 4155 3562 4228 feudum
3597 4175 3775 4226 con-

955 4283 1371 4356 tulit-libere
1417 4259 1788 4357 tenendam
1836 4292 1910 4357 et
1942 4293 2303 4380 perpetuo·
2341 4281 2867 4378 possidendam3
2916 4282 3031 4351 tali
3084 4280 3409 4353 videlicet
3463 4290 3660 4373 pacto
3709 4289 3781 4354 et

962 4405 1281 4479 condicto*
1309 4415 1389 4478 ut
1418 4408 1497 4478 in·
1521 4408 1673 4481 loco
1696 4397 2323 4481 eodemmunitum.
2340 4393 2679 4503 oppidum
2716 4413 3218 4495 construamus,
3258 4413 3329 4475 et
3354 4424 3591 4476 omnes
3616 4426 3780 4500 pro-

958 4537 1202 4600 ventus
1231 4528 1519 4621 judicii,
1560 4532 2021 4635 precariarum
2057 4541 2125 4604 et
2161 4530 2604 4604 exactionum
2653 4549 2777 4602 seu
2832 4528 3342 4624 possessionum
3397 4527 3576 4599 infra
3623 4550 3783 4600 am-

963 4646 1176 4723 bitum
1220 4651 1457 4747 oppidi
1495 4655 1829 4748 equaliter
1885 4655 2282 4728 dividamus
2319 4676 2492 4738 cum¹
2517 4653 2785 4750 ,abbate
2832 4651 3118 4724 ecclesie
3153 4650 3656 4742 Morbacensis‚
3712 4660 3782 4723 et
