4842 5802
1204 649 1333 711 646
2244 652 2588 714 HENRICI
2637 652 2974 714 sssrrml
3646 657 3812 738 [Arm.
3850 661 4022 724 1234.

1637 928 2015 959 ·-—--——-—--——--p

788 1205 1128 1316 amram&
1148 1234 1166 1262 ·
1212 1197 1231 1206 ’
1312 1200 1680 1284 Henricus
1696 1263 1720 1309 ,
1756 1201 2274 1284 Romanorum
2317 1228 2453 1284 rex
2468 1264 2492 1310 ,
2533 1203 2632 1285 ad
2689 1202 3317 1311 supplicationem
3355 1198 3652 1287 abbatis
3707 1216 3782 1287 et
3832 1230 4028 1289 con—

1207 1344 1477 1418 ventus
1533 1336 1629 1417 de
1657 1332 2101 1446 Otterburg,
2148 1335 2630 1444 privilegium
2674 1332 2780 1418 ab
2822 1332 3098 1419 Ottone
3141 1336 3240 1418 IV
3285 1338 3530 1419 eidem
3567 1338 4026 1421 monasterio

1206 1462 1591 1550 indultum
1652 1467 1915 1550 inserit
1963 1477 2038 1550 et
2107 1467 2508 1551 confirmat
2525 1529 2550 1575 ,
2608 1468 2965 1577 idemque
3018 1494 3196 1552 cum
3249 1470 3609 1556 omnibus
3666 1470 3895 1553 curiis
3952 1483 4028 1554 et

1202 1601 1806 1712 possessionibus
1843 1599 2007 1711 ejus
2042 1599 2122 1683 in
2157 1602 2618 1709 protectione
2653 1627 2794 1683 sua
2827 1580 3117 1710 recipit.
3343 1580 3348 1589 ὀ

1363 1815 1577 1913 (sam.
1609 1814 1834 1879 smn.
1873 1782 2808 1897 Am.w1'mn1wm‚Monasc.
2840 1813 3078 1893 Palae„
3110 1824 3158 1879 t.
3188 1816 3241 1892 1,
3269 1835 3330 1895 p.
3365 1825 3505 1890 279,
3529 1827 3597 1878 no
3616 1816 3861 1897 xux.)

1302 2006 1381 2077 In
1415 2005 1693 2077 nomine
1726 2014 1963 2077 sancte
1996 2014 2068 2076 et
2105 2003 2470 2078 individue
2501 2004 2870 2076 Trinitatis
2915 2004 3274 2077 Heinricus
3330 2005 3661 2099 septimus
3682 2057 3703 2095 ,
3780 2004 4023 2079 divina

1204 2130 1480 2202 favente
1528 2129 1887 2202 clementia
1931 2129 2391 2202 Romanorum
2429 2149 2557 2200 rex
2603 2149 2871 2223 semper
2922 2138 3285 2223 augustus.
3327 2128 3439 2201 Ad
3479 2129 3838 2222 utriusque
3878 2128 4022 2201 vite

1215 2253 1609 2325 felicitatem
1634 2252 1961 2347 prodesse
1985 2253 2185 2325 nobis
2212 2275 2351 2326 non
2377 2251 2819 2346 ambigimus,
2853 2252 2912 2323 si
2933 2253 3083 2325 loca
3116 2252 3356 2329 divino
3379 2253 3598 2326 cultui
3630 2252 4021 2347 mancipata

1213 2376 1686 2448 curaverimus
1730 2377 2059 2470 ampliare
2089 2384 2158 2449 et
2192 2396 2522 2469 personas
2564 2377 2709 2449 Deo
2742 2375 3111 2450 militantes
3154 2376 3230 2449 in
3267 2376 3528 2450 eisdem
3557 2376 3749 2470 regio
3785 2384 4022 2469 patro-

1216 2499 1399 2570 cinio
1427 2498 1822 2572 defendere.
1864 2497 2290 2571 Accedentes
2323 2500 2533 2592 igitur
2566 2497 2655 2571 ad
2690 2519 2816 2572 nos
2860 2498 3077 2574 abbas
3118 2520 3202 2572 ac
3244 2511 3628 2575 conventus
3672 2499 3763 2573 de
3791 2501 4022 2573 Otter-

1200 2620 1380 2715 burg
1412 2621 1856 2695 devotissime
1878 2623 2349 2717 supplicarunt
2384 2632 2464 2694 ut
2498 2623 2939 2716 privilegium
2967 2624 3059 2695 ab
3081 2632 3510 2698 antecessore
3535 2634 3770 2698 nostro
3804 2625 4022 2719 impe-

1202 2756 1422 2819 ratore
1458 2749 1706 2820 Ottone
1735 2748 1901 2840 ipsis
1927 2745 2271 2819 indultum
2295 2754 2527 2818 nostra
2563 2746 2892 2819 serenitas
2922 2746 3325 2839 dignaretur
3348 2747 3786 2837 confirmare3
3822 2750 4022 2841 cujus

1203 2871 1542 2966 privilegii
1577 2878 1771 2943 tenor
1799 2870 1951 2943 talis
1978 2878 2080 2942 est
2112 2897 2129 2941 ε

1299 2993 1456 3066 Otto
1490 3002 1804 3087 quartus,
1843 2993 2084 3066 divina
2114 2995 2388 3067 favente
2425 2994 2786 3066 clementia
2812 2993 3275 3066 Romanorum
3310 3014 3440 3065 rex
3474 3001 3543 3066 et
3579 3014 3852 3086 semper
3881 3013 4019 3064 au-

1203 3126 1471 3212 gustus.
1506 3117 1714 3212 Apud
1748 3119 2003 3208 Regem
2031 3138 2272 3210 regum
2307 3117 2508 3189 nobis
2536 3116 2884 3189 credimus
2924 3119 3356 3212 profuturum
3395 3118 3455 3188 si
3486 3116 3821 3208 religiosis
3848 3115 4020 3188 viris

1206 3240 1710 3335 providerimus
1747 3251 1825 3312 ut
1857 3241 1927 3311 in
1963 3262 2132 3336 pace
2176 3249 2245 3313 et
2276 3241 2510 3334 quiete
2545 3240 2660 3313 die
2693 3251 3042 3334 noctuque
3078 3241 3450 3332 majestatis
3481 3240 3663 3311 illius
3699 3241 4019 3314 assistant

1205 3365 1427 3434 vultui
1483 3366 1681 3454 qu'us
1730 3386 1967 3437 omnes
2013 3385 2139 3436 nos
2182 3385 2464 3437 necesse
2514 3374 2618 3436 est
2661 3373 2882 3437 astare
2925 3365 3276 3437 tribunali.
3319 3365 3749 3460 Quapropter
3780 3373 4021 3440 notum

1204 3488 1491 3561 facimus
1524 3489 1863 3560 universis
1900 3488 2093 3582 regni
2118 3489 2331 3560 nostri
2364 3487 2685 3561 fidelibus
2707 3497 2845 3561 tam
2866 3489 3299 3584 presentibus
3323 3511 3534 3583 quam
3563 3491 3813 3562 futuris
3830 3490 4020 3584 quod

1205 3615 1484 3707 querela
1521 3634 1659 3705 que
1690 3613 2087 3685 vertebatur
2120 3612 2299 3684 inter
2333 3613 2820 3685 monasterium
2857 3613 2947 3686 de
2969 3613 3338 3708 Otterburg
3371 3622 3440 3687 et
3477 3613 3719 3687 fideles
3755 3622 4020 3686 nostros
4141 3637 4146 3641 ·

1210 3737 1700 3810 Merbodonem
1741 3737 1830 3810 de
1871 3734 2349 3808 Savelenheim
2378 3745 2446 3807 et
2470 3735 2895 3808 Vernherum
2944 3738 3219 3810 fratrem
3258 3739 3435 3829 ejus,
3468 3759 3696 3810 coram
3721 3739 3919 3810 nobis
3942 3737 4016 3807 in

1202 3859 1389 3932 hunc
1425 3860 1707 3932 modum
1738 3869 1841 3931 est
1861 3859 2106 3953 sopita.
2149 3860 2706 3933 Iurisdictionem
2735 3882 2946 3954 quam
2987 3860 3076 3934 de
3112 3860 3316 3933 feodo
3351 3883 3429 3935 se
3463 3860 3719 3933 habere
3746 3881 4016 3933 assere-

1204 3984 1373 4055 bant
1417 4005 1625 4076 super
1675 3984 1908 4057 villam
1958 3983 2338 4056 Erlenbach
2387 3993 2457 4056 et
2499 3984 2838 4077 quasdam
2895 3986 3121 4057 curias
3180 3985 3571 4057 monasterii
3611 3984 3682 4053 in
3731 4005 4013 4053 manum

1199 4117 1500 4179 nostram
1537 4106 2098 4199 resignaverunt,
2138 4106 2363 4178 eidem
2402 4107 2475 4176 in
2518 4116 2928 4202 perpetuum
2965 4129 3089 4201 pro
3119 4128 3194 4180 se
3215 4116 3282 4180 et
3312 4128 3435 4202 pro
3466 4107 3612 4179 suis
3641 4104 4015 4177 heredibus

1198 4232 1778 4320 abrenuntiantes,
1819 4240 1900 4302 ut
1937 4230 2027 4302 de
2054 4240 2277 4303 cetero
2312 4229 2483 4301 nihil
2505 4233 2859 4325 potestatis
2884 4241 2952 4304 et
2978 4233 3154 4322 juris
3189 4231 3487 4304 habeant
3521 4231 3596 4302 in
3634 4230 3824 4303 omni
3864 4230 4014 4302 loco

1205 4356 1651 4450 possessionis
1684 4355 1867 4427 illius
1904 4351 2330 4447 monasterii,
2366 4365 2507 4427 tam
2534 4357 2664 4451 ipsi
2693 4377 2902 4449 quam
2924 4376 3160 4428 eorum
3197 4377 3646 4428 successores.
3686 4354 3823 4427 Sed
3852 4363 3919 4426 et
3952 4356 4011 4427 si

1201 4457 1372 4586 quid
1402 4467 1745 4553 commodi
1781 4479 1869 4552 de
1895 4480 2198 4577 ipsorum
2236 4490 2412 4551 terra
2445 4479 2676 4573 quoad
2704 4500 2961 4575 pascua
3003 4479 3368 4552 dumtaxat
3414 4489 3482 4551 et
3531 4479 3657 4552 iter
3681 4488 3749 4551 et
3782 4488 4010 4564 actum

1200 4615 1270 4677 et
1296 4604 1481 4675 viam
1508 4605 1828 4677 fratribus
1851 4605 1948 4677 illi
1977 4604 2387 4678 monasterio
2415 4604 2876 4680 servientibus
2897 4605 3266 4699 provenire
3285 4606 3621 4700 potuerit,
3659 4605 4014 4692 habebunt

1203 4736 1497 4822 gratum.
1541 4730 1749 4802 Porro
1776 4730 1847 4801 in
1892 4751 2128 4802 eorum
2148 4730 2625 4822 J‘urisdictione
2655 4730 2745 4804 de
2773 4738 3003 4803 cetero
3034 4751 3175 4802 non
3208 4731 3442 4803 licebit
3483 4730 3807 4804 fratribus
3848 4753 4011 4804 mo-
