4842 5802
869 1230 1084 1283 Augusto,

860 1284 1080 1325 decembri

913 1338 1034 1380 1236.

1207 634 1330 697 948
2310 639 2925 702 Anm'rAMEN'rA.

3314 934 3567 946 ow

1322 1212 1866 1322 Fragmentum
1912 1213 2009 1293 de
2062 1213 2309 1319 prima
2361 1214 2718 1296 Friderici
2776 1214 3084 1296 secundi
3110 1277 3133 1320 ,
3189 1213 3707 1297 Romanorum
3772 1213 4030 1319 impe-

1210 1344 1528 1451 ratoriS,
1568 1344 1647 1424 in
1685 1342 2154 1426 Lombardos
2200 1345 2696 1452 expeditione.

1376 1557 1622 1635 (Inedit.
1652 1572 1726 1616 ex
1753 1556 1952 1617 codice
1978 1556 2294 1617 Harleiano
2320 1557 2548 1617 Musaei
2577 1559 2872 1632 Britann„
2902 1568 2970 1618 n⁰
2998 1567 3105 1618 367
3118 1567 3176 1633 8,
3209 1557 3312 1618 fol.
3344 1568 3414 1618 21
3448 1564 3823 1619 recto-verso.
3849 1557 4032 1634 Cujus

1453 1661 1769 1739 fragmenti
1797 1663 2026 1739 copiam
2052 1661 2223 1721 nobis
2247 1662 2566 1723 liberaliter
2592 1663 2734 1724 fecit
2758 1666 2853 1724 vir
2876 1667 3143 1743 egregius
3168 1665 3423 1738 Panizzl,
3452 1664 3837 1726 bibliothecae
3860 1663 4030 1724 Lon-

1450 1768 1709 1829 dlnensis
1734 1770 2047 1844 primarius
2071 1768 2318 1846 custos.)

1309 1952 1788 2026 MCCXXXVI.
1833 1952 1911 2023 In
1949 1952 2267 2047 proximo
2318 1975 2558 2027 meuse
2626 1957 2943 2048 augusti,
2996 1956 3360 2048 imperator
3414 1952 3817 2025 Fredericus
3871 1973 4029 2023 cum

1214 2097 1465 2170 magno
1507 2075 2096 2148 Theutonicorum¹
2146 2076 2457 2147 exercitu
2507 2076 2849 2150 Veronam
2903 2079 3234 2169 accessit,
3273 2087 3341 2149 et
3391 2076 3554 2148 inde
3591 2076 3688 2172 (a)
3730 2086 4030 2148 semotus

1210 2201 1402 2273 venit
1445 2221 1602 2270 cum
1647 2198 1935 2270 Yzolino
1977 2197 2067 2270 de
2116 2200 2425 2271 Romano
2462 2208 2530 2272 et
2571 2202 3089 2274 Veronensibus
3127 2201 3218 2296 (b)
3259 2200 3351 2274 ad
3385 2202 3643 2273 flumen
3675 2200 3917 2271 Mencii
3963 2214 4033 2270 et

1211 2330 1729 2394 castrametatus
1772 2330 1899 2393 est.
1957 2320 2127 2392 Cum
2173 2322 2356 2393 enim
2412 2324 2620 2396 vellet
2661 2323 3062 2396 Cremonam
3112 2325 3470 2413 accedere,
3510 2322 3864 2394 Mantuani
3909 2342 4031 2393 re-

1211 2446 1580 2518 bellabant.
1643 2445 2035 2517 Brixienses
2090 2454 2319 2518 autem
2382 2469 2541 2518 cum
2605 2448 3277 2538 MediolanensibuS,
3352 2446 3683 2518 militibus
3748 2465 4031 2540 quoque

1208 2570 1553 2660 Bononie,
1614 2569 1917 2659 Feraria,
1971 2570 2284 2656 Mantua,
2334 2571 2613 2663 Laude,
2669 2572 3168 2661 Vercellarum,
3228 2569 3640 2662 Cumarum,
3691 2569 4027 2658 Novaria,

1208 2693 1657 2783 Alexandrie,
1695 2703 1764 2765 et
1798 2693 1951 2765 aliIs
1984 2715 2140 2765 cum
2169 2695 2458 2766 carociis
2487 2694 2678 2790 apud
2706 2694 3268 2767 Montemclarum
3300 2692 3461 2764 fixis
3492 2693 3871 2787 temptoriis
3906 2713 4032 2764 re-

1211 2819 1565 2891 sistebant.
1620 2817 1884 2889 Interea
1931 2817 2420 2890 Cremonenses
2462 2828 2531 2890 et
2575 2819 2975 2890 Parmenses
3023 2840 3183 2890 cum
3235 2816 3517 2910 Reginis
3560 2827 3629 2889 et
3678 2817 4035 2889 Mutinen-

1213 2943 1407 3016 sibus
1440 2944 1511 3014 in
1539 2942 1852 3038 partibus
1891 2942 1981 3014 de
2027 2943 2329 3015 Ysollela
2361 2965 2568 3037 super
2602 2943 2886 3016 flumine
2921 2943 3053 3015 Olii
3082 2942 3413 3036 albergati
3446 2941 3879 3040 residebant,
3910 2942 4032 3036 qui

1215 3068 1333 3139 die
1363 3068 1458 3139 xl
1497 3067 1751 3138 mensis
1777 3066 2184 3162 septembris
2215 3068 2510 3162 proximi
2544 3069 2793 3139 relictis
2822 3069 3031 3140 carris
3068 3088 3193 3163 pro
3229 3067 3471 3159 majori
3513 3075 3706 3161 parte
3742 3065 4035 3161 sumptis

1217 3191 1427 3263 armis
1475 3198 1613 3263 tam
1652 3191 2019 3286 populares
2051 3212 2263 3283 quam
2310 3191 2564 3263 milites
2605 3192 2937 3264 ascherati
2986 3212 3109 3286 per
3143 3201 3359 3263 terras
3391 3190 3860 3264 Brixieusium
3903 3190 4030 3262 ite-

1217 3323 1444 3386 rantes
1480 3312 1572 3385 ad
1604 3313 1861 3385 flumen
1895 3311 2079 3385 Gesii
2114 3324 2612 3408 pervenerunt,
2652 3336 2789 3387 non
2822 3315 3156 3387 distantes
3193 3314 3285 3387 ab
3330 3314 3639 3387 exercitu
3687 3313 3919 3386 Brixie
3967 3322 4038 3385 et

1215 3438 1589 3512 Mediolani
1626 3438 1803 3509 ultra
1839 3434 1980 3508 duo
2011 3437 2339 3528 miliaria,
2376 3448 2515 3511 tota
2552 3449 2752 3511 nocte
2784 3439 3026 3511 armati
3071 3447 3139 3511 et
3173 3438 3507 3510 ascherati
3556 3439 4035 3533 imperatorem

1217 3571 1688 3660 expectantes.
1730 3561 2125 3655 Intelligens
2163 3563 2530 3659 imperator
2565 3563 3053 3635 Cremonenses
3090 3572 3161 3635 et
3197 3563 3596 3634 Parmenses
3629 3561 3694 3634 ei
3722 3560 4030 3652 obviare,

1220 3709 1490 3760 summo
1536 3708 1740 3759 mane
1787 3686 2110 3758 tubarum
2140 3687 2369 3760 sonitu
2417 3697 2637 3761 castra
2676 3709 2953 3761 movere
2993 3687 3217 3779 jubet.
3250 3685 3650 3758 Ascendens
3695 3685 3766 3754 in
3814 3704 4030 3778 equo,

1219 3813 1486 3884 elevata
1537 3808 1630 3906 (c)
1681 3831 1855 3882 voce
1912 3832 2144 3883 coram
2202 3811 2632 3907 principibus
2693 3819 3109 3905 conquestus
3167 3810 3296 3881 fuit
3353 3809 3591 3883 dicens
3643 3835 3660 3878 ε
3720 3832 3756 3875 «
3806 3807 4036 3893 Quum

1221 3934 1566 4031 peregrini
1599 3943 1668 4006 et
1702 3933 2002 4007 viatores
2035 3936 2392 4009 ambulant
2438 3936 2724 4031 ubique,
2761 3957 2892 4029 ego
2927 3945 3158 4007 autem
3197 3955 3335 4006 non
3368 3956 3524 4006 sum
3552 3955 3766 4004 ausus
3794 3931 4037 4024 agredi

1222 4081 1348 4155 per
1382 4067 1597 4129 terras
1641 4057 1940 4152 imperii.
1980 4083 2016 4127 »
2047 4057 2316 4131 Deinde
2347 4059 2576 4131 statim
2618 4068 2969 4154 assumpta
3002 4058 3235 4153 aquila
3271 4080 3483 4131 manu
3529 4056 3834 4153 propria,
3876 4075 4037 4126 cum

1224 4181 1655 4279 principibus
1686 4181 1869 4277 oepit
1912 4181 2171 4253 flumen
2224 4182 2467 4254 Mencii
2520 4182 2807 4255 transire
2857 4191 2927 4254 et
2971 4180 3195 4255 omnis
3231 4181 3578 4255 exercitus
3614 4199 3774 4251 cum
3814 4197 3924 4266 e0,
3970 4185 4041 4248 et

1225 4304 1605 4401 equitando
1661 4303 1753 4376 ad
1800 4304 2179 4377 exercitum
2245 4304 2769 4380 Cremonensem
2820 4305 3156 4401 pervenit.
3219 4305 3452 4377 Altera
3503 4302 3620 4376 die
3672 4304 4041 4397 imperator

1305 4544 1388 4623 (a)
1430 4544 1503 4604 In
1529 4541 1728 4602 codice
1750 4541 1925 4600 inter.

1305 4649 1390 4730 (b)
1432 4652 1503 4710 In
1528 4648 1728 4709 codice
1767 4648 2068 4709 Veronam.

1308 4757 1381 4835 (c)
1425 4757 1497 4816 In
1525 4755 1723 4816 codiee
1749 4749 1982 4814 elevato.
