4842 5802
855 603 1048 664 Inter.
1083 600 1171 685 7.]
1766 601 2158 667 HISTORIA
2207 601 2798 666 DIPLOMATICA.
3560 605 3681 667 647

858 737 1136 812 nasterii
1176 735 1447 830 aliquid
1485 737 1577 811 de
1610 738 2157 837 possessionibus
2193 737 2663 811 immobilibus
2696 737 2789 811 ad
2815 758 2901 810 se
2942 737 3212 810 trabere
3258 759 3382 832 per
3421 762 3679 833 quem-

857 881 1159 954 cumque
1192 868 1644 949 contractum,
1682 861 1821 937 nisi
1866 884 1992 956 per
2027 863 2341 956 ipsorum·
2378 861 2884 935 conniventiam
2934 871 3003 934 et
3031 866 3483 935 {consensum
3541 866 3679 938 Nos

859 1004 1025 1056 vero
1061 992 1338 1079 recept-a
1374 982 1781 1061 de-illorum.
1826 1006 2045 1057 manu
2089 984 3132 1077 resignatione··j.urisdictionis‚
3163 1048 3166 1053 .
3200 1008 3326 1080 pro
3371 989 3675 1061 remedio

858 1107 1088 1178 anime
1122 1116 1352 1179 nostre
1388 1117 1457 1179 et
1484 1109 1914 1202 prosperiore
1948 1110 2159 1203 regni.
2181 1111 2395 1182 nostri
2428 1118 2605 1182 statu
2629 1162 2649 1199 ,
2681 1111 2971 1181 fratrum
3004 1111 3078 1181 in
3113 1109 3357 1183 eodem
3391 1113 3538 1185 loco
3573 1113 3675 1186 fa·-

864 1230 1279 1303 mulantium
1314 1230 1611 1309 libertati
1645 1233 2007 1326 cupientes
2041 1234 2398 1306 consulere
2444 1242 2516 1305 et
2548 1234 2792 1327 quieti,
2817 1234 2980 1306 .loca
3008 1234 3240 1306 omnia
3288 1256 3497 1330 super
3539 1259 3678 1330 que

860 1354 1100 1427 haberi
1141 1354 1507 1433 videbatur
1545 1356 1937 1448 jurisdictio
1971 1378 2069 1429 ex
2102 1364 2298 1451 parte
2337 1366 2570 1429 nostra
2618 1358 2838 1430 libera
2878 1367 2945 1429 et
2989 1357 3079 1429 ab
3113 1358 3425 1431 omni‘de
3457 1368 3680 1431 cetero

855 1477 1333 1569 jurisdictione
1367 1479 1755 1552 dimisimus
1791 1480 2139 1558 absoluta;
2178 1481 2407 1576 ipsum
2437 1480 2929 1551 monasterium
2967 1489 3035 1552 et
3087 1501 3326 1552 omnes
3361 1482 3681 1554 subditas

862 1602 959 1672 illi
1007 1603 1234 1673 curias
1268 1611 1336 1674 et
1381 1603 1847 1696 possessiones
1888 1605 1960 1675 in
2014 1604 2385 1699 specialem
2423 1604 2798 1695 majestatis
2833 1613 3060 1676 nostre
3098 1604 3564 1677 defensionem
3613 1616 3682 1677 et

861 1726 1352 1819 protectionem
1397 1728 1807 1822 recipientes
1850 1736 1921 1799 et
1957 1729 2363 1801 auctoritate
2403 1728 2617 1821 regali
2652 1728 3035 1800 sancientes
3070 1737 3146 1799 ut
3188 1728 3375 1800 nulla
3398 1728 3677 1801 omnino

862 1870 1158 1944 persona
1188 1849 1470 1922 humilis
1502 1851 1795 1951 vel-*alta
1838 1851 2229 1947 predictum
2278 1852 2769 1947 monasterium
2804 1851 2877 1935 in
2922 1853 3233 1946 personis
3287 1853 3432 1924 suis
3465 1854 3575 1925 vel
3608 1852 3680 1924 in

864 1972 1073 2047 rebus
1109 1954 1942 2075 aliquatenus'molestate
1976 1976 2228 2049 audeat
2259 1985 2379 2048 aut
2415 1996 2729 2071 gravare.
2774 1975 2883 2047 Ad
2916 1978 3115 2068 cujus
3157 1977 3260 2048 rei
3280 1972 3679 2072 perpetuam

866 2097 1314 2188 evidentiam,
1349 2100 2084 2195 presentempaginam
2107 2100 2445 2174 conscribi
2461 2100 2796 2193 jussimus
2818 2108 2889 2173 et
2918 2100 3143 2193 sigillo
3167 2109 3395 2173 nostre
3426 2101 3677 2192 majes-

865 2222 1021 2293 tatis
1048 2223 1482 2296 communiri.
1504 2200 1509 2207 ¹
1950 2240 1959 2245 ·
3657 2304 3668 2313 r

963 2348 1187 2438 Hujus
1224 2347 1322 2418 rei
1364 2355 1574 2418 testes
1606 2355 1767 2419 sunt
1800 2346 2197 2421 :Conradus
2232 2347 2572 2443 Spirensis
2598 2348 2967 2443 episcopus
2997 2348 3154 2420 aule
3180 2348 3370 2440 regie
3398 2349 3680 2419 cancel-

867 2469 1078 2541 larius
1098 2522 1118 2557 ,
1175 2471 1376 2562 Hugo
1431 2469 1832 2543 Leodiensis
1858 2469 2262 2564 episcopus,
2303 2470 2714 2543 Bertholdus
2745 2471 3128 2566 prepositus
3159 2471 3408 2542 Sancte
3452 2471 3683 2541 Trini-

869 2593 1028 2665 tatis
1051 2594 1125 2663 in
1147 2595 1374 2689 Spira,
1405 2594 1769 2667 Heinricus
1787 2595 2178 2690 prepositus
2204 2596 2434 2669 Sancti
2462 2596 2760 2668 Mauritii
2784 2597 2855 2666 in
2878 2594 3258 2689 Mogontia,
3293 2594 3680 2667 Fridericus

868 2738 1100 2789 comes
1141 2716 1233 2789 de
1271 2717 1683 2810 Leiningen,
1726 2717 2176 2791 Gevehardus
2224 2719 2642 2813 burgravius
2677 2719 2769 2792 de
2812 2718 3281 2813 Magdeburg,
3320 2718 3683 2792 Heinricus

873 2841 1285 2916 marscalcus
1320 2842 1411 2916 de
1442 2841 1738 2934 Calatin,
1777 2852 1845 2916 et
1873 2842 1991 2915 alii
2019 2844 2493 2939 quamplures,

965 2966 1216 3039 Actum
1244 2966 1436 3060 apud
1471 2967 1776 3063 Spiram‚
1817 2989 1999 3040 anno
2036 2967 2382 3041 dominice
2427 2967 2914 3039 incarnationis
2949 2967 3311 3041 millesimo
3346 2968 3690 3041 ducente-

871 3090 1044 3164 simo
1106 3112 1321 3182 nono,
1380 3088 1656 3190 [mense
1694 3090 1972 3190 junioJ,
2026 3091 2405 3166 indictione
2471 3092 2917 3181 duodecima,
2974 3113 3157 3164 anno
3213 3102 3439 3165 autem
3496 3094 3688 3187 regni

873 3216 1083 3288 nostri
1112 3214 1503 3288 undecimo.

972 3342 1113 3412 Nos
1140 3340 1378 3433 igitur,
1414 3340 1653 3413 divine
1679 3340 2250 3414 remunerationis
2263 3341 2517 3412 intuitu
2536 3351 2605 3413 et
2630 3341 2719 3414 de
2745 3340 2981 3412 innata
3004 3340 3209 3412 nobis
3223 3340 3500 3433 pietate,
3530 3363 3695 3437 sup-

874 3464 1317 3559 plicationem
1350 3463 1729 3559 supradicti
1771 3465 2042 3537 abbatis
2078 3463 2169 3537 de
2207 3464 2575 3558 Otterburg
2619 3473 2687 3536 et
2732 3464 2844 3536 sui
2893 3474 3274 3537 conventus
3315 3465 3694 3537 serenitatis

879 3597 1106 3661 nostre
1135 3590 1494 3662 clementia
1526 3588 1989 3682 admittimus,
2040 3597 2109 3661 et
2137 3590 2371 3661 omnia
2405 3611 2488 3661 ea
2516 3610 2656 3682 que
2687 3587 3119 3660 continentur
3149 3587 3222 3658 in
3259 3587 3513 3681 scripto
3557 3609 3690 3657 su-

878 3711 1116 3807 perius
1148 3720 1470 3784 annotato
1497 3719 1645 3784 rata
1676 3720 1744 3783 et
1775 3720 1970 3805 grata
1998 3709 2336 3783 habemus
2359 3720 2429 3781 et
2455 3709 2864 3782 authoritate
2897 3708 3269 3800 majestatis
3291 3709 3479 3802 regie
3515 3729 3694 3781 con-

878 3833 1268 3928 firmamus,
1330 3844 1399 3908 et
1451 3849 1641 3907 nunc
1671 3834 2056 3930 specialiter
2107 3834 2337 3926 ipsum
2387 3832 2880 3905 monasterium
2927 3840 2995 3903 et
3051 3853 3287 3903 omnes
3336 3834 3578 3904 fratres
3626 3843 3696 3906 et

877 3958 1283 4046 monachos,
1311 3957 1540 4030 curias
1560 3965 1627 4028 et
1659 3957 2123 4052 possessiones
2148 3964 2218 4027 et
2242 3954 2475 4027 omnia
2496 3957 2653 4047 jura
2682 3954 2986 4049 ipsorum
3016 3953 3087 4025 in
3112 3954 3605 4048 protectionem
3628 3964 3697 4026 et

879 4079 1347 4180 defensionem
1391 4090 1703 4174 nostram·
1733 4079 2142 4175 recipimus;
2193 4079 2547 4172 sanctione
2573 4077 2762 4171 regia
2798 4085 3172 4149 statuentes
3197 4086 3275 4148 ut
3310 4078 3499 4149 nulla
3529 4099 3698 4172 per-

879 4226 1048 4279 sona
1086 4204 1370 4276 humilis
1391 4205 1504 4277 vel
1529 4204 1844 4275 sublimis
1864 4203 2291 4300 sepedictum
2317 4202 2808 4276 monasterium
2828 4202 2902 4271 in
2921 4201 3230 4295 personis
3259 4202 3467 4272 autin
3489 4203 3697 4275 rebus

879 4329 1132 4406 audeat
1166 4337 1291 4402 aut
1312 4338 1666 4425 presumat
1696 4328 2131 4422 aliquatenus
2162 4329 2541 4404 molestare.
2585 4328 2672 4399 Ut
2701 4335 2930 4398 autem
2968 4324 3098 4398 bec
3131 4325 3202 4395 in
3240 4324 3532 4397 dubium
3560 4347 3697 4397 non

881 4454 1139 4548 possint
1172 4453 1264 4525 de
1306 4460 1531 4524 cetero
1565 4452 1908 4543 revocari,
1951 4452 2131 4524 hanc
2168 4451 2501 4548 paginam
2537 4450 2744 4545 sigilli
2783 4450 2998 4522 nostri
3044 4449 3424 4520 munimine
3463 4470 3698 4545 prece-

881 4578 1113 4671 pimus
1144 4576 1478 4648 roborari.

980 4703 1214 4773 Testes
1239 4709 1470 4771 autem
1500 4697 1708 4789 hujus
1733 4698 1832 4771 rei
1867 4707 2031 4770 sunt
2061 4724 2078 4768 ε
2117 4696 2414 4769 Sifridus
2457 4695 2936 4790 MoguntinuS,
2978 4693 3310 4767 Henricus
3343 4694 3701 4768 Colonien-
3811 4736 3827 4754 ·
