4842 5802
1164 593 1282 655 706
2205 601 2551 663 animum
2598 602 2936 664 snr‘russ
3602 607 3763 686 [Anu.
3800 610 3977 678 123⁴.

1162 730 1273 802 vel
1306 729 1677 803 mittendos
1702 743 1896 805 extra
1913 734 2414 808 Lombardiam.
2442 738 2609 809 Item
2635 737 2825 831 quod
2856 759 2993 810 non
3012 743 3372 809 teneantur
3402 738 3637 832 aliqua
3654 741 3746 815 de
3772 766 3981 820 causa

1168 850 1336 947 dare
1371 853 1679 945 obsides,
1726 857 1835 926 vel
1873 857 2160 950 pignora
2189 860 2301 930 vel
2331 862 2757 933 securitates.
2784 862 3005 945 Quam
3040 858 3433 931 fidelitatem
3468 862 3982 943 faceredebent

1165 976 1377 1048 salvis
1401 978 1838 1049 societatibus
1865 988 1934 1050 et
1956 980 2272 1052 amicitiis
2300 983 2685 1054 communis
2727 983 3101 1056 Mediolani
3132 991 3201 1055 et
3234 984 3589 1076 presertim
3624 988 3817 1062 salva
3850 1012 3979 1063 so-

1167 1098 1408 1181 cietate
1438 1101 1870 1188 Lombardie,
1912 1101 2212 1175 Marcbie
2236 1114 2305 1177 et
2334 1106 2698 1196 Romanie3
2732 1128 2939 1199 quam
2973 1103 3372 1178 fidelitatem
3404 1115 3723 1204 utsupra
3756 1112 3979 1186 facere

1163 1222 1444 1313 volunt,
1482 1224 1542 1293 si
1579 1224 1804 1296 dictus
1841 1224 2164 1297 dominus
2195 1248 2319 1298 rex
2346 1237 2418 1299 et
2442 1228 2785 1323 principes
2812 1228 3218 1302 Alemannis
3255 1230 3502 1302 volunt
3525 1235 3808 1324 juvare,
3846 1234 3974 1311 ad-

1154 1347 1404 1437 juvare
1445 1354 1514 1418 et
1549 1359 1993 1420 manutenere
2035 1358 2106 1421 et
2151 1350 2523 1423 defendere
2568 1350 3069 1444 Mediolanum,
3115 1353 3459 1441 Brixiam,
3500 1356 3877 1429 Bononiam
3906 1369 3977 1429 et

1163 1468 1625 1541 marchionem
1658 1471 2134 1546 Montisferrati
2168 1483 2234 1545 et
2255 1475 2622 1550 Novariam
2660 1483 2727 1546 et
2749 1475 3059 1547 Laudam
3085 1485 3157 1547 et
3179 1477 3350 1548 alias
3384 1477 3700 1549 civitates
3721 1487 3791 1551 et
3818 1479 3976 1550 uni-

1160 1593 1516 1681 versitates
1534 1603 1603 1666 et
1619 1596 1768 1668 loca
1796 1617 1935 1689 que
1950 1606 2111 1667 sunt
2134 1598 2248 1668 vel
2265 1605 2471 1669 erunt
2495 1598 2585 1671 de
2608 1601 2934 1671 societate
2956 1607 3025 1671 et
3046 1600 3349 1675 amicitia
3373 1600 3773 1689 Mediolani,
3803 1603 3973 1676 dum

1159 1716 1232 1789 in
1270 1716 1590 1789 societate
1610 1727 1678 1788 et
1706 1718 2008 1791 amicitia
2039 1717 2468 1812 duraverint,
2503 1730 2572 1793 et
2603 1720 2740 1793 hoc
2773 1721 2844 1792 in
2867 1722 3057 1794 omni
3088 1743 3227 1795 suo
3251 1732 3321 1794 et
3352 1743 3590 1795 eorum
3629 1723 3887 1798 honore
3906 1734 3976 1797 et

1163 1841 1420 1936 podere
1446 1850 1514 1914 et
1540 1850 1718 1912 statu
1751 1851 1819 1914 et
1844 1845 2277 1936 possessione
2307 1854 2375 1915 et
2402 1845 2597 1917 fortia
2623 1866 2763 1938 quo
2796 1847 2907 1918 vel
2940 1866 3081 1938 qua
3112 1867 3300 1917 nunc
3334 1855 3496 1917 sunt
3528 1857 3596 1918 et
3628 1848 3700 1918 in
3734 1859 3975 1943 poste-

1159 1987 1311 2036 rum
1349 1975 1549 2037 erunt
1591 1975 1822 2039 contra
1874 1967 2185 2039 inimicos
2216 1989 2390 2060 quos
2427 1989 2612 2039 nunc
2652 1968 2912 2040 babent
2964 1969 3201 2041 vel-de
3234 1978 3460 2041 cetero
3506 1968 3864 2043 habebunt
3900 1972 3972 2042 in

1156 2088 1568 2160 Lombardia
1602 2091 1715 2162 vel
1764 2090 1929 2160 alibi
1989 2089 2126 2184 (l),
2164 2101 2232 2161 et
2275 2090 2625 2164 offendere
2672 2092 2988 2164 inimicos
3037 2113 3275 2165 eorum
3322 2092 3705 2166 secundum
3771 2115 3971 2189 posse

1154 2213 1372 2307 ipsius
1413 2213 1597 2305 regis
1642 2220 1712 2284 et
1737 2213 2161 2308 principum,
2204 2214 2559 2307 presertim
2607 2213 3008 2286 Cremonam
3055 2224 3127 2288 et
3168 2214 3448 2310 Papiam
3491 2223 3558 2287 et
3584 2237 3822 2288 earum
3861 2238 3970 2288 se·

1153 2357 1407 2429 quaces
1432 2337 1554 2429 qui
1592 2358 1779 2409 nunc
1800 2345 1963 2408 sunt
1994 2338 2106 2409 vel
2144 2358 2266 2430 pro
2292 2336 2718 2431 temporibus
2755 2345 2994 2427 erunt;
3026 2346 3097 2410 et
3141 2337 3333 2431 quod
3366 2359 3504 2410 non
3535 2338 3785 2411 facient
3822 2338 3970 2433 ipse

1154 2481 1280 2533 rex
1308 2461 1415 2532 vel
1438 2461 1782 2554 principes
1804 2460 2107 2552 aliquam
2141 2459 2577 2532 concordiam
2611 2461 2722 2532 vel
2747 2462 3134 2554 pactionem
3162 2462 3276 2533 vel
3311 2462 3839 2535 conventionem
3859 2462 3972 2535 vel

1152 2603 1390 2677 paoem
1415 2602 1576 2654 cum
1599 2582 1895 2653 inimicis
1916 2580 2315 2669 Mediolani,
2352 2582 2622 2672 Brixis,
2652 2584 2985 2671 Bononie,
3021 2583 3436 2657 marchionis
3459 2585 3967 2674 Montisferrati‚

1153 2705 1482 2796 Novarie,
1537 2702 1774 2776 Laude
1823 2704 2253 2798 aliarumque
2304 2704 2663 2777 civitatum
2712 2713 2781 2776 et
2827 2706 3354 2778 universitatum
3400 2715 3469 2778 et
3523 2708 3831 2779 locorum
3882 2704 3973 2779 de

1157 2828 1480 2901 societate
1504 2834 1572 2899 et
1587 2826 1888 2899 amicitia
1905 2826 2269 2900 Mediolani
2292 2825 2778 2922 undecumque
2796 2828 2959 2917 sint,
2998 2837 3067 2900 et
3084 2828 3438 2923 presertim
3463 2849 3623 2899 cum
3643 2829 3971 2901 Cremona

1161 2963 1232 3025 et
1261 2953 1472 3044 Papia
1504 2951 1616 3022 vel
1651 2951 1803 3021 aliis
1834 2951 2226 3023 civitatibus
2277 2951 2387 3021 vel
2419 2950 2589 3024 locis
2620 2973 2742 3023 seu
2777 2952 3095 3046 personis
3132 2953 3245 3024 vel
3280 2951 3844 3024 universitatibus
3881 2951 3972 3024 de

1158 3076 1479 3150 societate
1505 3074 1832 3146 Cremone
1859 3076 1970 3146 vel
2007 3074 2239 3168 Papie,
2271 3073 2420 3145 sine
2455 3074 2811 3147 voluntate
2838 3074 3227 3156 communis
3250 3074 3614 3148 Mediolani
3641 3082 3711 3146 et
3740 3073 3972 3146 socie-

1163 3199 1319 3273 tatis
1353 3207 1423 3271 et
1457 3198 1754 3271 amicitie
1785 3199 1958 3289 ejus.
2000 3199 2099 3268 De
2135 3197 2391 3291 quibus
2431 3198 2760 3271 oneribus
2792 3207 3106 3270 teneatur
3140 3197 3488 3293 predictus
3521 3218 3648 3269 rex
3679 3206 3749 3269 et
3783 3198 3973 3292 prin-

1164 3324 1353 3417 cipes
1386 3331 1452 3393 et
1485 3343 1721 3393 eorum
1750 3342 2203 3412 successoreS,
2241 3341 2484 3392 omnes
2529 3321 2734 3400 simul
2764 3331 2835 3393 et
2868 3321 3158 3414 quilibet
3193 3341 3455 3416 perse,
3509 3332 3581 3392 et
3612 3321 3776 3394 hinc
3810 3321 3972 3393 inde

1164 3447 1348 3520 dicta
1380 3454 1802 3519 sacramenta
1837 3454 2253 3517 renoventur
2287 3443 2578 3537 singulis
2634 3444 3026 3536 decenniiS,
3081 3446 3174 3517 ita
3210 3443 3400 3538 quod
3441 3444 3516 3515 in
3563 3452 3971 3539 perpetuum

1163 3570 1417 3644 durent
1440 3579 1511 3642 et
1543 3570 1993 3642 observentur
2026 3577 2094 3639 et
2139 3568 2211 3637 in
2241 3567 2752 3639 successoribus
2790 3577 2860 3640 et
2909 3568 2980 3639 in
3032 3567 3192 3640 filiis
3238 3567 3459 3662 ipsius
3490 3566 3753 3640 domini
3788 3567 3973 3659 regis

1162 3716 1340 3789 quos
1376 3715 1562 3766 nunc
1593 3692 1805 3765 habet
1839 3692 1951 3764 vel
1995 3691 2276 3764 habebit
2307 3692 2532 3762 locum
2580 3691 2908 3781 habeant,
2961 3692 3322 3782 et-regalia
3368 3692 3508 3762 sint
3539 3701 3609 3762 et
3641 3700 3972 3786 perpetua

1163 3828 1233 3892 et
1263 3839 1399 3890 non
1423 3816 1804 3912 personalia
1829 3835 1957 3887 nec
1985 3813 2406 3908 temporalia,
2438 3835 2577 3886 non
2609 3824 2872 3886 tantum
2909 3815 2981 3885 in
3000 3836 3293 3909 persona
3324 3814 3506 3908 regis
3532 3815 3644 3885 vel
3677 3811 3972 3884 filiorum

1164 3942 1316 4033 ejus
1328 3962 1455 4012 seu
1474 3961 1972 4029 successorum,
2002 3938 2096 4009 ita
2108 3938 2315 4010 etiam
2341 3944 2409 4008 et
2427 3959 2900 4010 successorum
2922 3937 3349 4010 eorumdem.
3380 3937 3466 4008 Et
3488 3935 3730 4009 eodem
3763 3932 3973 4006 modo

1169 4074 1526 4140 teneantur
1556 4063 1648 4136 de
1679 4063 1996 4158 predictis
2028 4063 2348 4135 omnibus
2376 4064 2680 4157 prefatus
2698 4061 3018 4136 dominus
3044 4083 3171 4135 rex
3192 4071 3263 4134 et
3292 4060 3636 4157 principes
3654 4058 3971 4130 Aleman-

3889 4273 3971 4284 —-

1243 4427 1315 4498 (l)
1352 4424 1499 4481 Licet
1534 4421 1833 4480 Fridericus
1875 4420 2167 4494 imperator
2200 4420 2255 4477 in
2289 4421 2392 4478 hoc
2430 4421 2781 4479 instrumento
2819 4436 3073 4494 expresso
3110 4419 3325 4476 nomine
3363 4432 3470 4473 non
3511 4414 3798 4484 indicetur,
3835 4412 3968 4470 satis

1168 4526 1380 4580 constat
1413 4519 1672 4577 adversus
1696 4532 1820 4573 cum
1843 4516 2172 4573 Lombandos
2197 4515 2354 4572 simul
2386 4521 2440 4572 et
2467 4531 2647 4588 regem
2680 4516 2965 4573 Henricum
2992 4515 3093 4572 sibi
3126 4514 3449 4589 providisse,
3475 4511 3530 4568 in
3554 4511 3659 4568 hoc
3690 4509 3971 4583 praecipue

1171 4626 1234 4675 ut
1253 4632 1503 4675 accessus
1540 4615 1610 4672 ad
1631 4614 1994 4672 Alemanniam
2025 4614 2127 4687 ipsi
2155 4613 2576 4686 interciperetur.
2608 4612 2884 4680 Quomodo
2914 4614 3056 4671 enim
3076 4613 3189 4686 iam
3215 4626 3353 4669 anno
3387 4611 3527 4668 ⁴226
3554 4607 3648 4665 filii
3674 4607 3745 4664 ad
3766 4612 3974 4681 patrem

1172 4716 1350 4775 aditus
1376 4730 1408 4771 a
1431 4712 1744 4771 Lombardis
1773 4711 2085 4786 praeclusus
2109 4711 2298 4784 fuerit,
2332 4710 2688 4769 meminerunt
2720 4710 2964 4769 lectores.
