4842 5802
754 595 944 655 iunior.
978 593 1068 670 5.]
1649 590 2059 654 HISTORIA.
2094 590 2683 651 DIPLOMATICA.
3460 589 3578 652 567

786 778 789 783 -
847 726 1220 816 Henricus,
1244 726 1723 800 Romanorum
1755 747 1885 800 rex
1923 725 2047 800 Dei
2085 726 2303 819 gratia
2339 745 2611 820 semper
2647 737 3022 818 augustus,
3067 725 3406 798 universis
3443 726 3581 799 im-

762 851 926 945 perii
959 849 1287 924 fidelibus
1317 848 1639 945 paginam
1686 849 1872 922 hanc
1918 849 2176 922 visuris
2206 849 2499 942 gratiam
2537 871 2737 921 suam
2772 859 2844 922 et
2875 870 3080 922 omne
3118 850 3404 922 bonum.
3441 851 3584 923 Re-

759 974 894 1068 gali
931 972 1404 1047 munificentie
1453 971 1640 1046 cedit
1677 972 1771 1047 ad
1806 972 2097 1063 gloriam
2132 972 2192 1045 si
2243 971 2477 1066 dignis
2507 972 2775 1046 extollit
2800 973 3174 1046 honoribus
3191 1024 3213 1063 ,
3261 974 3321 1044 si
3349 995 3581 1047 rerum

760 1096 1131 1191 amplificat
1164 1096 1607 1172 incrementis
1630 1095 1743 1168 sui
1776 1096 2071 1168 cultores
2107 1096 2341 1168 lateris
2378 1104 2448 1168 et
2477 1116 2762 1168 suorum
2786 1096 3096 1168 conscios
3130 1105 3572 1169 secretorum.

762 1220 932 1292 Hinc
977 1220 1165 1292 enim
1204 1219 1486 1294 devotio
1534 1219 1825 1315 pullulat
1877 1219 1954 1291 in
1988 1218 2314 1311 subjectis
2363 1229 2433 1292 et
2466 1227 2758 1313 augetur
2789 1240 3120 1301 numerus
3155 1220 3226 1291 in
3271 1221 3575 1313 devotis,

762 1344 1251 1437 multiplicante
1304 1342 1777 1418 munificentia
1833 1365 1959 1440 per
2009 1344 2409 1440 exemplum
2464 1343 2803 1438 quicquid
2852 1344 3073 1439 potuit
3128 1366 3253 1438 per
3296 1345 3585 1437 gratiam

765 1466 1152 1539 contulisse.
1195 1465 1365 1540 Inde
1404 1475 1511 1539 est
1549 1466 1744 1561 quod
1776 1476 2018 1540 notum
2053 1488 2206 1539 esse
2240 1467 2563 1540 volumus
2596 1467 2938 1540 universis
2973 1469 3225 1539 nostris
3262 1466 3585 1542 fidelibus

763 1598 901 1661 tam
944 1589 1375 1685 presentibus
1414 1612 1628 1684 quam
1681 1590 1935 1663 futuris
1981 1590 2171 1685 quod
2220 1590 2631 1662 constitutus
2678 1589 2752 1661 in
2805 1592 3144 1686 presentia
3193 1599 3421 1663 nostra
3474 1589 3584 1663 di-

764 1712 980 1784 lectus
1043 1713 1366 1810 princeps
1423 1721 1654 1787 noster
1722 1712 2018 1787 Sifridus
2082 1714 2640 1810 archiepiscopus
2694 1716 3137 1808 Moguntinus
3197 1713 3587 1788 celsitudini

765 1844 994 1909 nostre
1022 1836 1441 1932 supplicavit
1464 1844 1721 1909 attente
1749 1845 1827 1909 ut
1849 1835 2289 1911 donatiouem
2317 1848 2387 1910 et
2420 1839 2928 1911 concessionem
2961 1838 3386 1934 principatus
3412 1840 3591 1911 Lau-

766 1959 1083 2032 rissensis
1122 1960 1406 2032 eccloeie
1435 1980 1599 2033 cum
1635 1959 1825 2032 omni
1856 1959 2143 2054 honore,
2181 1960 2487 2052 vasallis,
2532 1959 3113 2051 ministerialibus,
3157 1961 3424 2052 castris,
3459 1981 3588 2056 op-

765 2082 988 2177 pidis‚
1031 2083 1523 2178 proventibus,
1561 2082 1837 2176 juribus
1873 2091 1945 2156 et
1988 2083 2418 2179 pertinentiis
2446 2085 2618 2175 suis,
2656 2106 2699 2157 a
2727 2083 3005 2156 domino
3037 2093 3108 2155 et
3135 2093 3326 2177 patre
3358 2094 3589 2157 nostro

768 2204 1110 2279 Friderico
1145 2206 1597 2280 invictissimo
1627 2207 2093 2281 Romanorum
2127 2208 2535 2303 imperatore
2565 2228 2836 2302 semper
2865 2216 3183 2300 augusto,
3216 2209 3590 2280 Jerusalem

770 2338 836 2402 et
882 2328 1111 2403 Sicilie
1158 2352 1323 2425 rege
1347 2387 1365 2419 ‚
1408 2330 1620 2403 ‘nobis
1668 2331 2109 2426 presentibus
2164 2341 2236 2403 et
2293 2330 2912 2419 consentientibuS,
2964 2330 3402 2402 laudabiliter
3457 2330 3593 2402 sibi

769 2455 1016 2528 factam
1052 2463 1121 2526 et
1155 2453 1439 2527 ecclesie
1478 2454 1882 2547 Moguntine
1922 2452 1982 2549 (l
2001 2455 2028 2550 )
2048 2508 2070 2547 ,
2114 2455 2347 2527 denuo
2386 2464 2602 2527 ratam
2638 2453 2896 2526 habere
2930 2463 2999 2524 et
3037 2474 3445 2525 conservare
3491 2453 3600 2525 in-

771 2576 1179 2650 violabiliter
1226 2576 1661 2651 deberemus.
1699 2578 1839 2651 Nos
1892 2577 2105 2673 igitur
2152 2577 2581 2651 attendentes
2631 2586 2828 2672 grata
2860 2576 3191 2671 obsequia
3234 2599 3373 2671 que
3414 2577 3598 2651 dicta

774 2702 1057 2774 ecclesia
1101 2701 1508 2794 Moguntina
1546 2702 1748 2775 nobis
1788 2710 1857 2774 et
1907 2702 2462 2797 progenitoribus
2505 2702 2753 2774 nostris
2795 2702 3100 2774 noscitur
3137 2701 3591 2796 impendisse,

776 2825 1288 2900 considerantes
1332 2826 1541 2898 etiam
1573 2825 1854 2898 servitia
1895 2826 2128 2899 debita
2174 2826 2464 2920 imperio
2498 2847 2638 2921 que
2685 2846 2813 2921 per
2852 2825 3322 2920 impotentiam
3364 2847 3605 2899 mona-

775 2951 958 3023 sterii
1001 2950 1358 3023 memorati
1402 2950 1468 3022 ei
1507 2950 1844 3022 hactenus
1893 2961 2057 3022 sunt
2105 2949 2451 3022 subtracta
2467 3002 2489 3042 ,
2534 2969 2663 3043 per
2702 2948 2963 3021 dictum
3008 2947 3601 3045 archiepiscopum

776 3082 843 3147 et
868 3094 1299 3148 successores
1342 3074 1495 3165 ejus
1537 3094 1743 3168 posse
1774 3094 2077 3166 congrue
2122 3073 2474 3164 exhiberi,
2519 3073 3029 3145 concessionem
3056 3082 3126 3144 et
3165 3073 3605 3147 donationem

775 3198 1150 3292 predictam
1196 3205 1524 3291 tanquam
1562 3195 1654 3269 de
1684 3218 1971 3269 assensu
2014 3207 2244 3270 nostro
2283 3197 2534 3270 factam
2583 3204 2797 3269 ratam
2841 3195 3175 3269 habentes
3193 3248 3214 3287 ,
3263 3197 3604 3291 presentis

776 3322 1025 3414 regalis
1057 3320 1316 3417 pagine
1357 3321 1708 3393 sancimus
1753 3319 1980 3393 edicto
2020 3328 2363 3414 quatenus
2409 3319 2599 3393 nulla
2632 3341 2927 3414 persona
2956 3319 3094 3391 alta
3119 3320 3235 3391 vel
3280 3320 3600 3410 humilis,

780 3445 1234 3517 ecclesiastica
1287 3445 1402 3517 vel
1439 3443 1829 3534 mundana,
1868 3443 1933 3516 ei
1980 3465 2155 3516 ausu
2194 3445 2554 3517 temerario
2604 3444 2942 3517 contraire
2983 3453 3355 3539 presumat.
3405 3443 3608 3528 Quod

783 3566 845 3637 si
872 3568 1032 3660 quis
1066 3570 1525 3657 attentaverit,
1562 3578 1791 3663 preter
1826 3566 2372 3660 indignationem
2402 3590 2614 3662 quam
2652 3590 2747 3640 ex
2779 3569 2913 3640 hoc
2947 3567 3228 3657 incidet,
3260 3567 3609 3661 quinqua·

786 3690 980 3782 ginta
1039 3691 1246 3764 libras
1297 3693 1444 3765 auri
1490 3715 1566 3765 se
1622 3692 1895 3765 noverit
1945 3693 2530 3787 compositurum,
2585 3713 2880 3784 quarum
2934 3690 3372 3762 medietatem
3424 3691 3612 3764 curie

785 3824 1040 3906 nostre,
1086 3816 1364 3887 alteram
1397 3836 1566 3888 vero
1599 3816 1778 3911 parti
1812 3836 2010 3909 passe
2046 3813 2367 3905 injuriam
2401 3814 2727 3885 volumus
2764 3811 3114 3907 applicari.

879 3939 1109 4012 Testes
1150 3938 1359 4032 hujus
1393 3938 1933 4012 confirmationis
1970 3947 2199 4010 nostre
2247 3945 2409 4009 sunt
2451 3963 2468 4008 ε
2515 3938 2595 4008 Β.
2638 3934 3020 4033 patriarcha
3059 3932 3600 4030 Aquilegiensis,

784 4061 864 4134 E.
902 4062 1422 4155 Salzburgensis
1457 4061 2051 4158 archiepiscopus,
2088 4063 2173 4133 H.
2222 4061 2763 4156 HerbipolensiS,
2803 4060 2883 4131 Ε.
2922 4059 3482 4153 Bambergensis,
3532 4063 3602 4134 S.

786 4183 1298 4259 Ratisbonensis
1347 4184 1721 4278 imperialis
1770 4185 1926 4257 aule
1975 4184 2467 4277 cancellarius,
2525 4184 2885 4256 Heinricus
2933 4183 3487 4275 WormatiensiS,
3530 4182 3606 4255 C.

789 4306 1238 4402 Frisingensis
1281 4307 1633 4405 episcopi,
1685 4308 1903 4383 abbas
1952 4308 2182 4381 Sancti
2234 4305 2445 4395 Galli,
2494 4308 2834 4400 Saxonie,
2873 4306 3217 4398 Meranie,
3261 4292 3616 4380 Kariuthie

866 4712 938 4786 (l)
974 4713 1054 4775 Cf.
1084 4729 1270 4791 supra,
1294 4730 1353 4788 p.
1383 4718 1488 4773 ³26
1519 4722 1575 4774 et
1599 4730 1752 4791 seqq.
