4842 5802
827 633 1024 695 Ixmcr.
1068 632 1190 709 10.]
1723 626 2120 688 HISTORIA
2169 623 2759 688 DIPLOMATICA.
3533 622 3655 684 925

828 764 1112 847 nellam
1128 824 1151 865 ‚
1194 760 1557 844 existente
1603 758 1888 842 ibidem
1933 758 2153 840 Petro
2198 756 2533 865 Teupolo
2569 781 2709 864 pro
2745 762 3135 863 potestate.
3179 752 3277 836 Et
3309 753 3651 836 Paduani

828 894 1204 978 miserunt
1244 894 1613 975 ducentos
1658 890 1949 999 equites
1985 888 2439 995 Tervisium,
2487 898 2564 970 et
2603 888 3047 997 imperator,
3095 886 3412 969 dimisso
3456 885 3651 969 Eze-

827 1028 988 1112 lino
1023 1025 1474 1132 Vicentiam,
1517 1024 1653 1107 ivit
1688 1024 1789 1105 ad
1823 1022 2145 1126 Plavim,
2193 1021 2469 1104 deinde
2509 1022 2609 1103 ad
2644 1020 3158 1131 Aquilegiam‚
3198 1045 3331 1128 per
3365 1021 3648 1103 Forum

826 1160 998 1266 Iulii
1037 1169 1113 1242 et
1142 1159 1646 1241 Carentanam
1684 1166 1760 1237 et
1795 1155 2236 1237 festinanter
2270 1155 2351 1235 in
2386 1153 2948 1235 Alemanniam.
2996 1151 3334 1236 chronic.
3377 1160 3638 1234 Patav.

828 1318 951 1400 ap.
997 1290 1412 1395 Manum,
1449 1286 1689 1395 Antiq.
1735 1290 1948 1392 Ital„
1989 1297 2045 1369 t.
2089 1286 2220 1393 IV,
2258 1314 2335 1396 p.
2384 1289 2615 1367 1155.
2678 1284 2792 1368 Cf.
2857 1286 3252 1369 Romnum.
3307 1311 3431 1392 ap.
3483 1286 3650 1369 Mn-

822 1446 1125 1530 mrom,
1159 1421 1572 1530 scriptor„
1610 1432 1669 1501 t.
1696 1420 1899 1527 VIII,
1939 1447 2016 1528 p.
2061 1420 2247 1500 208.
2271 1418 2815 1527 —Imperator
2846 1419 3102 1499 statim
3138 1418 3216 1499 in
3265 1419 3646 1500 Aleman—

830 1554 1039 1635 niam
1101 1577 1493 1663 regressus
1547 1561 1699 1657 est,
1757 1551 2036 1633 relictis
2087 1550 2167 1631 in
2226 1549 2561 1635 Marchia
2616 1550 3082 1655 [Trevisana]
3136 1576 3275 1658 pro
3329 1550 3648 1661 negotiis

830 1686 1124 1795 imperii
1168 1684 1715 1792 pertractandis
1768 1683 2043 1767 comite
2099 1684 2485 1765 Geveardo
2537 1683 2633 1764 de
2689 1682 3020 1765 Saxonia
3063 1691 3138 1763 et
3180 1683 3455 1765 comite
3508 1683 3648 1766 Si-

830 1845 1059 1903 mone
1095 1817 1486 1899 TheatinO.
1532 1818 1868 1900 Monach.
1901 1819 2090 1897 Pad.
2138 1815 2514 1911 chronic„
2558 1815 2869 1912 Ibidem,
2910 1841 2987 1923 p.
3033 1815 3217 1896 675.

939 2407 1348 2517 Gregorius
1402 2434 1599 2518 papa
1637 2406 2130 2516 Aquilegensi
2167 2414 2241 2489 et
2295 2407 2665 2490 Gradensi
2703 2407 3153 2514 patriarchis
3167 2468 3192 2513 ,
3230 2408 3645 2494 Ravennati
3706 2413 4062 2510 fffflffiffl

832 2547 908 2621 et
1002 2539 1039 2622 J
1041 2541 1359 2623 anuensi
1449 2539 2028 2649 archiepiscopis
2116 2564 2534 2646 eorumque
2625 2537 3121 2647 suffraganeis
3212 2542 3649 2651 episcopum

837 2670 1266 2755 Ostiensem
1338 2683 1414 2754 et
1485 2672 1804 2755 Sanctae
1876 2671 2203 2754 Sabinae
2272 2669 2801 2780 presbyterum
2879 2671 3346 2753 cardinalem
3417 2700 3648 2757 com-

832 2804 1183 2913 mendat,
1232 2804 1514 2915 quibus
1549 2804 1627 2885 in
1673 2803 2172 2912 Lombardia‚
2221 2802 2554 2888 Marchia
2598 2802 3023 2910 Tervisina,
3080 2803 3532 2889 Romaniola
3575 2821 3651 2892 et

831 2938 1177 3045 partibus
1228 2937 1712 3022 Venetiarum
1755 2936 2156 3046 legationis
2200 2935 2538 3019 officium
2599 2935 3016 3042 commisit,
3084 2943 3171 3017 ut
3219 2937 3327 3020 ibi
3383 2966 3648 3047 pacem

831 3069 1246 3154 reformare
1284 3080 1691 3179 procurent
1728 3069 1876 3179 (1).

997 3283 1296 3361 (Extract.
1323 3301 1422 3361 ap.
1450 3285 1802 3355 mmm„
1829 3280 2045 3343 Annal.
2088 3279 2301 3356 eccles..
2339 3282 2419 3342 ad
2451 3298 2593 3343 ann.
2631 3290 2815 3354 1236,
2860 3280 2895 3361 5
2924 3283 3094 3364 XIII,
3124 3300 3201 3343 ex
3242 3292 3454 3364 regest.
3486 3286 3644 3349 Gre—

1071 3406 1201 3467 gor.
1231 3390 1340 3462 IX,
1369 3406 1511 3449 ann.
1543 3389 1623 3465 X,
1649 3398 1714 3448 n⁰
1744 3397 1885 3449 272.
1927 3389 2164 3450 Adsunt
2203 3393 2403 3449 autem
2446 3390 2707 3466 integrae
2743 3388 2972 3448 litterae
3007 3404 3105 3465 ap.
3136 3390 3364 3452 collect.
3396 3392 3647 3469 Laporte

1073 3494 1156 3553 du
1181 3494 1351 3553 Theil
1374 3496 1439 3553 in
1462 3493 1742 3554 Biblioth.
1770 3497 1977 3570 imper.
2008 3492 2373 3570 Parisiensi.)

935 3679 1186 3748 Datum
1219 3679 1628 3767 Interamne,
1670 3678 1761 3748 111
1794 3674 2119 3748 calendas
2152 3674 2564 3765 decembris,
2605 3676 3040 3771 pontificatus
3072 3700 3255 3752 anno
3284 3681 3372 3753 X.

1312 3986 1628 3996 ——-—

944 4266 1368 4351 Fridericus
1383 4329 1406 4370 ‚
1475 4267 1994 4351 Romanorum
2057 4266 2470 4374 imperator
2484 4325 2508 4367 ,
2565 4274 3019 4348 conventum
3082 4266 3339 4349 Sancti
3398 4268 3645 4351 Lam-
3801 4299 3949 4396 ἐκ

3731 4409 3757 4447 7
3775 4405 4034 4452 decembris.

911 4530 981 4602 (4)
1017 4530 1168 4586 Hanc
1191 4530 1395 4587 nullum
1430 4530 1498 4587 ad
1526 4536 1737 4605 tempus
1769 4529 2017 4586 effectum
2041 4527 2206 4586 fuisse
2239 4528 2486 4585 sortitam
2512 4526 2830 4600 legationem
2854 4527 3147 4599 credimus,
3172 4544 3338 4601 quum
3361 4530 3647 4605 imperator

837 4633 1025 4685 eontra
1053 4630 1292 4685 omnium
1320 4628 1621 4701 opinionem
1646 4634 1934 4703 properato
1956 4642 2121 4685 cursu
2154 4626 2210 4683 in
2238 4626 2604 4685 Alemanniam
2634 4624 2971 4684 remeaverit.
2999 4626 3135 4683 Rem
3160 4641 3289 4685 vero
3318 4628 3460 4685 circa
3482 4627 3643 4688 finem

840 4723 966 4780 maii
991 4727 1131 4784 ⁴237
1149 4733 1480 4800 resumptam
1506 4724 1643 4783 infra
1666 4724 1985 4787 videbimus.
