4842 5802
1905 607 2159 670 INDEX
2206 604 2609 668 Nummum.
3622 604 3770 664 1021

729 737 1002 795 Iohannes
1023 738 1086 795 de
1110 736 1382 795 Asmundo
1398 779 1412 807 ,
1440 739 1564 805 396,
1594 741 1719 793 398.

731 822 1004 878 Iohannes
1023 821 1087 879 de
1114 821 1326 879 Barcho
1351 823 1612 890 Fen-ano,
1643 823 1768 877 429.

729 906 1002 964 Iohannes
1029 907 1092 964 de
1120 909 1397 975 famata,
1426 909 1545 962 365.

728 990 1000 1046 lohannes
1028 990 1092 1046 de
1125 989 1403 1059 Ge‘menik,
1437 991 1563 1044 688.

725 1070 1002 1129 Iohannes
1031 1073 1096 1129 de
1130 1072 1372 1137 [belino.
1421 1073 1553 1141 480,
1594 1072 1729 1141 736,
1777 1071 1904 1142 737,
1941 1079 2057 1128 not.
2099 1089 2159 1141 ο,-

798 1158 934 1226 738,
965 1164 1075 1214 not.
1108 1161 1160 1226 4;
1193 1159 1317 1212 943.

727 1242 1003 1299 Iohannes
1030 1242 1093 1299 de
1121 1239 1545 1311 Mechlembur9‚
1574 1243 1697 1308 807,
1726 1243 1853 1297 808.

727 1325 997 1382 Iohannes
1015 1327 1078 1382 de
1097 1327 1285 1395 Porta,
1306 1325 1580 1382 Ferrariae
1604 1331 1864 1397 potestas,
1880 1326 2007 1394 796,
2031 1326 2156 1395 797,

729 1492 1002 1549 lohannes
1026 1492 1092 1548 de
1121 1492 1306 1548 Raude
1322 1536 1336 1560 ,
1366 1491 1507 1548 filius
1527 1492 1803 1562 Johannis,
1827 1493 1955 1548 707.

729 1576 1002 1631 lohannes
1024 1576 1088 1631 de
1117 1578 1390 1648 Rapoano,
1426 1577 1549 1631 470.

730 1658 1001 1714 Iohannes
1023 1658 1086 1714 de
1120 1660 1288 1726 Sala,
1318 1659 1558 1715 notarius
1585 1660 1652 1715 de
1679 1659 1932 1730 Bononia,
1959 1662 2085 1716 796.

731 1744 1004 1798 lohannes
1027 1743 1089 1798 de
1113 1742 1367 1810 Salerno,
1396 1745 1519 1798 470.

731 1828 1001 1882 Iohannes
1031 1826 1094 1882 de
1120 1827 1550 1900 Sohar-pseneck,
1580 1830 1704 1884 586.

730 1913 1004 1969 Iohannes
1044 1913 1277 1982 Entius,
1322 1911 1580 1968 ecclesiae
1626 1911 1806 1969 Sancti
1849 1911 2063 1984 Georgii
2106 1919 2162 1969 et

802 1993 984 2051 Sancti
1014 1996 1271 2068 Stephani
1301 1997 1370 2052 de
1394 1996 1632 2052 venetiis
1655 1997 1964 2066 advocatae,
1996 1999 2119 2052 347.

731 2078 1000 2135 Iohannes
1024 2080 1470 2150 Fortibrachius,
1503 2084 1628 2136 843.

732 2161 1006 2219 Iohannes
1033 2166 1366 2235 Gaietanus,
1396 2165 1520 2220 444.

730 2243 1000 2302 Iohannes
1030 2247 1308 2303 Goldslein
1345 2248 1408 2304 de
1444 2247 1807 2322 Frankenfort
1824 2291 1839 2319 ,
1870 2251 1997 2320 564,
2030 2251 2159 2307 562.

730 2329 998 2387 Iohannes
1025 2333 1343 2401 Misenates,
1370 2335 1494 2388 437.

729 2413 999 2470 Iohannes
1021 2416 1371 2486 MuscarduS,
1405 2419 1529 2473 429.

730 2495 1002 2555 Iohannes
1028 2499 1349 2572 Pasqualis,
1378 2501 1504 2555 707.

728 2581 996 2640 Iohannes
1016 2586 1287 2642 Pincerna
1302 2628 1315 2655 ,
1344 2589 1472 2641 699.

731 2666 1005 2722 Iohannes
1035 2669 1298 2740 Talarus,
1329 2670 1455 2737 780,
1484 2670 1611 2737 784,
1637 2668 1765 2723 782.

729 2749 1000 2806 Iohannes
1030 2752 1237 2808 Turdus
1263 2752 1326 2809 de
1350 2754 1624 2822 Messana,
1660 2754 1784 2822 437,
1813 2758 1927 2808 not.
1960 2756 2013 2808 4.

729 2833 1103 2906 Iohanninus,
1132 2839 1255 2892 470.

726 2916 958 2974 Ioannes
989 2922 1147 2988 (Irae,
1180 2924 1304 2991 396,
1337 2922 1463 2977 397.

724 3002 1024 3070 lardarius,
1047 3004 1192 3077 prior
1209 3004 1391 3061 Sancti
1412 3005 1679 3062 Benedicti
1707 3006 1775 3061 de
1797 3006 2001 3077 Padua,
2032 3007 2158 3078 345,

802 3088 926 3154 347,
959 3088 1083 3155 348,
1119 3090 1245 3143 352.

726 3168 994 3225 Jordanus
1018 3170 1081 3226 de
1103 3172 1431 3246 Lenqenseld
1445 3217 1458 3244 ,
1486 3176 1611 3232 624.

726 3251 922 3307 Iunior
944 3252 1200 3324 Schiche,
1225 3259 1357 3312 600.

729 3333 883 3401 luta,
912 3349 1050 3390 uxor
1072 3337 1362 3408 Wielandi,
1394 3341 1520 3397 545.

728 3414 1032 3472 Kadelohus
1064 3416 1127 3473 de
1160 3419 1485 3493 Kirchperc‚
1523 3425 1647 3478 680.

729 3501 973 3558 Karalus
993 3502 1057 3559 de
1081 3504 1365 3562 Selehnebe
1396 3507 1761 3581 (Selehuebe),
1792 3511 1914 3566 358.

731 3585 972 3658 Khrafto
997 3587 1060 3644 de
1086 3588 1501 3647 Emizinisbach
1519 3633 1533 3661 ,
1565 3593 1695 3647 547.

726 3669 932 3744 Krasto
953 3671 1016 3727 de
1040 3672 1548 3746 Schillinqisuirst,
1576 3677 1701 3729 699.

731 3755 785 3810 K
784 3755 1075 3828 uaequnda
1093 3798 1108 3825 ,
1139 3773 1275 3814 uxor
1296 3758 1460 3815 Ulrici
1484 3759 1553 3814 de
1572 3756 1782 3825 Lintha,
1808 3757 1935 3811 928.

728 3838 814 3908 L.,
841 3838 1226 3897 Hersfeldensis
1254 3840 1445 3910 abbas,
1476 3842 1601 3896 634.

727 3922 820 3990 L.,
850 3922 1283 3980 monasteriensis
1308 3923 1623 3997 episcopus,
1656 3923 1781 3979 634.

726 4006 811 4075 L.,
842 4005 1131 4064 verdensis
1155 4009 1454 4081 episcopus,
1485 4008 1607 4063 634.

726 4091 789 4145 L.
817 4090 882 4146 de
903 4091 1230 4149 Grindelach
1249 4135 1264 4164 ,
1296 4092 1463 4148 frater
1491 4091 1729 4165 Liupoldi
1747 4132 1762 4159 ,
1792 4091 1916 4145 589.

730 4175 820 4244 L.,
848 4174 1138 4249 imperialis
1162 4177 1319 4233 aulae
1346 4177 1702 4245 camerarius,
1737 4177 1862 4230 434.

728 4257 1064 4327 Lambertu3‚
1090 4275 1271 4317 comes
1297 4259 1364 4315 de
1389 4259 1712 4330 Thuringen,
1739 4259 1867 4313 754.

730 4342 1155 4416 Lampuynanus
1177 4343 1566 4414 Marcellinus,
1594 4344 1718 4411 347,
1747 4343 1869 4397 352.

728 4426 912 4482 Laudo
937 4428 1293 4497 Galama-rus,
1326 4431 1449 4485 429.

727 4509 1054 4584 Laudatus,
1099 4513 1522 4569 wormaciensis
1568 4510 1802 4579 electus,
1842 4511 1978 4579 692,
2018 4511 2153 4579 693,

801 4595 925 4663 694,
955 4595 1083 4662 744,
1102 4596 1230 4664 743,
1255 4597 1381 4667 747,
1410 4597 1539 4668 748,
1561 4597 1688 4665 722,
1717 4596 1846 4665 728,
1874 4595 2002 4663 777,
2026 4594 2154 4665 778,

800 4676 893 4731 844
931 4683 1040 4733 not.
1070 4682 1123 4747 4,
1158 4679 1284 4735 842.

728 4758 1091 4832 Landolt'nus,
1116 4762 1297 4833 miles,
1320 4764 1447 4820 957.

2343 732 2675 806 Landulsus,
2698 733 2896 805 judex,
2926 737 3025 800 98,
3052 737 3161 788 not.
3195 735 3248 787 4.

2344 817 2590 886 Laudas,
2623 818 2854 890 Reginus
2877 817 3328 891 archiepiscopus,
3359 821 3547 889 postea
3572 819 3772 876 Messa-

2417 902 2633 970 nensis‚
2660 904 2786 969 265,
2819 904 2913 957 404
2950 907 3007 957 et
3030 908 3142 958 not.
3175 904 3228 970 4,
3261 903 3383 968 409,
3418 904 3542 971 444,
3572 904 3694 959 423.

2347 986 2568 1041 Laudas
2614 985 2729 1042 sive
2771 984 3103 1058 Landolfus,
3135 983 3426 1041 canonicus
3457 985 3768 1057 Paduanus,

2420 1070 2545 1135 344,
2576 1072 2702 1138 346,
2733 1072 2856 1125 352.

2346 1153 2690 1227 lanfrancus
2705 1197 2719 1225 ,
2741 1153 2912 1209 abbas
2943 1153 3168 1210 Sanctae
3188 1152 3391 1209 Mariae
3410 1153 3479 1209 de
3502 1154 3740 1212 Pratalea
3755 1199 3770 1226 ,

2420 1241 2698 1307 320,321.

2346 1322 2690 1395 Lanfrancus
2713 1320 2777 1377 de
2800 1319 3074 1389 Lanam,
3109 1322 3238 1390 348,
3266 1322 3392 1377 353.

2344 1406 2685 1461 Laurentius
2702 1446 2716 1473 ,
2759 1405 3054 1461 monachus
3102 1404 3171 1459 de
3226 1404 3545 1462 monasterio
3595 1406 3775 1463 Sancti

2416 1488 2693 1546 Michaelis
2720 1487 2789 1543 de
2819 1490 3251 1554 Moutecaveoso,
3284 1490 3406 1545 395.

2347 1573 2680 1629 Laurentius
2706 1571 2995 1629 Calvenese
3017 1614 3031 1640 ,
3059 1575 3184 1627 469.

2349 1656 2472 1726 Leo,
2504 1656 2911 1712 mediolanensis
2933 1655 3382 1729 archiepiscopus,
3413 1659 3535 1727 874,
3567 1661 3690 1715 904.

2345 1739 2450 1795 Leo
2472 1739 2535 1795 de
2564 1741 2935 1809 Monumento,
2975 1739 3273 1812 praefectus
3294 1743 3512 1811 Romae,
3540 1745 3660 1800 307.

2346 1822 2686 1892 Leomrdus,
2714 1823 2970 1879 Cavensis
2994 1823 3184 1892 abbas,
3211 1827 3334 1893 427,
3356 1828 3476 1895 467,
3500 1830 3625 1898 549,
3644 1832 3768 1886 535.

2344 1907 2681 1976 Leonardus,
2712 1907 2885 1963 abbas
2910 1907 3090 1965 Sancti
3115 1907 3355 1979 Georgii,
3384 1914 3506 1965 346.

2346 1991 2684 2061 Leonardus,
2710 1991 3062 2048 Torcellensis
3097 1992 3396 2064 episcopm,
3426 1996 3553 2049 747.

2345 2074 2691 2143 Leonardus,
2720 2090 2902 2131 comes
2926 2075 3226 2147 Absareni,
3257 2078 3380 2132 347.

2346 2158 2656 2214 leonardus
2675 2157 2738 2214 de
2763 2158 2995 2217 Nicolao
3012 2202 3026 2229 ,
3054 2163 3178 2216 429.

2344 2239 2622 2307 Limarus,
2652 2239 2956 2295 Bremensis
2990 2240 3437 2312 archiepiscopus,
3471 2243 3528 2297 44
3541 2246 3592 2299 3.

2344 2321 2660 2390 Lintoldus,
2690 2323 3069 2379 Admunteusis
3095 2323 3297 2394 abbaS,
3329 2326 3454 2380 544.

2344 2406 2671 2479 Liupoldus,
2701 2406 3124 2463 wormaciensis
3151 2407 3463 2481 episcopus,
3494 2412 3621 2466 694.

2345 2488 2667 2563 Liupoldus,
2694 2489 2802 2545 dux
2822 2490 3086 2560 Austriae,
3116 2492 3238 2546 887.

2349 2571 2649 2644 Liupoldus
2681 2572 2744 2628 de
2780 2572 3135 2645 Grindelach,
3172 2579 3297 2645 560,
3331 2578 3455 2646 589,
3487 2580 3612 2649 674,
3646 2584 3770 2638 699.

2345 2655 2630 2713 Liuloldus
2655 2656 2718 2713 de
2743 2658 2954 2729 Auyia,
2985 2661 3112 2714 792.

2346 2739 2706 2814 Liutpoldus,
2735 2740 2879 2798 filius
2904 2742 3056 2798 ducis
3080 2742 3342 2813 Austriae,
3365 2745 3491 2816 546,
3521 2748 3650 2804 547.

2347 2825 2661 2895 Lotharius,
2676 2841 2858 2882 comes
2879 2826 2946 2883 de
2975 2826 3176 2897 Woda,
3197 2826 3332 2884 alias
3351 2827 3420 2885 de
3435 2830 3630 2901 Weda,
3648 2835 3771 2904 645,

2418 2916 2531 2967 not.
2564 2909 2616 2966 b.

2346 2994 2677 3065 Letharius,
2709 3012 2823 3066 rex,
2854 2997 2980 3065 704,
3011 2996 3138 3066 702,
3171 2997 3297 3066 703,
3330 3002 3454 3055 849.

2345 3077 2699 3148 Ludewicus,
2739 3078 2847 3135 dux
2888 3079 3195 3148 Bawariae‚
3227 3084 3351 3148 364,
3389 3089 3499 3139 not.
3539 3087 3589 3155 4;
3634 3089 3769 3155 683,

2349 3246 2672 3304 Ludewicus
2696 3247 2759 3303 de
2786 3247 3178 3314 Frankestein,
3202 3249 3331 3305 584.

2346 3331 2665 3389 Ludewicus
2693 3332 2756 3387 de
2780 3331 3060 3388 Nichastel
3077 3374 3090 3401 ,
3124 3336 3247 3388 544.

2348 3415 2670 3472 Dudewicus
2698 3416 2761 3471 de
2789 3415 3118 3488 Offenheim,
3153 3420 3280 3472 599.

2348 3498 2668 3555 Ludewicus
2692 3498 2755 3554 de
2789 3500 3011 3567 Rienek,
3043 3501 3165 3568 634,
3197 3505 3308 3556 not.
3329 3503 3382 3554 4.

2347 3583 2662 3640 Ludewicus
2681 3583 2745 3638 de
2773 3585 3052 3656 Vir-mpero
3068 3598 3164 3639 seu
3180 3584 3244 3641 de
3279 3586 3629 3659 Wintesperc,
3645 3590 3704 3645 74
3717 3593 3770 3658 7,

2349 3750 2670 3806 Ludewicus
2694 3750 2759 3806 de
2783 3750 3194 3821 Wanyenheim,
3222 3752 3345 3806 584.

2346 3829 2648 3901 Ludiqerus
2668 3830 2731 3886 de
2759 3829 3052 3902 Indaqine,
3084 3833 3210 3885 758.

2350 3913 2612 3988 Ludolfus
2627 3957 2641 3984 ,
2668 3913 2985 3987 burgravius
3011 3915 3079 3970 de
3116 3914 3403 3989 Friedberg
3433 3932 3530 3975 seu
3557 3919 3772 3979 Wried-

2417 4000 2571 4072 berg,
2603 4002 2729 4070 656,
2756 4001 2881 4067 657,
2907 4000 2966 4053 74
2980 4002 3033 4068 9,
3056 4004 3168 4054 not.
3193 4018 3261 4067 a,·
3289 4002 3414 4057 725.

2346 4082 2611 4155 Ludolfus
2624 4126 2637 4153 ,
2659 4089 2974 4157 praeceptor
2992 4082 3268 4156 hospitalis
3293 4084 3740 4145 Theutonicorum
3753 4133 3769 4161 ,

2418 4168 2549 4222 793.

2346 4248 2654 4323 Ludolphus
2672 4291 2686 4318 ,
2720 4265 2901 4306 comes
2924 4251 2992 4306 de
3012 4250 3327 4306 Halremunt
3348 4268 3445 4308 seu
3465 4252 3765 4327 Alremont,

2417 4348 2515 4390 seu
2545 4333 2847 4402 Alrement,
2872 4335 2995 4403 274,
3027 4336 3153 4403 273,
3184 4336 3310 4405 275,
3334 4339 3457 4407 304,
3482 4345 3594 4395 not.
3624 4341 3673 4396 b.

2343 4417 2679 4487 Ludovicus,
2711 4432 2894 4473 comes
2930 4417 3000 4474 de
3038 4418 3279 4490 Froburg
3304 4419 3419 4476 sive
3457 4422 3765 4495 Vrohurch,

2420 4504 2545 4571 487,
2574 4504 2697 4557 488.

2342 4586 2646 4644 Ludovicus
2672 4600 2770 4642 seu
2795 4583 3138 4655 Ludewicus,
3170 4586 3508 4657 landgravius
3532 4589 3602 4646 de
3632 4592 3769 4648 Luc-

2416 4669 2679 4742 kenburg,
2707 4685 2804 4727 seu
2831 4669 3222 4743 Luchtimberg,
3250 4686 3347 4726 seu
3369 4671 3766 4749 Liechtenberg,

2418 4756 2547 4825 271,
2577 4758 2704 4825 sos,
2733 4755 2858 4824 ³⁴2,
2886 4761 3000 4810 not.
3028 4753 3090 4825 b;
3120 4756 3244 4825 674,
3268 4758 3395 4825 783,
3424 4758 3552 4830 784,
3583 4762 3708 4819 820.
