4842 5802
1174 544 1297 606 850
2165 543 2589 608 tammum
2638 512 2989 605 sncum'm
3605 544 3765 624 [An.
3803 544 3979 609 1236.

1174 678 1400 752 modis
1433 679 1681 751 nostris
1717 679 2166 773 intendimus,
2200 679 2430 755 sedin
2474 679 2607 751 hoc
2648 678 2873 750 crucis
2921 675 3289 770 negocium
3327 673 3782 753 directissime
3811 702 3986 776 pro·-

1171 811 1488 893 curatur,
1546 802 1714 875 dum
1767 803 2140 877 rebellibus
2191 803 2443 878 nostris
2486 802 2666 874 circa
2722 810 2949 896 partes
3001 799 3194 871 Italie
3250 800 3324 869 in
3368 802 3709 894 gremium
3754 815 3986 879 nostre

1170 925 1386 1020 gratie
1422 927 1784 1019 revocatis,
1835 926 2215 1000 discordias
2252 925 2354 1020 (a)
2399 926 2770 997 multorum
2816 922 3154 995 nobilium
3200 922 3593 997 desiderato
3643 924 3782 998 fine
3826 949 3983 1022 pre-

1170 1048 1467 1123 cidimus
1504 1075 1522 1118 :
1560 1049 1680 1143 qui
1724 1058 1886 1123 vota
1931 1072 2058 1125 sua
2099 1051 2173 1122 in
2213 1059 2533 1123 eventum
2579 1046 2977 1140 hujusmodi
3032 1046 3579 1142 suspenderunt,
3620 1071 3707 1122 ne
3761 1052 3985 1123 crucis

1166 1171 1522 1265 signaculo
1556 1173 1966 1266 presignitos
2014 1173 2363 1246 christiani
2408 1172 2672 1246 cruoris
2716 1170 2991 1261 effusio,
3031 1171 3194 1244 licet
3242 1171 3430 1262 justa
3453 1226 3471 1260 ,
3523 1173 3614 1245 ob
3667 1171 3981 1247 debitum

1167 1304 1238 1368 et
1268 1295 1593 1368 honorem
1644 1296 1911 1392 imperii
1962 1307 2030 1369 et
2060 1297 2255 1391 regni
2303 1297 2530 1370 Sicilie
2567 1295 2689 1390 (b),
2724 1295 3118 1369 macularet.
3169 1295 3313 1366 Nos
3344 1296 3588 1387 etiam,
3639 1295 3728 1369 de
3781 1299 3983 1390 cujus

1167 1440 1378 1491 manu
1418 1419 1847 1513 potissimum
1885 1431 2066 1494 terra
2096 1419 2409 1516 predicta
2437 1421 2841 1516 prestolatur
2864 1417 3282 1512 subsidium,
3315 1420 3466 1493 sine
3500 1421 3702 1492 tacita
3738 1422 3978 1493 saltem
4116 1414 4119 1418 “

1167 1541 1655 1636 redargutione
1716 1546 2083 1616 multorum
2109 1598 2130 1635 ,
2187 1546 2419 1617 relicto
2479 1544 2550 1614 in
2628 1552 2770 1615 tam
2825 1542 3034 1614 nobili
3097 1544 3379 1636 regione
3443 1543 3707 1638 imperii
3767 1544 3976 1616 nostri

1168 1684 1452 1759 corpore
1517 1668 1812 1738 lacerato
1870 1678 1937 1739 et
1991 1667 2415 1739 dissimulata
2468 1666 2684 1739 veteri
2735 1666 3106 1738 rebellione
3171 1666 3530 1739 rebellium
3552 1719 3572 1756 ‚
3630 1689 3980 1741 assumere

1165 1788 1380 1861 libere
1414 1797 1675 1861 tantum
1715 1791 2072 1882 negocium
2108 1812 2243 1862 non
2280 1811 2661 1885 possemus.

1264 1913 1364 1984 De
1394 1913 1553 1984 sinu
1606 1913 1860 1986 etenim
1915 1914 2135 2008 ipsius
2180 1915 2371 1987 Italie
2423 1915 2817 2010 supradicta
2867 1912 3208 1987 discordia
3241 1914 3332 1987 ad
3367 1914 3692 1988 honorem
3742 1916 3864 1988 Dei
3907 1894 3977 1988 et

1167 2036 1437 2130 imperii
1501 2037 1828 2111 laudabili
1882 2036 2022 2110 fine
2080 2038 2421 2132 sedanda,
2476 2038 2740 2133 grande
2791 2037 3169 2134 producere
3220 2060 3579 2133 speramus
3634 2039 3974 2112 auxilium

1164 2162 1368 2233 Terre
1399 2162 1670 2250 Sancte,
1698 2183 1838 2258 que
1864 2164 2060 2235 velut
2088 2162 2332 2234 incolis
2365 2165 2724 2258 populosa,
2758 2163 2989 2234 vicina
3021 2163 3386 2253 maritime,
3420 2162 3760 2257 glebeque
3784 2164 3973 2234 cultu

1163 2286 1544 2374 fructifera,
1587 2286 1659 2356 in
1700 2286 2326 2381 opportunitatibus
2368 2286 2690 2359 omnibus
2733 2306 2808 2360 se
2854 2287 3088 2358 utilem
3137 2286 3428 2357 nimium
3465 2285 3826 2359 exhibebit
3854 2283 3966 2380 (c).

1158 2406 1271 2482 Ad
1304 2408 1432 2480 hec
1469 2409 1677 2503 igitur
1714 2410 1944 2482 omnia
1987 2409 2353 2482 salubriter
2401 2411 2836 2504 procuranda
2890 2410 3140 2482 nostris
3189 2430 3327 2481 non
3365 2407 3727 2501 indulgere
3766 2410 3975 2482 laho-

1159 2532 1353 2604 ribus
1414 2553 1542 2604 nec
1588 2554 1870 2628 parcere
1923 2533 2314 2628 sumptibus
2378 2534 2854 2628 disponentes,
2902 2543 3116 2607 estate
3171 2534 3471 2628 presenti
3530 2534 3974 2628 personaliter

1160 2678 1318 2729 cum
1377 2656 1627 2728 nostris
1678 2657 2105 2752 principibus
2160 2659 2412 2730 intrare
2468 2656 2908 2731 condiximus
2963 2657 3478 2748 Lombardiam;
3535 2657 3628 2731 ad
3672 2658 3801 2731 hec
3845 2657 3972 2729 tria

1160 2779 1783 2852 considerationum
1839 2790 2222 2853 nostrarum
2276 2777 2594 2853 assiduos
2638 2781 2979 2873 cogitatus
3020 2779 3371 2874 potissime
3418 2779 3793 2875 dirigentes
3834 2807 3852 2851 ε
3896 2789 3974 2851 ut

1156 2901 1501 2976 eradicata
1539 2905 1610 2975 in
1646 2903 1834 2976 Italia
1870 2903 2164 2978 heretica
2200 2906 2562 2999 pravitate,
2593 2904 2752 2996 jura
2783 2904 3082 2976 Ecclesie
3118 2914 3188 2976 et
3219 2905 3491 2999 imperii
3524 2907 3973 2977 reformemus

1158 3025 1451 3117 ibidem;
1500 3038 1577 3098 ut
1633 3048 1873 3122 pacem
1925 3026 2426 3101 discordiarum
2502 3027 2984 3100 schismatibus
3035 3027 3370 3120 fatigatis,
3422 3036 3494 3099 et
3547 3027 3971 3120 quibuslibet

1157 3151 1380 3245 passis
1427 3151 1743 3243 injuriam
1792 3151 1943 3223 sine
1996 3152 2459 3248 acceptatione
2500 3153 2806 3246 qualibet
2857 3172 3302 3246 personarum
3372 3151 3647 3245 justicie
3700 3151 3967 3245 copiam

1156 3273 1646 3348 ministremus.
1679 3315 1779 3327 —
1805 3276 2074 3347 Scimus
2113 3276 2400 3368 etenim,
2451 3276 2738 3348 veritate
2775 3285 3103 3367 testante,
3143 3274 3334 3369 quod
3379 3274 3552 3345 nihil
3587 3274 3966 3368 malignum

1159 3399 1360 3470 nobis
1395 3397 1747 3471 adversari
1786 3401 2056 3493 poterit,
2090 3399 2259 3472 dum
2291 3399 2569 3491 justicie
2595 3402 2765 3472 solio
2795 3400 3265 3495 presidemus;
3297 3439 3394 3452 —
3421 3408 3499 3471 ut
3538 3399 3629 3472 ad
3661 3399 3967 3496 expian-

1159 3522 1326 3596 dum
1361 3523 1791 3595 inimicorum
1826 3521 1988 3596 fidei
2024 3524 2369 3618 peculiare
2398 3522 2495 3621 (d)
2526 3524 2860 3618 flagitium
2894 3524 2965 3595 in
3002 3524 3307 3620 partibus
3338 3524 3843 3616 transmarinis,
3877 3524 3968 3597 de

1155 3645 1503 3718 communi
1566 3646 2258 3717 Transmontanorum
2317 3655 2386 3716 et
2426 3645 2813 3717 Italicorum
2871 3646 3196 3737 consili0,
3240 3646 3422 3718 votis
3484 3647 3966 3719 communibus

1157 3770 1572 3841 unanimiter
1624 3770 2027 3865 aspiremus.
2080 3768 2193 3841 Ad
2241 3770 2433 3864 quod
2483 3779 2788 3842 vestrum
2834 3770 3160 3865 precipue
3211 3780 3279 3841 et
3345 3769 3553 3842 totius
3596 3771 3964 3843 christiane

1159 3893 1622 3965 universitatis
1674 3893 2092 3988 presidium,
2131 3903 2362 3965 nostra
2412 3914 2551 3965 non
2602 3902 2865 3966 tantum
2912 3893 3197 3979 utilitas,
3245 3892 3371 3965 sed
3412 3893 3559 3989 ipsa
3599 3890 3965 3965 necessitas

1158 4017 1491 4088 instanter
1549 4015 1832 4104 invitat,
1882 4037 2039 4085 cum
2086 4025 2483 4107 treugarum
2522 4014 2679 4087 finis
2719 4038 2897 4110 quas
2937 4037 3063 4088 nos
3107 4016 3178 4086 in
3223 4015 3387 4109 ipsis
3421 4016 3731 4111 partibus
3767 4016 3962 4087 exis-

1156 4150 1375 4214 tentes
1424 4138 1753 4210 inivimus
1806 4160 1962 4209 cum
2025 4136 2343 4231 soldano,
2395 4139 2538 4211 fere
2580 4140 2651 4210 in
2694 4140 2926 4233 januis
2972 4138 3333 4212 habeatur.
3381 4139 3611 4223 Quare
3658 4138 3749 4212 de
3789 4160 3963 4211 nos-

1235 4353 1317 4436 (a)
1356 4355 1474 4431 Ap.
1503 4354 1671 4415 Pertz
1696 4355 2131 4433 expectationem

1233 4459 1314 4540 (b)
1357 4461 1469 4539 Ap.
1499 4462 1670 4523 Pertz
1692 4460 2101 4522 tantummodo
2128 4458 2360 4540 imperii
2382 4456 2607 4521 scilicet.

1235 4566 1307 4645 (c)
1349 4567 1466 4643 Ap.
1496 4567 1664 4628 Pertz
1694 4564 1977 4628 exhibuit.
2703 4639 2710 4644 ‚

1237 4670 1323 4752 (d)
1363 4688 1461 4749 ap.
1491 4673 1661 4733 Pertz
1677 4671 2015 4752 piaaalare,·
2038 4675 2103 4734 in
2129 4672 2327 4735 codice
2350 4673 2662 4736 Harleiano
2677 4673 2788 4753 pia
2811 4670 3116 4736 celeritate.
