4842 5802
947 650 1152 714 lamet.
1176 649 1271 729 9.]
1855 644 2249 710 HISTORIA
2299 643 2887 711 DIPLOMATICA.
3663 647 3786 711 789

944 806 1184 860 comes
1218 783 1558 877 Saxonie,
1608 780 2001 856 Bernardus
2046 782 2200 856 dux
2245 780 2593 854 Carinthie
2609 833 2632 874 ,
2676 781 2835 855 Otto
2882 779 3037 855 dux
3083 782 3376 856 Bavarie
3424 783 3774 880 palatinus

951 928 1189 982 comes
1234 906 1498 1000 Rheni,
1544 903 1870 979 Albertus
1919 903 2073 979 dux
2126 905 2432 978 saxonie
2450 958 2472 997 ,
2525 906 2961 979 Hermannus
3010 906 3316 980 marchio
3362 905 3452 981 de
3496 906 3730 983 Baden
3752 962 3774 1001 ,

952 1030 1336 1107 Gottl'ridus
1373 1040 1443 1105 et
1477 1028 1834 1104 Conradus
1870 1028 1964 1103 de
2006 1029 2407 1103 Hohenloch
2449 1028 2733 1103 comites
2761 1029 3159 1103 Romaniole
3173 1082 3195 1121 ,
3242 1028 3651 1105 Gebhardus
3691 1031 3783 1106 de

952 1154 1326 1230 Arnestein
1359 1154 1494 1251 (a),
1528 1163 1599 1229 et
1634 1154 1752 1226 alii
1786 1153 2259 1250 quamplures,

1053 1280 1347 1375 Signum
1380 1277 1644 1353 domini
1681 1276 2009 1353 Friderici
2044 1278 2145 1369 11,
2180 1277 2308 1351 Dei
2342 1278 2564 1372 gratia
2604 1275 3037 1350 invictissimi
3069 1276 3533 1349 Romanorum
3571 1278 3788 1375 impe-

953 1404 1204 1477 ratoris
1231 1422 1507 1497 semper
1539 1401 1854 1495 augusti,
1885 1402 2262 1475 Jerusalem
2290 1409 2360 1473 et
2384 1400 2619 1474 Sicilie
2647 1400 2852 1494 regie.
3353 1400 3356 1405 ’

1050 1527 1203 1621 Ego
1250 1525 1549 1600 Sifridus
1603 1524 2122 1622 Ratisponensis
2177 1524 2550 1621 episcopus
2568 1577 2591 1615 ,
2646 1523 3019 1620 imperialis
3078 1523 3241 1598 aule
3295 1523 3740 1597 cancellarius
3757 1578 3780 1615 ,

955 1649 1117 1724 vice
1166 1650 1433 1725 domini
1477 1649 2025 1744 Moguntinensis
2056 1647 2563 1745 archiepiscopi
2610 1647 2972 1721 Germanie
3027 1647 3649 1741 archicancellarii,
3677 1668 3790 1721 re-

958 1775 1284 1868 cognovi.
2256 1836 2263 1841 .

1054 1897 1232 1971 Acta
1268 1907 1433 1971 sunt
1475 1898 1607 1971 hec
1650 1916 1836 1969 anno
1877 1894 2225 1969 dominice
2276 1896 2768 1969 incarnationis
2799 1896 2894 1968 M.
2929 1894 3056 1968 CC.
3081 1896 3362 1989 XXXV,
3394 1916 3635 1968 mense
3674 1915 3790 1968 oc-

958 2021 1209 2113 tobris,
1258 2041 1441 2094 none
1489 2019 1885 2093 indictionis
1910 2073 1930 2109 ‚
1968 2019 2349 2114 imperante
2395 2018 2680 2092 domino
2719 2027 2950 2092 nostro
2989 2017 3336 2092 Friderico
3353 2072 3374 2110 ,
3407 2019 3533 2093 Dei
3569 2019 3790 2114 gratia

959 2144 1414 2219 invictissimo
1475 2146 1940 2218 Romanorum
1992 2144 2401 2239 imperatore
2450 2163 2723 2239 semper
2766 2150 3097 2236 angusto,
3132 2143 3505 2215 Jerusalem
3556 2151 3624 2217 et
3672 2143 3792 2216 Si-

960 2268 1119 2341 cilie
1143 2287 1336 2359 rege,
1375 2288 1558 2341 anno
1594 2267 1867 2364 imperii
1914 2270 2067 2361 ejus
2100 2267 2282 2359 XVI,
2319 2266 2515 2361 regni
2560 2266 2934 2340 Jerusalem
2974 2265 3078 2357 X,
3123 2264 3322 2358 regni
3355 2286 3524 2340 vero
3558 2265 3790 2339 Sicilie

963 2390 1247 2462 XXXVI
1273 2389 1396 2487 (b),
1433 2390 1745 2481 feliciter.
1769 2390 2023 2465 Amen.

1056 2513 1306 2587 Datum
1341 2514 1534 2608 apud
1561 2513 1977 2611 Augustam,
2019 2536 2225 2608 anno,
2266 2535 2507 2588 mense
2536 2522 2604 2588 et
2635 2513 3011 2587 indictione
3039 2513 3473 2608 pretitulatis.

1062 3082 1526 3190 fridericus,
1564 3082 2090 3168 Romanorum
2143 3084 2588 3194 imperator,
2626 3082 3249 3168 ministerialibus
3279 3084 3481 3168 infra
3533 3085 3790 3171 comi-
3885 3176 3918 3219 Δ
3957 3123 4088 3178 apua

958 3224 1208 3298 tatum
1242 3214 1692 3298 Stadensem
1736 3215 2166 3299 constitutis
2201 3225 2276 3298 et
2329 3216 2433 3298 ad
2466 3216 2895 3299 dominium
2947 3214 3045 3298 de
3095 3215 3544 3304 Brunswick
3595 3218 3788 3302 atti-
3881 3180 4164 3275 affl

955 3347 1318 3431 nentibus
1362 3346 1681 3430 mandat
1734 3355 1822 3430 ut
1874 3348 2054 3431 duci
2114 3348 2376 3433 Ottoni
2429 3347 2527 3431 de
2578 3347 2993 3458 Luneburg
3046 3357 3417 3458 tanquam
3478 3351 3793 3435 domino

956 3502 1102 3561 suo
1135 3476 1528 3585 obediant,
1566 3477 1712 3587 ipsi
1747 3478 2132 3564 fidelitatis
2169 3480 2200 3591 j
2207 3490 2693 3564 uramentum
2730 3480 3197 3565 exhibentes

1125 3689 1317 3770 (Edit.
1345 3709 1440 3769 ap.
1467 3692 1886 3769 Bnmvm,
1914 3689 2293 3753 Braumchw.
2337 3689 2595 3763 chronik,
2622 3708 2685 3768 p.
2715 3699 2858 3752 476.
2884 3723 2965 3737 -
2985 3690 3247 3765 Serum),
3295 3692 3521 3776 oriqin.
3571 3695 3789 3780 θυεμ,

1201 3802 1248 3860 t.
1279 3797 1389 3875 IV,
1418 3815 1483 3878 p.
1516 3804 1654 3859 167.
1675 3828 1759 3843 —
1782 3796 2043 3873 Pru-rm,
2076 3794 2227 3859 Uber
2248 3798 2498 3860 Bremen
2521 3793 2652 3857 und
2683 3794 2926 3873 Verden,
2955 3802 3004 3858 t.
3033 3797 3143 3874 VI,
3173 3815 3232 3877 p.
3273 3799 3439 3878 116.)

1053 3980 1474 4072 Fridericus,
1514 3982 1641 4057 Dei
1680 3983 1915 4078 gracia
1962 3983 2428 4058 Romanorum
2475 3982 2846 4078 imperator
2881 4003 3153 4079 semper
3183 3995 3551 4081 augustuS,
3589 3990 3787 4064 Jeru-

957 4107 1174 4180 salem
1201 4115 1271 4181 et
1304 4107 1535 4182 Sicilie
1564 4128 1720 4200 rex,
1757 4108 2101 4182 universis
2139 4106 2707 4181 ministerialibus
2739 4107 2914 4181 infra
2950 4107 3349 4183 comitatum
3385 4110 3790 4189 Stadensem

958 4226 1353 4300 constitutis
1386 4236 1459 4300 et
1488 4224 1582 4301 ad
1617 4225 2007 4301 dominium
2047 4226 2139 4302 de
2189 4226 2567 4300 Brunesvic
2599 4226 3050 4301 attinentibus
3081 4224 3408 4302 fidelibus
3440 4231 3589 4304 suis
3629 4255 3790 4329 gra·

957 4349 1126 4424 tiam
1166 4371 1366 4425 suam
1404 4358 1476 4425 et
1506 4371 1714 4426 omne
1755 4350 2049 4425 bonum.
2088 4349 2450 4426 Credimus
2482 4348 2578 4424 ad
2609 4359 2912 4425 vestram
2937 4350 3365 4426 audientiam
3394 4357 3794 4452 pervenisse

956 4473 1257 4568 qualiter
1296 4471 1389 4549 de
1433 4474 1721 4549 consilio
1764 4475 2159 4572 principum
2212 4473 2618 4548 dilectorum
2635 4527 2658 4568 ,
2708 4473 2793 4546 Ο.
2854 4472 2947 4549 de
2999 4475 3413 4551 Luneburch
3463 4478 3788 4556 dilectum

1041 4649 1124 4726 (a)
1160 4649 1234 4711 In
1259 4649 1408 4712 libro
1435 4653 1559 4714 ord.
1591 4652 1890 4715 Theuton.
1924 4653 2135 4733 coplali
2156 4648 2226 4713 de
2246 4649 2665 4726 Hennensteim
2690 4653 2890 4712 minus
2911 4657 3089 4714 recte.

1044 4751 1133 4832 (b)
1173 4753 1247 4815 In
1272 4755 1422 4818 libro
1446 4758 1660 4837 copiall
1684 4758 1968 4820 tricesim
1987 4758 2227 4839 septimo
2233 4777 2270 4835 ,·
2290 4764 2448 4820 recte
2474 4763 2676 4819 tamen
2691 4755 3029 4822 XXXVIII.
