4842 5802
845 617 1045 678 lxmct.
1076 614 1167 692 9.]
1745 609 2152 672 HISTORIA
2190 608 2782 672 mPLoMA‘rch.
3560 612 3683 676 823

846 748 1238 838 firmamus,
1295 767 1593 841 quorum
1643 745 1948 840 quedam
2007 744 2298 841 propriis
2354 744 2715 817 vocabulis
2767 743 3101 818 duximus
3153 744 3613 843 exprimenda
3655 775 3673 820 ε

846 885 1098 945 terram
1134 870 1340 943 Butin
1373 892 1537 943 cum
1571 869 1718 941 suis
1769 868 2078 940 terminis
2121 878 2193 941 et
2235 889 2392 940 cum
2442 869 2809 942 advocatia
2847 870 3163 963 ejusdem
3204 880 3415 963 terre,
3451 874 3682 945 curias

847 997 1278 1092 episcopales
1325 994 1398 1066 in
1438 1004 1620 1066 terra
1670 992 2070 1086 Raceburg,
2119 993 2463 1066 Verchow
2511 1013 2669 1064 cum
2716 993 2862 1064 suis
2915 994 3263 1083 terminiS,
3312 994 3678 1069 dimidiam

848 1120 1089 1192 villam
1126 1118 1435 1192 Panthen
1468 1124 1538 1190 et
1572 1116 1870 1188 insulam
1905 1115 2158 1210 Campe
2187 1137 2348 1188 cum
2382 1114 2587 1209 aquis
2632 1115 2763 1186 sibi
2801 1114 3333 1211 pertinentibus,
3384 1118 3456 1188 in
3501 1126 3682 1191 terra

850 1244 1296 1337 Wittenburg
1326 1242 1663 1332 Dodowe,
1702 1241 1776 1311 in
1804 1250 1980 1312 terra
2012 1242 2374 1311 Dartsowe
2410 1238 2916 1333 Biscopestorff,
2952 1240 3021 1311 iu
3054 1250 3229 1312 terra
3258 1242 3512 1314 Brezen
3549 1252 3687 1314 tres

849 1367 1053 1440 villas
1103 1366 1504 1455 Gressowe‚
1567 1363 1978 1437 Mandrowe
2029 1371 2098 1437 et
2150 1362 2648 1435 Hohenkerken
2706 1382 2864 1434 cum
2918 1383 3158 1437 earum
3218 1364 3558 1456 terminis,
3609 1367 3682 1437 in

853 1500 1034 1563 terra
1064 1490 1456 1583 Wanninge
1497 1489 1699 1560 villas
1733 1488 1988 1560 Mauke
2024 1495 2092 1559 et
2122 1489 2501 1580 Brezegore
2535 1509 2692 1558 cum
2726 1509 2964 1559 earum
3000 1488 3338 1580 terminis‘3
3393 1489 3464 1561 in
3509 1497 3686 1562 terra

853 1614 1310 1709 Boycenburg
1342 1612 1584 1695 Beuin‚
1629 1611 1702 1681 in
1736 1609 2201 1682 Sadelbandia
2231 1610 2592 1700 Putrowe,
2629 1610 2699 1680 in
2742 1610 3028 1683 Gamma
3069 1622 3202 1683 tres
3241 1633 3552 1701 mansos;
3594 1612 3689 1685 ad

854 1760 1029 1810 usus
1090 1757 1368 1830 quoque
1427 1734 1707 1830 capituli
1760 1734 1834 1804 in
1886 1742 2064 1805 terra
2111 1732 2477 1826 Raceburg
2528 1733 3000 1826 Rodemoizle,
3056 1735 3287 1808 Citene
3334 1736 3560 1827 majus
3619 1746 3690 1808 et

856 1861 1090 1933 minus
1127 1883 1284 1933 cum
1322 1859 1466 1932 suis
1497 1858 1831 1949 terminiS,
1871 1857 2322 1950 Clotesvelde,
2366 1858 2970 1952 Walegotesvelde
3013 1867 3082 1933 et
3124 1861 3560 1947 Suartensee,
3615 1860 3686 1931 in

858 1997 1037 2056 terra
1089 1983 1525 2076 Wittenburg
1570 1983 1909 2072 Buzowe,
1961 1980 2032 2052 in
2090 1991 2268 2053 terra
2316 1980 2566 2053 Zuerin
2605 1983 2798 2054 Exen
2834 2004 2990 2054 cum
3036 1983 3182 2056 suis
3230 1983 3679 2079 pertinentiis.

856 2106 1238 2178 Statuimus
1303 2106 1513 2199 igitur
1571 2114 1639 2177 et
1701 2102 2037 2199 presentis
2103 2102 2336 2199 scripti
2403 2105 2810 2177 auctoritate
2872 2103 3285 2179 mandamus
3345 2115 3690 2200 quatenus

860 2227 1092 2299 nullus
1127 2227 1445 2323 princeps
1480 2226 1986 2299 ecclesiasticus
2026 2236 2096 2299 et
2131 2226 2482 2320 secularis,
2526 2228 2704 2319 dux,
2759 2228 3089 2320 marchio,
3147 2251 3402 2320 comeS,
3460 2230 3690 2303 advo-

859 2361 1088 2443 cama,
1142 2350 1638 2442 ministerialis,
1679 2349 2095 2423 schultzetus
2141 2353 2250 2423 vel
2297 2350 2476 2423 alius
2518 2351 2764 2446 aliquis
2801 2351 3140 2442 officialiS,
3196 2352 3476 2426 nullave
3524 2377 3692 2448 per-

859 2497 1034 2549 sona
1077 2475 1394 2548 sublimis
1434 2474 1546 2549 vel
1597 2476 1913 2565 humilis,
1963 2474 2423 2550 ecclesiastica
2466 2474 2580 2550 vel
2628 2472 3017 2565 mundana,
3076 2486 3310 2551 contra
3357 2480 3693 2575 presentis

860 2601 1304 2696 protectionis
1354 2610 1422 2673 et
1466 2599 2003 2673 confirmationis
2052 2601 2377 2695 paginam
2420 2598 2659 2674 venire
2683 2608 3064 2696 presumat;
3104 2611 3173 2673 et
3207 2603 3330 2697 qui
3379 2625 3695 2698 presum-

859 2724 1027 2796 serit
1073 2724 1148 2794 in
1202 2723 1580 2796 vindictam
1637 2723 2039 2796 temeritatis
2082 2746 2208 2795 sue
2252 2746 2504 2820 penam
2555 2724 3089 2818 quingentarum
3142 2748 3531 2800 marcarum
3584 2751 3698 2802 ar-

860 2848 1052 2943 genti
1085 2869 1161 2922 se
1186 2849 1454 2920 noverit
1487 2846 1954 2939 incursurum,
1986 2870 2281 2942 quarum
2323 2847 2554 2921 media
2585 2870 2742 2944 pars
2772 2869 3041 2922 camere
3072 2860 3301 2924 nostre
3326 2861 3395 2924 et
3430 2852 3689 2947 reliqua

860 2972 1088 3068 passis
1132 2973 1454 3064 injuriam
1504 2973 1962 3068 persolvatur.
2020 2969 2131 3043 Ad
2184 2972 2396 3066 hujus
2443 2972 2678 3065 itaque
2726 2972 3169 3068 protectionis
3211 2981 3281 3047 et
3331 2974 3694 3049 confirma-

864 3096 1071 3168 tionis
1107 3106 1337 3170 nostre
1373 3097 1769 3169 memoriam
1803 3104 1870 3168 et
1904 3095 2114 3168 robur
2143 3104 2480 3192 perpetuo
2506 3098 2906 3187 valiturum,
2942 3118 3223 3194 presens
3255 3100 3691 3194 privilegium

864 3216 1009 3290 fieri
1040 3229 1107 3291 et
1131 3220 1322 3292 bulla
1357 3242 1567 3292 aurea
1605 3219 1875 3316 typario
1911 3228 2140 3292 nostre
2183 3220 2561 3313 majestatis
2608 3221 2939 3315 impressa
2972 3222 3307 3313 jussimus
3345 3223 3687 3316 insigniri.

964 3342 1187 3432 Hujus
1230 3344 1415 3416 enim
1472 3344 1570 3415 rei
1622 3353 1829 3416 testes
1881 3352 2043 3415 sunt
2092 3343 2509 3416 venerabilis
2547 3344 2889 3437 Sigfridus
2938 3345 3495 3441 archiepiscopus
3541 3349 3694 3420 Mo-

870 3463 1229 3555 guntinus,
1269 3464 1622 3538 Conradus
1653 3465 1754 3560 (a)
1783 3464 2341 3559 ArgentinensiS,
2388 3466 2743 3539 Conradus
2782 3468 3121 3561 Spirensis
3151 3468 3478 3562 episcopi,
3520 3469 3695 3542 Con·

869 3584 1081 3657 radus
1110 3584 1200 3657 de
1223 3588 1475 3659 Sancto
1508 3586 1729 3677 Gallo,
1770 3588 2043 3660 Ulricus
2072 3588 2163 3660 de
2197 3588 2532 3660 Murbach
2568 3589 2876 3681 abbates,
2918 3590 3350 3662 Hermannus
3388 3593 3697 3666 marchio

871 3707 963 3780 de
1021 3708 1298 3800 Baden,
1361 3707 1720 3783 Conradus
1780 3710 2201 3807 burgravius
2264 3707 2353 3783 de
2404 3709 2878 3804 Nuremberg,
2939 3732 3172 3784 comes
3229 3710 3543 3786 Albertus
3605 3717 3696 3790 de

872 3833 1261 3929 Habspurg,
1297 3832 1652 3908 Conradus
1694 3833 1789 3909 de
1827 3833 2220 3909 Hohenloch
2259 3856 2492 3908 comes
2524 3834 2948 3930 Romaniole,
3000 3835 3352 3911 Conradus
3385 3835 3474 3912 de
3500 3837 3697 3913 Win-

871 3956 1157 4029 terstedt
1185 3957 1541 4052 pincerna,
1575 3961 1913 4033 Henricus
1946 3959 2042 4032 de
2072 3956 2542 4055 Pappenheim
2574 3954 2946 4054 imperialis
2970 3960 3127 4033 aule
3158 3960 3598 4057 marscalcus,
3632 3973 3702 4037 et

869 4080 989 4152 alii
1021 4082 1495 4176 quamplures.

969 4205 1256 4298 Signum
1303 4203 1570 4279 domini
1620 4208 1837 4279 nostn'
1884 4207 2210 4280 Friderici
2248 4205 2540 4279 secundi
2571 4206 2696 4278 Dei
2737 4207 2955 4299 gratia
2991 4208 3422 4282 invictissimi
3458 4207 3701 4286 Roma·

874 4349 1121 4400 norum
1187 4329 1616 4426 imperatoris
1674 4353 1945 4428 semper
1996 4332 2323 4425 augusti,
2363 4332 2740 4406 Jerusalem
2788 4340 2856 4406 et
2898 4332 3130 4407 Sicilie
3181 4335 3394 4429 regis,
3437 4335 3698 4430 (Mono-

870 4455 1236 4548 gramma.)

962 4719 1052 4800 (a)
1090 4722 1187 4784 Sic
1221 4742 1234 4782 ε
1266 4730 1422 4785 recte
1449 4732 1644 4787 tamen
1670 4724 2035 4788 Bertholdus.
