<?xml version="1.0" encoding="UTF-8"?>
<!DOCTYPE html PUBLIC "-//W3C//DTD XHTML 1.0 Transitional//EN"
    "http://www.w3.org/TR/xhtml1/DTD/xhtml1-transitional.dtd">
<html xmlns="http://www.w3.org/1999/xhtml" xml:lang="en" lang="en">
 <head>
  <title>
</title>
<meta http-equiv="Content-Type" content="text/html;charset=utf-8" />
  <meta name='ocr-system' content='tesseract 3.04.00' />
  <meta name='ocr-capabilities' content='ocr_page ocr_carea ocr_par ocr_line ocrx_word'/>
</head>
<body>
  <div class='ocr_page' id='page_1' title='image "./historiadiploma01degoog_0136.png"; bbox 0 0 4842 5802; ppageno 0'>
   <div class='ocr_carea' id='block_1_1' title="bbox 1147 574 3963 676">
    <p class='ocr_par' dir='ltr' id='par_1_1' title="bbox 1147 574 3963 676">
     <span class='ocr_line' id='line_1_1' title="bbox 1147 574 3963 676; baseline 0.009 -40"><span class='ocrx_word' id='word_1_1' title='bbox 1147 574 1270 637; x_wconf 83' lang='lat'><strong>656</strong></span> <span class='ocrx_word' id='word_1_2' title='bbox 2183 583 2526 645; x_wconf 70' lang='lat' dir='ltr'><strong>nssnmcl</strong></span> <span class='ocrx_word' id='word_1_3' title='bbox 2574 583 2910 645; x_wconf 76' lang='lat' dir='ltr'><strong>SEPTlm</strong></span> <span class='ocrx_word' id='word_1_4' title='bbox 3592 591 3753 676; x_wconf 67' lang='lat' dir='ltr'><strong>[An.</strong></span> <span class='ocrx_word' id='word_1_5' title='bbox 3790 596 3963 661; x_wconf 73' lang='lat'><strong>1234.</strong></span> 
     </span>
    </p>
   </div>
   <div class='ocr_carea' id='block_1_2' title="bbox 1143 712 3974 2045">
    <p class='ocr_par' dir='ltr' id='par_1_2' title="bbox 1146 712 3974 1308">
     <span class='ocr_line' id='line_1_2' title="bbox 1148 712 3973 819; baseline 0.007 -37"><span class='ocrx_word' id='word_1_6' title='bbox 1148 712 1362 785; x_wconf 87' lang='lat' dir='ltr'><strong>Hallis</strong></span> <span class='ocrx_word' id='word_1_7' title='bbox 1390 716 1716 808; x_wconf 83' lang='lat' dir='ltr'><strong>quatinus</strong></span> <span class='ocrx_word' id='word_1_8' title='bbox 1748 716 2005 789; x_wconf 88' lang='lat' dir='ltr'><strong>dictam</strong></span> <span class='ocrx_word' id='word_1_9' title='bbox 2039 718 2300 790; x_wconf 88' lang='lat' dir='ltr'><strong>curiam</strong></span> <span class='ocrx_word' id='word_1_10' title='bbox 2342 718 2412 789; x_wconf 97' lang='lat' dir='ltr'><strong>in</strong></span> <span class='ocrx_word' id='word_1_11' title='bbox 2466 727 2764 791; x_wconf 87' lang='lat' dir='ltr'><strong>nostram</strong></span> <span class='ocrx_word' id='word_1_12' title='bbox 2806 719 3140 816; x_wconf 89' lang='lat' dir='ltr'><strong>reciperet</strong></span> <span class='ocrx_word' id='word_1_13' title='bbox 3188 725 3681 819; x_wconf 90' lang='lat' dir='ltr'><strong>protectionem</strong></span> <span class='ocrx_word' id='word_1_14' title='bbox 3735 740 3805 803; x_wconf 88' lang='lat' dir='ltr'><strong>et</strong></span> <span class='ocrx_word' id='word_1_15' title='bbox 3849 730 3973 803; x_wconf 91' lang='lat' dir='ltr'><strong>de-</strong></span> 
     </span>
     <span class='ocr_line' id='line_1_3' title="bbox 1147 837 3974 938; baseline 0.007 -31"><span class='ocrx_word' id='word_1_16' title='bbox 1147 837 1481 932; x_wconf 80' lang='lat' dir='ltr'><strong>fenderet,</strong></span> <span class='ocrx_word' id='word_1_17' title='bbox 1519 862 1648 913; x_wconf 91' lang='lat' dir='ltr'><strong>nec</strong></span> <span class='ocrx_word' id='word_1_18' title='bbox 1677 850 2024 938; x_wconf 88' lang='lat' dir='ltr'><strong>pateretur</strong></span> <span class='ocrx_word' id='word_1_19' title='bbox 2057 842 2281 938; x_wconf 80' lang='lat' dir='ltr'>ipsam</span> <span class='ocrx_word' id='word_1_20' title='bbox 2317 843 2408 915; x_wconf 88' lang='lat' dir='ltr'><strong>ab</strong></span> <span class='ocrx_word' id='word_1_21' title='bbox 2454 843 2798 937; x_wconf 80' lang='lat' dir='ltr'><strong>aliquibus</strong></span> <span class='ocrx_word' id='word_1_22' title='bbox 2829 843 3267 921; x_wconf 81' lang='lat' dir='ltr'><strong>invasoribus</strong></span> <span class='ocrx_word' id='word_1_23' title='bbox 3307 850 3675 925; x_wconf 89' lang='lat' dir='ltr'><strong>molestari.</strong></span> <span class='ocrx_word' id='word_1_24' title='bbox 3715 854 3854 927; x_wconf 92' lang='lat' dir='ltr'><strong>Sed</strong></span> <span class='ocrx_word' id='word_1_25' title='bbox 3884 876 3974 928; x_wconf 93' lang='lat' dir='ltr'><strong>ne</strong></span> 
     </span>
     <span class='ocr_line' id='line_1_4' title="bbox 1146 960 3971 1067; baseline 0.007 -36"><span class='ocrx_word' id='word_1_26' title='bbox 1146 960 1220 1032; x_wconf 92' lang='lat' dir='ltr'><strong>in</strong></span> <span class='ocrx_word' id='word_1_27' title='bbox 1253 972 1600 1057; x_wconf 91' lang='lat' dir='ltr'><strong>posterum</strong></span> <span class='ocrx_word' id='word_1_28' title='bbox 1635 964 1820 1037; x_wconf 88' lang='lat' dir='ltr'><strong>dicto</strong></span> <span class='ocrx_word' id='word_1_29' title='bbox 1850 966 2192 1060; x_wconf 87' lang='lat' dir='ltr'><strong>preposito</strong></span> <span class='ocrx_word' id='word_1_30' title='bbox 2223 975 2291 1038; x_wconf 88' lang='lat' dir='ltr'><strong>et</strong></span> <span class='ocrx_word' id='word_1_31' title='bbox 2321 987 2451 1039; x_wconf 92' lang='lat' dir='ltr'><strong>suo</strong></span> <span class='ocrx_word' id='word_1_32' title='bbox 2482 967 2855 1039; x_wconf 87' lang='lat' dir='ltr'><strong>conventui</strong></span> <span class='ocrx_word' id='word_1_33' title='bbox 2893 990 3018 1064; x_wconf 92' lang='lat' dir='ltr'><strong>per</strong></span> <span class='ocrx_word' id='word_1_34' title='bbox 3064 972 3444 1067; x_wconf 79' lang='lat' dir='ltr'><strong>sepefatum</strong></span> <span class='ocrx_word' id='word_1_35' title='bbox 3488 976 3806 1049; x_wconf 90' lang='lat' dir='ltr'><strong>comitem</strong></span> <span class='ocrx_word' id='word_1_36' title='bbox 3847 999 3971 1049; x_wconf 88' lang='lat' dir='ltr'><strong>seu</strong></span> 
     </span>
     <span class='ocr_line' id='line_1_5' title="bbox 1147 1086 3969 1195; baseline 0.006 -40"><span class='ocrx_word' id='word_1_37' title='bbox 1147 1104 1309 1158; x_wconf 90' lang='lat' dir='ltr'><strong>suos</strong></span> <span class='ocrx_word' id='word_1_38' title='bbox 1357 1095 1666 1181; x_wconf 88' lang='lat' dir='ltr'><strong>posteros</strong></span> <span class='ocrx_word' id='word_1_39' title='bbox 1718 1086 1952 1182; x_wconf 88' lang='lat' dir='ltr'><strong>aliqua</strong></span> <span class='ocrx_word' id='word_1_40' title='bbox 2003 1088 2221 1183; x_wconf 82' lang='lat' dir='ltr'><strong>possit</strong></span> <span class='ocrx_word' id='word_1_41' title='bbox 2263 1088 2558 1161; x_wconf 87' lang='lat' dir='ltr'><strong>suboriri</strong></span> <span class='ocrx_word' id='word_1_42' title='bbox 2607 1090 2994 1181; x_wconf 88' lang='lat' dir='ltr'><strong>calumnia,</strong></span> <span class='ocrx_word' id='word_1_43' title='bbox 3044 1113 3329 1188; x_wconf 90' lang='lat' dir='ltr'><strong>presens</strong></span> <span class='ocrx_word' id='word_1_44' title='bbox 3381 1096 3710 1191; x_wconf 89' lang='lat' dir='ltr'><strong>scriptum</strong></span> <span class='ocrx_word' id='word_1_45' title='bbox 3762 1098 3969 1195; x_wconf 82' lang='lat' dir='ltr'><strong>sigilli</strong></span> 
     </span>
     <span class='ocr_line' id='line_1_6' title="bbox 1146 1210 2929 1308; baseline 0.004 -30"><span class='ocrx_word' id='word_1_46' title='bbox 1146 1210 1360 1280; x_wconf 86' lang='lat' dir='ltr'><strong>nostri</strong></span> <span class='ocrx_word' id='word_1_47' title='bbox 1392 1210 1776 1283; x_wconf 91' lang='lat' dir='ltr'><strong>munimine</strong></span> <span class='ocrx_word' id='word_1_48' title='bbox 1806 1212 2267 1285; x_wconf 84' lang='lat' dir='ltr'><strong>concessimus</strong></span> <span class='ocrx_word' id='word_1_49' title='bbox 2299 1212 2763 1285; x_wconf 89' lang='lat' dir='ltr'><strong>roborandum</strong></span> <span class='ocrx_word' id='word_1_50' title='bbox 2796 1213 2856 1308; x_wconf 74' lang='lat' dir='ltr'><strong>(l</strong></span> <span class='ocrx_word' id='word_1_51' title='bbox 2873 1214 2929 1307; x_wconf 93' lang='lat'><strong>).</strong></span> 
     </span>
    </p>

    <p class='ocr_par' dir='ltr' id='par_1_3' title="bbox 1144 1334 3970 1801">
     <span class='ocr_line' id='line_1_7' title="bbox 1243 1334 3970 1437; baseline 0.006 -33"><span class='ocrx_word' id='word_1_52' title='bbox 1243 1334 1475 1406; x_wconf 86' lang='lat' dir='ltr'><strong>Testes</strong></span> <span class='ocrx_word' id='word_1_53' title='bbox 1505 1334 1752 1406; x_wconf 88' lang='lat' dir='ltr'><strong>horum</strong></span> <span class='ocrx_word' id='word_1_54' title='bbox 1783 1344 1946 1407; x_wconf 92' lang='lat' dir='ltr'><strong>sunt</strong></span> <span class='ocrx_word' id='word_1_55' title='bbox 1983 1363 1999 1406; x_wconf 76' lang='grc' dir='ltr'><strong><em>ε</em></strong></span> <span class='ocrx_word' id='word_1_56' title='bbox 2044 1335 2336 1409; x_wconf 87' lang='lat' dir='ltr'><strong>Sifridus</strong></span> <span class='ocrx_word' id='word_1_57' title='bbox 2366 1334 2469 1432; x_wconf 86' lang='lat' dir='ltr'><strong>(a)</strong></span> <span class='ocrx_word' id='word_1_58' title='bbox 2501 1337 2947 1432; x_wconf 81' lang='lat' dir='ltr'><strong>Maguntinus</strong></span> <span class='ocrx_word' id='word_1_59' title='bbox 2978 1338 3560 1437; x_wconf 79' lang='lat' dir='ltr'><strong>archiepiscopus,</strong></span> <span class='ocrx_word' id='word_1_60' title='bbox 3595 1345 3683 1418; x_wconf 86' lang='lat' dir='ltr'><strong>H.</strong></span> <span class='ocrx_word' id='word_1_61' title='bbox 3720 1343 3970 1419; x_wconf 92' lang='lat' dir='ltr'><strong>nobilis</strong></span> 
     </span>
     <span class='ocr_line' id='line_1_8' title="bbox 1148 1456 3969 1563; baseline 0.004 -34"><span class='ocrx_word' id='word_1_62' title='bbox 1148 1456 1240 1529; x_wconf 93' lang='lat' dir='ltr'><strong>de</strong></span> <span class='ocrx_word' id='word_1_63' title='bbox 1277 1456 1534 1549; x_wconf 85' lang='lat' dir='ltr'><strong>Niffen,</strong></span> <span class='ocrx_word' id='word_1_64' title='bbox 1572 1469 1642 1530; x_wconf 88' lang='lat' dir='ltr'><strong>et</strong></span> <span class='ocrx_word' id='word_1_65' title='bbox 1680 1456 1802 1530; x_wconf 86' lang='lat' dir='ltr'><strong>filii</strong></span> <span class='ocrx_word' id='word_1_66' title='bbox 1844 1461 1996 1552; x_wconf 89' lang='lat' dir='ltr'><strong>ejus</strong></span> <span class='ocrx_word' id='word_1_67' title='bbox 2026 1460 2112 1531; x_wconf 90' lang='grc' dir='ltr'><strong>Η.</strong></span> <span class='ocrx_word' id='word_1_68' title='bbox 2151 1470 2221 1532; x_wconf 87' lang='lat' dir='ltr'><strong>et</strong></span> <span class='ocrx_word' id='word_1_69' title='bbox 2257 1458 2383 1551; x_wconf 90' lang='lat' dir='ltr'><strong>G.‚</strong></span> <span class='ocrx_word' id='word_1_70' title='bbox 2435 1457 2517 1531; x_wconf 91' lang='lat' dir='ltr'><strong>G.</strong></span> <span class='ocrx_word' id='word_1_71' title='bbox 2556 1459 2809 1533; x_wconf 92' lang='lat' dir='ltr'><strong>nobilis</strong></span> <span class='ocrx_word' id='word_1_72' title='bbox 2849 1459 2938 1533; x_wconf 92' lang='lat' dir='ltr'><strong>de</strong></span> <span class='ocrx_word' id='word_1_73' title='bbox 2967 1460 3385 1556; x_wconf 89' lang='lat' dir='ltr'><strong>Hohinloch,</strong></span> <span class='ocrx_word' id='word_1_74' title='bbox 3434 1465 3518 1538; x_wconf 87' lang='grc' dir='ltr'><strong>Ε.</strong></span> <span class='ocrx_word' id='word_1_75' title='bbox 3566 1465 3833 1563; x_wconf 82' lang='lat' dir='ltr'><strong>dapifer</strong></span> <span class='ocrx_word' id='word_1_76' title='bbox 3880 1468 3969 1540; x_wconf 91' lang='lat' dir='ltr'><strong>de</strong></span> 
     </span>
     <span class='ocr_line' id='line_1_9' title="bbox 1144 1579 3960 1686; baseline 0.005 -36"><span class='ocrx_word' id='word_1_77' title='bbox 1144 1579 1611 1675; x_wconf 90' lang='lat' dir='ltr'><strong>Walppurch,</strong></span> <span class='ocrx_word' id='word_1_78' title='bbox 1656 1581 1730 1654; x_wconf 90' lang='lat' dir='ltr'><strong>C.</strong></span> <span class='ocrx_word' id='word_1_79' title='bbox 1792 1582 2124 1677; x_wconf 88' lang='lat' dir='ltr'><strong>pincerna</strong></span> <span class='ocrx_word' id='word_1_80' title='bbox 2179 1583 2267 1657; x_wconf 93' lang='lat' dir='ltr'><strong>de</strong></span> <span class='ocrx_word' id='word_1_81' title='bbox 2318 1583 2824 1676; x_wconf 87' lang='lat' dir='ltr'><strong>Winterstetin,</strong></span> <span class='ocrx_word' id='word_1_82' title='bbox 2866 1584 2980 1657; x_wconf 90' lang='lat' dir='ltr'><strong>W.</strong></span> <span class='ocrx_word' id='word_1_83' title='bbox 3042 1585 3369 1682; x_wconf 90' lang='lat' dir='ltr'><strong>pincerna</strong></span> <span class='ocrx_word' id='word_1_84' title='bbox 3422 1588 3511 1662; x_wconf 93' lang='lat' dir='ltr'><strong>de</strong></span> <span class='ocrx_word' id='word_1_85' title='bbox 3553 1590 3960 1686; x_wconf 90' lang='lat' dir='ltr'><strong>Limpurcb,</strong></span> 
     </span>
     <span class='ocr_line' id='line_1_10' title="bbox 1144 1701 2544 1801; baseline 0.004 -30"><span class='ocrx_word' id='word_1_86' title='bbox 1144 1702 1230 1772; x_wconf 89' lang='grc' dir='ltr'><strong>Η.</strong></span> <span class='ocrx_word' id='word_1_87' title='bbox 1275 1701 1503 1774; x_wconf 92' lang='lat' dir='ltr'><strong>dictus</strong></span> <span class='ocrx_word' id='word_1_88' title='bbox 1531 1704 1787 1794; x_wconf 86' lang='lat' dir='ltr'><strong>Berler,</strong></span> <span class='ocrx_word' id='word_1_89' title='bbox 1826 1706 2043 1777; x_wconf 88' lang='lat' dir='ltr'><strong>etalii</strong></span> <span class='ocrx_word' id='word_1_90' title='bbox 2075 1707 2544 1801; x_wconf 89' lang='lat' dir='ltr'><strong>quamplures.</strong></span> 
     </span>
    </p>

    <p class='ocr_par' dir='ltr' id='par_1_4' title="bbox 1143 1824 3964 2045">
     <span class='ocr_line' id='line_1_11' title="bbox 1239 1824 3964 1930; baseline 0.005 -33"><span class='ocrx_word' id='word_1_91' title='bbox 1239 1824 1415 1897; x_wconf 86' lang='lat' dir='ltr'><strong>Acta</strong></span> <span class='ocrx_word' id='word_1_92' title='bbox 1467 1836 1628 1898; x_wconf 88' lang='lat' dir='ltr'><strong>sunt</strong></span> <span class='ocrx_word' id='word_1_93' title='bbox 1694 1837 1922 1901; x_wconf 88' lang='lat' dir='ltr'><strong>autem</strong></span> <span class='ocrx_word' id='word_1_94' title='bbox 1977 1827 2110 1901; x_wconf 93' lang='lat' dir='ltr'><strong>hec</strong></span> <span class='ocrx_word' id='word_1_95' title='bbox 2164 1851 2349 1902; x_wconf 90' lang='lat' dir='ltr'><strong>anno</strong></span> <span class='ocrx_word' id='word_1_96' title='bbox 2402 1829 2675 1903; x_wconf 90' lang='lat' dir='ltr'><strong>Domini</strong></span> <span class='ocrx_word' id='word_1_97' title='bbox 2732 1830 2826 1902; x_wconf 84' lang='lat' dir='ltr'><strong>M·</strong></span> <span class='ocrx_word' id='word_1_98' title='bbox 2845 1829 2968 1903; x_wconf 71' lang='lat' dir='ltr'><strong>CC&#39;</strong></span> <span class='ocrx_word' id='word_1_99' title='bbox 2987 1830 3206 1904; x_wconf 78' lang='lat' dir='ltr'><strong>XXX‘</strong></span> <span class='ocrx_word' id='word_1_100' title='bbox 3250 1834 3492 1926; x_wconf 92' lang='lat' dir='ltr'><strong>quinto</strong></span> <span class='ocrx_word' id='word_1_101' title='bbox 3544 1833 3640 1930; x_wconf 81' lang='lat' dir='ltr'><strong>(b)</strong></span> <span class='ocrx_word' id='word_1_102' title='bbox 3658 1889 3680 1927; x_wconf 89' lang='lat'><strong>,</strong></span> <span class='ocrx_word' id='word_1_103' title='bbox 3744 1837 3964 1911; x_wconf 91' lang='lat' dir='ltr'><strong>indic·</strong></span> 
     </span>
     <span class='ocr_line' id='line_1_12' title="bbox 1143 1949 2307 2045; baseline 0.004 -26"><span class='ocrx_word' id='word_1_104' title='bbox 1143 1949 1329 2023; x_wconf 89' lang='lat' dir='ltr'><strong>tione</strong></span> <span class='ocrx_word' id='word_1_105' title='bbox 1361 1951 1533 2040; x_wconf 83' lang='lat' dir='ltr'><strong>vl1·‚</strong></span> <span class='ocrx_word' id='word_1_106' title='bbox 1570 1950 1717 2024; x_wconf 87' lang='lat' dir='ltr'><strong>vn·</strong></span> <span class='ocrx_word' id='word_1_107' title='bbox 1750 1951 2078 2025; x_wconf 87' lang='lat' dir='ltr'><strong>kalendas</strong></span> <span class='ocrx_word' id='word_1_108' title='bbox 2101 1953 2307 2045; x_wconf 88' lang='lat' dir='ltr'><strong>junii.</strong></span> 
     </span>
    </p>
   </div>
   <div class='ocr_carea' id='block_1_3' title="bbox 1574 2267 2205 2280">
    <p class='ocr_par' dir='ltr' id='par_1_5' title="bbox 1574 2267 2205 2280">
     <span class='ocr_line' id='line_1_13' title="bbox 1574 2267 2205 2280; baseline 0.002 -3"><span class='ocrx_word' id='word_1_109' title='bbox 1574 2267 2205 2280; x_wconf 55' lang='lat' dir='ltr'><strong>-n———————*-u0·</strong></span> 
     </span>
    </p>
   </div>
   <div class='ocr_carea' id='block_1_4' title="bbox 1145 2544 3965 3050">
    <p class='ocr_par' dir='ltr' id='par_1_6' title="bbox 1145 2544 3965 3050">
     <span class='ocr_line' id='line_1_14' title="bbox 1252 2544 3965 2655; baseline 0.001 -30"><span class='ocrx_word' id='word_1_110' title='bbox 1252 2544 1657 2649; x_wconf 66' lang='lat' dir='ltr'><strong>Hem-iem,</strong></span> <span class='ocrx_word' id='word_1_111' title='bbox 1698 2545 2218 2627; x_wconf 86' lang='lat' dir='ltr'><strong>Romanorum</strong></span> <span class='ocrx_word' id='word_1_112' title='bbox 2260 2569 2433 2651; x_wconf 84' lang='lat' dir='ltr'><strong>rex,</strong></span> <span class='ocrx_word' id='word_1_113' title='bbox 2475 2544 2885 2654; x_wconf 82' lang='lat' dir='ltr'><strong>burgravio</strong></span> <span class='ocrx_word' id='word_1_114' title='bbox 2927 2546 3025 2627; x_wconf 90' lang='lat' dir='ltr'><strong>de</strong></span> <span class='ocrx_word' id='word_1_115' title='bbox 3059 2545 3470 2655; x_wconf 88' lang='lat' dir='ltr'><strong>Friedberg</strong></span> <span class='ocrx_word' id='word_1_116' title='bbox 3511 2556 3588 2629; x_wconf 86' lang='lat' dir='ltr'><strong>et</strong></span> <span class='ocrx_word' id='word_1_117' title='bbox 3630 2547 3965 2629; x_wconf 87' lang='lat' dir='ltr'><strong>scultetis</strong></span> 
     </span>
     <span class='ocr_line' id='line_1_15' title="bbox 1146 2676 3964 2781; baseline 0.002 -23"><span class='ocrx_word' id='word_1_118' title='bbox 1146 2676 1227 2758; x_wconf 92' lang='lat' dir='ltr'><strong>in</strong></span> <span class='ocrx_word' id='word_1_119' title='bbox 1263 2677 1717 2760; x_wconf 87' lang='lat' dir='ltr'><strong>Franckfurt</strong></span> <span class='ocrx_word' id='word_1_120' title='bbox 1732 2735 1756 2781; x_wconf 83' lang='lat'>,</span> <span class='ocrx_word' id='word_1_121' title='bbox 1795 2676 2099 2760; x_wconf 89' lang='lat' dir='ltr'><strong>Wezlar</strong></span> <span class='ocrx_word' id='word_1_122' title='bbox 2135 2685 2209 2758; x_wconf 88' lang='lat' dir='ltr'><strong>et</strong></span> <span class='ocrx_word' id='word_1_123' title='bbox 2247 2676 2728 2759; x_wconf 88' lang='lat' dir='ltr'><strong>Gelnhausen</strong></span> <span class='ocrx_word' id='word_1_124' title='bbox 2792 2687 3063 2760; x_wconf 87' lang='lat' dir='ltr'><strong>notum</strong></span> <span class='ocrx_word' id='word_1_125' title='bbox 3117 2677 3296 2761; x_wconf 86' lang='lat' dir='ltr'><strong>facit</strong></span> <span class='ocrx_word' id='word_1_126' title='bbox 3351 2703 3432 2760; x_wconf 88' lang='lat' dir='ltr'><strong>se</strong></span> <span class='ocrx_word' id='word_1_127' title='bbox 3483 2679 3677 2763; x_wconf 83' lang='lat' dir='ltr'><strong>velle</strong></span> <span class='ocrx_word' id='word_1_128' title='bbox 3729 2689 3816 2762; x_wconf 88' lang='lat' dir='ltr'><strong>ut</strong></span> <span class='ocrx_word' id='word_1_129' title='bbox 3863 2679 3964 2763; x_wconf 89' lang='lat' dir='ltr'><strong>ab</strong></span> 
     </span>
     <span class='ocr_line' id='line_1_16' title="bbox 1145 2806 3965 2920; baseline 0 -29"><span class='ocrx_word' id='word_1_130' title='bbox 1145 2809 1460 2891; x_wconf 89' lang='lat' dir='ltr'><strong>ecclesia</strong></span> <span class='ocrx_word' id='word_1_131' title='bbox 1495 2808 1592 2889; x_wconf 91' lang='lat' dir='ltr'><strong>de</strong></span> <span class='ocrx_word' id='word_1_132' title='bbox 1628 2806 2031 2918; x_wconf 86' lang='lat' dir='ltr'><strong>Arnsburg</strong></span> <span class='ocrx_word' id='word_1_133' title='bbox 2065 2807 2163 2888; x_wconf 89' lang='lat' dir='ltr'><strong>de</strong></span> <span class='ocrx_word' id='word_1_134' title='bbox 2198 2806 2420 2889; x_wconf 90' lang='lat' dir='ltr'><strong>bonis</strong></span> <span class='ocrx_word' id='word_1_135' title='bbox 2456 2807 2621 2917; x_wconf 89' lang='lat' dir='ltr'><strong>ejus</strong></span> <span class='ocrx_word' id='word_1_136' title='bbox 2656 2808 2736 2888; x_wconf 90' lang='lat' dir='ltr'><strong>in</strong></span> <span class='ocrx_word' id='word_1_137' title='bbox 2764 2834 3250 2918; x_wconf 90' lang='lat' dir='ltr'><strong>quocumque</strong></span> <span class='ocrx_word' id='word_1_138' title='bbox 3285 2834 3427 2892; x_wconf 90' lang='lat' dir='ltr'><strong>suo</strong></span> <span class='ocrx_word' id='word_1_139' title='bbox 3453 2810 3734 2920; x_wconf 89' lang='lat' dir='ltr'><strong>oppido</strong></span> <span class='ocrx_word' id='word_1_140' title='bbox 3767 2836 3965 2894; x_wconf 90' lang='lat' dir='ltr'><strong>con-</strong></span> 
     </span>
     <span class='ocr_line' id='line_1_17' title="bbox 1151 2938 3079 3050; baseline -0.002 -27"><span class='ocrx_word' id='word_1_141' title='bbox 1151 2942 1432 3023; x_wconf 88' lang='lat' dir='ltr'><strong>stitutis</strong></span> <span class='ocrx_word' id='word_1_142' title='bbox 1453 2999 1477 3045; x_wconf 81' lang='grc'>,</span> <span class='ocrx_word' id='word_1_143' title='bbox 1516 2938 1732 3021; x_wconf 89' lang='lat' dir='ltr'><strong>nulla</strong></span> <span class='ocrx_word' id='word_1_144' title='bbox 1766 2939 2107 3046; x_wconf 86' lang='lat' dir='ltr'><strong>precaria</strong></span> <span class='ocrx_word' id='word_1_145' title='bbox 2140 2939 2260 3022; x_wconf 84' lang='lat' dir='ltr'><strong>vel</strong></span> <span class='ocrx_word' id='word_1_146' title='bbox 2297 2940 2586 3025; x_wconf 85' lang='lat' dir='ltr'><strong>exactio</strong></span> <span class='ocrx_word' id='word_1_147' title='bbox 2620 2940 3079 3050; x_wconf 81' lang='lat' dir='ltr'><strong>requiratur.</strong></span> 
     </span>
    </p>
   </div>
   <div class='ocr_carea' id='block_1_5' title="bbox 1304 3124 3964 3315">
    <p class='ocr_par' dir='ltr' id='par_1_7' title="bbox 1304 3124 3964 3315">
     <span class='ocr_line' id='line_1_18' title="bbox 1304 3124 3964 3208; baseline 0 -19"><span class='ocrx_word' id='word_1_148' title='bbox 1304 3127 1576 3208; x_wconf 83' lang='lat' dir='ltr'><strong>(Edlder.</strong></span> <span class='ocrx_word' id='word_1_149' title='bbox 1607 3128 1921 3203; x_wconf 73' lang='lat' dir='ltr'><strong>Lnnsnnn,</strong></span> <span class='ocrx_word' id='word_1_150' title='bbox 1951 3125 2344 3208; x_wconf 67' lang='lat' dir='ltr'><strong>Franlffurler</strong></span> <span class='ocrx_word' id='word_1_151' title='bbox 2373 3124 2653 3203; x_wconf 75' lang='lat' dir='ltr'><strong>Chronik,</strong></span> <span class='ocrx_word' id='word_1_152' title='bbox 2681 3145 2817 3206; x_wconf 80' lang='lat' dir='ltr'><strong>pars</strong></span> <span class='ocrx_word' id='word_1_153' title='bbox 2841 3128 2926 3204; x_wconf 91' lang='lat'><strong>11,</strong></span> <span class='ocrx_word' id='word_1_154' title='bbox 2956 3146 3018 3207; x_wconf 87' lang='lat' dir='ltr'><strong>p.</strong></span> <span class='ocrx_word' id='word_1_155' title='bbox 3055 3137 3192 3190; x_wconf 84' lang='grc'><strong>198.</strong></span> <span class='ocrx_word' id='word_1_156' title='bbox 3221 3161 3301 3175; x_wconf 93' lang='grc'>-</span> <span class='ocrx_word' id='word_1_157' title='bbox 3325 3129 3644 3205; x_wconf 75' lang='lat' dir='ltr'><strong>Boxum,</strong></span> <span class='ocrx_word' id='word_1_158' title='bbox 3685 3125 3820 3190; x_wconf 80' lang='lat' dir='ltr'><strong>cod.</strong></span> <span class='ocrx_word' id='word_1_159' title='bbox 3856 3126 3964 3189; x_wconf 69' lang='lat' dir='ltr'><strong>dn·-</strong></span> 
     </span>
     <span class='ocr_line' id='line_1_19' title="bbox 1374 3230 2541 3315; baseline 0.002 -21"><span class='ocrx_word' id='word_1_160' title='bbox 1374 3230 1618 3313; x_wconf 76' lang='lat' dir='ltr'><strong>plomat.</strong></span> <span class='ocrx_word' id='word_1_161' title='bbox 1653 3232 2137 3315; x_wconf 59' lang='lat' dir='ltr'><strong>Momosranccgfi,</strong></span> <span class='ocrx_word' id='word_1_162' title='bbox 2167 3242 2215 3297; x_wconf 90' lang='lat' dir='ltr'><strong>t.</strong></span> <span class='ocrx_word' id='word_1_163' title='bbox 2243 3235 2296 3315; x_wconf 93' lang='lat'><strong>1,</strong></span> <span class='ocrx_word' id='word_1_164' title='bbox 2324 3252 2381 3313; x_wconf 88' lang='lat' dir='ltr'><strong>p.</strong></span> <span class='ocrx_word' id='word_1_165' title='bbox 2414 3233 2541 3313; x_wconf 85' lang='lat'><strong>58.)</strong></span> 
     </span>
    </p>
   </div>
   <div class='ocr_carea' id='block_1_6' title="bbox 1143 3417 3963 4010">
    <p class='ocr_par' dir='ltr' id='par_1_8' title="bbox 1143 3417 3963 4010">
     <span class='ocr_line' id='line_1_20' title="bbox 1242 3417 3963 3514; baseline 0.001 -25"><span class='ocrx_word' id='word_1_166' title='bbox 1242 3417 1635 3503; x_wconf 86' lang='lat' dir='ltr'><strong>Heinricus‚</strong></span> <span class='ocrx_word' id='word_1_167' title='bbox 1673 3420 1796 3491; x_wconf 89' lang='lat' dir='ltr'><strong>Dei</strong></span> <span class='ocrx_word' id='word_1_168' title='bbox 1849 3420 2068 3512; x_wconf 80' lang='lat' dir='ltr'><strong>gratia</strong></span> <span class='ocrx_word' id='word_1_169' title='bbox 2119 3420 2577 3492; x_wconf 87' lang='lat' dir='ltr'><strong>Romanorum</strong></span> <span class='ocrx_word' id='word_1_170' title='bbox 2628 3441 2755 3492; x_wconf 84' lang='lat' dir='ltr'><strong>rex</strong></span> <span class='ocrx_word' id='word_1_171' title='bbox 2805 3428 2874 3492; x_wconf 88' lang='lat' dir='ltr'><strong>et</strong></span> <span class='ocrx_word' id='word_1_172' title='bbox 2924 3439 3197 3514; x_wconf 91' lang='lat' dir='ltr'><strong>semper</strong></span> <span class='ocrx_word' id='word_1_173' title='bbox 3250 3429 3588 3510; x_wconf 82' lang='lat' dir='ltr'><strong>augustus</strong></span> <span class='ocrx_word' id='word_1_174' title='bbox 3609 3470 3631 3511; x_wconf 91' lang='lat'>‚</span> <span class='ocrx_word' id='word_1_175' title='bbox 3692 3418 3963 3493; x_wconf 89' lang='lat' dir='ltr'><strong>dilectis</strong></span> 
     </span>
     <span class='ocr_line' id='line_1_21' title="bbox 1148 3541 3961 3637; baseline 0 -24"><span class='ocrx_word' id='word_1_176' title='bbox 1148 3542 1468 3615; x_wconf 88' lang='lat' dir='ltr'><strong>fidelibus</strong></span> <span class='ocrx_word' id='word_1_177' title='bbox 1510 3543 1655 3614; x_wconf 92' lang='lat' dir='ltr'><strong>suis</strong></span> <span class='ocrx_word' id='word_1_178' title='bbox 1687 3542 1978 3616; x_wconf 88' lang='lat' dir='ltr'><strong>Ludolfo</strong></span> <span class='ocrx_word' id='word_1_179' title='bbox 2017 3543 2392 3637; x_wconf 82' lang='lat' dir='ltr'><strong>burgravio</strong></span> <span class='ocrx_word' id='word_1_180' title='bbox 2439 3543 2532 3616; x_wconf 91' lang='lat' dir='ltr'><strong>de</strong></span> <span class='ocrx_word' id='word_1_181' title='bbox 2568 3541 2981 3616; x_wconf 88' lang='lat' dir='ltr'><strong>Frideberch</strong></span> <span class='ocrx_word' id='word_1_182' title='bbox 3016 3550 3087 3615; x_wconf 91' lang='lat' dir='ltr'><strong>et</strong></span> <span class='ocrx_word' id='word_1_183' title='bbox 3121 3542 3420 3615; x_wconf 87' lang='lat' dir='ltr'><strong>scoltetis</strong></span> <span class='ocrx_word' id='word_1_184' title='bbox 3469 3541 3559 3614; x_wconf 91' lang='lat' dir='ltr'><strong>de</strong></span> <span class='ocrx_word' id='word_1_185' title='bbox 3601 3542 3961 3616; x_wconf 88' lang='lat' dir='ltr'><strong>Franken-</strong></span> 
     </span>
     <span class='ocr_line' id='line_1_22' title="bbox 1143 3664 3960 3762; baseline 0.001 -25"><span class='ocrx_word' id='word_1_186' title='bbox 1143 3667 1309 3756; x_wconf 87' lang='lat' dir='ltr'><strong>fort,</strong></span> <span class='ocrx_word' id='word_1_187' title='bbox 1358 3666 1449 3739; x_wconf 93' lang='lat' dir='ltr'><strong>de</strong></span> <span class='ocrx_word' id='word_1_188' title='bbox 1489 3666 1775 3739; x_wconf 89' lang='lat' dir='ltr'><strong>Wetflar</strong></span> <span class='ocrx_word' id='word_1_189' title='bbox 1824 3674 1894 3737; x_wconf 86' lang='lat' dir='ltr'><strong>et</strong></span> <span class='ocrx_word' id='word_1_190' title='bbox 1947 3665 2038 3738; x_wconf 93' lang='lat' dir='ltr'><strong>de</strong></span> <span class='ocrx_word' id='word_1_191' title='bbox 2089 3664 2558 3757; x_wconf 89' lang='lat' dir='ltr'><strong>Geilinhusin,</strong></span> <span class='ocrx_word' id='word_1_192' title='bbox 2599 3674 2669 3738; x_wconf 89' lang='lat' dir='ltr'><strong>et</strong></span> <span class='ocrx_word' id='word_1_193' title='bbox 2703 3664 3049 3738; x_wconf 87' lang='lat' dir='ltr'><strong>universis</strong></span> <span class='ocrx_word' id='word_1_194' title='bbox 3089 3664 3362 3736; x_wconf 89' lang='lat' dir='ltr'><strong>civibus</strong></span> <span class='ocrx_word' id='word_1_195' title='bbox 3390 3664 3790 3738; x_wconf 85' lang='lat' dir='ltr'><strong>earumdem</strong></span> <span class='ocrx_word' id='word_1_196' title='bbox 3834 3686 3960 3762; x_wconf 91' lang='lat' dir='ltr'><strong>pro</strong></span> 
     </span>
     <span class='ocr_line' id='line_1_23' title="bbox 1149 3787 3958 3884; baseline 0 -23"><span class='ocrx_word' id='word_1_197' title='bbox 1149 3797 1449 3884; x_wconf 90' lang='lat' dir='ltr'><strong>tempore</strong></span> <span class='ocrx_word' id='word_1_198' title='bbox 1485 3789 1893 3881; x_wconf 77' lang='lat' dir='ltr'><strong>constitutis,</strong></span> <span class='ocrx_word' id='word_1_199' title='bbox 1929 3789 2219 3882; x_wconf 80' lang='lat' dir='ltr'><strong>gratiam</strong></span> <span class='ocrx_word' id='word_1_200' title='bbox 2257 3811 2458 3862; x_wconf 92' lang='lat' dir='ltr'><strong>suam</strong></span> <span class='ocrx_word' id='word_1_201' title='bbox 2487 3800 2558 3863; x_wconf 88' lang='lat' dir='ltr'><strong>et</strong></span> <span class='ocrx_word' id='word_1_202' title='bbox 2586 3810 2791 3862; x_wconf 93' lang='lat' dir='ltr'><strong>omne</strong></span> <span class='ocrx_word' id='word_1_203' title='bbox 2822 3788 3110 3862; x_wconf 89' lang='lat' dir='ltr'><strong>bonum.</strong></span> <span class='ocrx_word' id='word_1_204' title='bbox 3150 3788 3391 3860; x_wconf 89' lang='lat' dir='ltr'><strong>Innata</strong></span> <span class='ocrx_word' id='word_1_205' title='bbox 3420 3787 3620 3861; x_wconf 91' lang='lat' dir='ltr'><strong>nobis</strong></span> <span class='ocrx_word' id='word_1_206' title='bbox 3664 3788 3958 3862; x_wconf 88' lang='lat' dir='ltr'><strong>benivo-</strong></span> 
     </span>
     <span class='ocr_line' id='line_1_24' title="bbox 1145 3910 3960 4010; baseline 0 -28"><span class='ocrx_word' id='word_1_207' title='bbox 1145 3912 1355 3986; x_wconf 91' lang='lat' dir='ltr'><strong>lentia</strong></span> <span class='ocrx_word' id='word_1_208' title='bbox 1389 3934 1517 3986; x_wconf 90' lang='lat' dir='ltr'><strong>nos</strong></span> <span class='ocrx_word' id='word_1_209' title='bbox 1562 3914 1908 4010; x_wconf 87' lang='lat' dir='ltr'><strong>compellit</strong></span> <span class='ocrx_word' id='word_1_210' title='bbox 1955 3923 2034 3985; x_wconf 86' lang='lat' dir='ltr'><strong>ut</strong></span> <span class='ocrx_word' id='word_1_211' title='bbox 2076 3911 2393 3986; x_wconf 87' lang='lat' dir='ltr'><strong>ordinem</strong></span> <span class='ocrx_word' id='word_1_212' title='bbox 2426 3913 2942 3986; x_wconf 80' lang='lat' dir='ltr'><strong>cisterciensem</strong></span> <span class='ocrx_word' id='word_1_213' title='bbox 2989 3911 3081 3984; x_wconf 92' lang='lat' dir='ltr'><strong>ad</strong></span> <span class='ocrx_word' id='word_1_214' title='bbox 3133 3910 3582 3984; x_wconf 90' lang='lat' dir='ltr'><strong>imitationem</strong></span> <span class='ocrx_word' id='word_1_215' title='bbox 3622 3912 3960 4006; x_wconf 78' lang='lat' dir='ltr'><strong>progeni-</strong></span> 
     </span>
    </p>
   </div>
   <div class='ocr_carea' id='block_1_7' title="bbox 1226 4107 3214 4298">
    <p class='ocr_par' dir='ltr' id='par_1_9' title="bbox 1226 4107 3214 4298">
     <span class='ocr_line' id='line_1_25' title="bbox 1228 4107 2249 4190; baseline 0 -17"><span class='ocrx_word' id='word_1_216' title='bbox 1228 4111 1310 4190; x_wconf 83' lang='lat' dir='ltr'><strong>(a)</strong></span> <span class='ocrx_word' id='word_1_217' title='bbox 1353 4113 1425 4173; x_wconf 91' lang='lat' dir='ltr'><strong>In</strong></span> <span class='ocrx_word' id='word_1_218' title='bbox 1449 4127 1803 4190; x_wconf 82' lang='lat' dir='ltr'><strong>pergamena</strong></span> <span class='ocrx_word' id='word_1_219' title='bbox 1826 4107 2045 4188; x_wconf 76' lang='lat' dir='ltr'><strong>siboto,</strong></span> <span class='ocrx_word' id='word_1_220' title='bbox 2073 4111 2249 4174; x_wconf 88' lang='lat' dir='ltr'><strong>male.</strong></span> 
     </span>
     <span class='ocr_line' id='line_1_26' title="bbox 1226 4215 3214 4298; baseline -0.002 -21"><span class='ocrx_word' id='word_1_221' title='bbox 1226 4216 1307 4298; x_wconf 79' lang='lat' dir='ltr'><strong>(b)</strong></span> <span class='ocrx_word' id='word_1_222' title='bbox 1352 4219 1451 4280; x_wconf 80' lang='lat' dir='ltr'><strong>Sic</strong></span> <span class='ocrx_word' id='word_1_223' title='bbox 1475 4220 1541 4278; x_wconf 82' lang='lat' dir='ltr'><strong>ln</strong></span> <span class='ocrx_word' id='word_1_224' title='bbox 1565 4233 1952 4296; x_wconf 81' lang='lat' dir='ltr'><strong>pergamena,</strong></span> <span class='ocrx_word' id='word_1_225' title='bbox 1982 4217 2126 4277; x_wconf 89' lang='lat' dir='ltr'><strong>dum</strong></span> <span class='ocrx_word' id='word_1_226' title='bbox 2152 4217 2285 4277; x_wconf 86' lang='lat' dir='ltr'><strong>luce</strong></span> <span class='ocrx_word' id='word_1_227' title='bbox 2311 4215 2529 4277; x_wconf 76' lang='lat' dir='ltr'><strong>clarius</strong></span> <span class='ocrx_word' id='word_1_228' title='bbox 2552 4215 2866 4294; x_wconf 79' lang='lat' dir='ltr'><strong>legendum</strong></span> <span class='ocrx_word' id='word_1_229' title='bbox 2892 4216 2971 4276; x_wconf 80' lang='lat' dir='ltr'><strong>sit</strong></span> <span class='ocrx_word' id='word_1_230' title='bbox 2989 4219 3214 4294; x_wconf 73' lang='lat' dir='ltr'><strong>quarto.</strong></span> 
     </span>
    </p>
   </div>
   <div class='ocr_carea' id='block_1_8' title="bbox 1140 4496 3956 4677">
    <p class='ocr_par' dir='ltr' id='par_1_10' title="bbox 1140 4496 3956 4677">
     <span class='ocr_line' id='line_1_27' title="bbox 1216 4496 3956 4580; baseline -0.002 -19"><span class='ocrx_word' id='word_1_231' title='bbox 1216 4504 1289 4580; x_wconf 75' lang='lat' dir='ltr'><strong>(t)</strong></span> <span class='ocrx_word' id='word_1_232' title='bbox 1326 4504 1481 4562; x_wconf 86' lang='lat' dir='ltr'><strong>Unde</strong></span> <span class='ocrx_word' id='word_1_233' title='bbox 1504 4503 1890 4579; x_wconf 76' lang='lat' dir='ltr'><strong>conjiciendum</strong></span> <span class='ocrx_word' id='word_1_234' title='bbox 1931 4501 2255 4560; x_wconf 78' lang='lat' dir='ltr'><strong>arbitramur</strong></span> <span class='ocrx_word' id='word_1_235' title='bbox 2286 4501 2601 4559; x_wconf 86' lang='lat' dir='ltr'><strong>mandatum</strong></span> <span class='ocrx_word' id='word_1_236' title='bbox 2631 4499 2861 4558; x_wconf 81' lang='lat' dir='ltr'><strong>Hallensi</strong></span> <span class='ocrx_word' id='word_1_237' title='bbox 2891 4499 3113 4558; x_wconf 86' lang='lat' dir='ltr'><strong>sculteto</strong></span> <span class='ocrx_word' id='word_1_238' title='bbox 3136 4499 3397 4557; x_wconf 87' lang='lat' dir='ltr'><strong>directum</strong></span> <span class='ocrx_word' id='word_1_239' title='bbox 3432 4496 3592 4573; x_wconf 89' lang='lat' dir='ltr'><strong>paulo</strong></span> <span class='ocrx_word' id='word_1_240' title='bbox 3629 4503 3756 4557; x_wconf 89' lang='lat' dir='ltr'><strong>ante</strong></span> <span class='ocrx_word' id='word_1_241' title='bbox 3789 4496 3956 4556; x_wconf 75' lang='lat' dir='ltr'><strong>Bellis</strong></span> 
     </span>
     <span class='ocr_line' id='line_1_28' title="bbox 1140 4595 3947 4677; baseline -0.003 -15"><span class='ocrx_word' id='word_1_242' title='bbox 1140 4601 1399 4677; x_wconf 87' lang='lat' dir='ltr'><strong>scriptum</strong></span> <span class='ocrx_word' id='word_1_243' title='bbox 1425 4602 1591 4661; x_wconf 82' lang='lat' dir='ltr'><strong>ruisse</strong></span> <span class='ocrx_word' id='word_1_244' title='bbox 1604 4641 1621 4671; x_wconf 87' lang='lat'>,</span> <span class='ocrx_word' id='word_1_245' title='bbox 1651 4617 1792 4660; x_wconf 88' lang='lat' dir='ltr'><strong>nunc</strong></span> <span class='ocrx_word' id='word_1_246' title='bbox 1810 4607 1992 4660; x_wconf 83' lang='lat' dir='ltr'><strong>tamen</strong></span> <span class='ocrx_word' id='word_1_247' title='bbox 2022 4600 2166 4674; x_wconf 87' lang='lat' dir='ltr'><strong>apud</strong></span> <span class='ocrx_word' id='word_1_248' title='bbox 2185 4597 2524 4673; x_wconf 86' lang='lat' dir='ltr'><strong>Wimpinam</strong></span> <span class='ocrx_word' id='word_1_249' title='bbox 2549 4599 2867 4658; x_wconf 86' lang='lat' dir='ltr'><strong>senteutiam</strong></span> <span class='ocrx_word' id='word_1_250' title='bbox 2892 4597 2995 4657; x_wconf 82' lang='lat' dir='ltr'><strong>sub</strong></span> <span class='ocrx_word' id='word_1_251' title='bbox 3019 4597 3192 4656; x_wconf 79' lang='lat' dir='ltr'><strong>forma</strong></span> <span class='ocrx_word' id='word_1_252' title='bbox 3223 4595 3448 4656; x_wconf 87' lang='lat' dir='ltr'><strong>solemni</strong></span> <span class='ocrx_word' id='word_1_253' title='bbox 3471 4595 3530 4654; x_wconf 85' lang='lat' dir='ltr'><strong>in</strong></span> <span class='ocrx_word' id='word_1_254' title='bbox 3552 4601 3827 4671; x_wconf 83' lang='lat' dir='ltr'><strong>posterum</strong></span> <span class='ocrx_word' id='word_1_255' title='bbox 3847 4595 3947 4653; x_wconf 89' lang='lat' dir='ltr'><strong>du-</strong></span> 
     </span>
    </p>
   </div>
   <div class='ocr_carea' id='block_1_9' title="bbox 1138 4699 1752 4774">
    <p class='ocr_par' dir='ltr' id='par_1_11' title="bbox 1138 4699 1752 4774">
     <span class='ocr_line' id='line_1_29' title="bbox 1138 4699 1752 4774; baseline 0 -18"><span class='ocrx_word' id='word_1_256' title='bbox 1138 4705 1322 4758; x_wconf 86' lang='lat' dir='ltr'><strong>ratura</strong></span> <span class='ocrx_word' id='word_1_257' title='bbox 1346 4699 1752 4774; x_wconf 80' lang='lat' dir='ltr'><strong>promulgatam.</strong></span> 
     </span>
    </p>
   </div>
  </div>
 </body>
</html>
