4842 5802
933 661 1121 720 lenter.
1154 658 1243 732 5.]
1832 646 2226 713 HISTORIA
2275 641 2862 705 nll’LOMATch.
3635 645 3761 707 573

934 791 1236 866 serviciis
1290 785 1725 861 universitati
1760 793 1989 859 vestre
2035 781 2407 877 impositis,
2466 776 2659 872 quod
2704 777 2875 848 tales
2922 797 2965 848 a
3013 784 3242 849 vestro
3283 779 3636 853 consorcio
3679 790 3752 853 et

935 915 1214 1009 collegio
1235 911 1667 1003 excludatis,
1706 920 1787 983 ut
1819 931 1945 1006 pro
1980 905 2353 985 temeritate
2386 902 2591 977 nobis
2627 905 2805 975 facta
2826 902 2901 972 in
2925 922 3035 974 res
3059 910 3131 974 et
3160 922 3522 997 personam
3553 905 3749 1001 ipso-

934 1063 1080 1112 rum
1113 1038 1494 1113 vindictam
1529 1035 1946 1127 condignam
1990 1029 2493 1106 reffundamus.
2536 1027 2870 1099 Nolumus
2901 1045 3066 1101 ,esse
3112 1036 3471 1122 exemptos
3515 1050 3558 1101 a
3605 1051 3752 1103 ser-

932 1162 1128 1236 viciis
1164 1160 1366 1234 nobis
1399 1158 1756 1254 promissis
1788 1156 1911 1251 qui
1946 1154 2212 1229 censeri
2243 1159 2564 1248 poterunt
2590 1150 2989 1222 nominibus
3021 1160 3499 1226 mercatorum.

1023 1288 1276 1358 Datum
1303 1283 1494 1380 apud
1520 1284 1770 1378 Egram
1791 1334 1812 1373 ,
1863 1280 2179 1355 kalendis
2195 1278 2390 1372 julii,
2428 1276 2802 1350 indictione
2829 1276 2914 1348 V.

1387 1583 1785 1599 μ

1035 1832 1400 1916 Henricus
1418 1893 1442 1938 ,
1482 1832 2004 1915 Romanorum
2045 1856 2210 1938 rex,
2251 1831 2714 1914 monasterio
2749 1830 3219 1914 Waltsassen
3258 1831 3742 1915 donationem
3812 1863 4149 1974 *Piffffiff’

932 1964 1305 2048 bonorum
1348 1966 1431 2046 in
1490 1964 1756 2047 Culme
1798 1964 1878 2046 in
1915 1964 2259 2073 partibus
2306 1964 2568 2048 Olsniz
2612 1990 2749 2073 per
2785 1964 3351 2047 Reimbotonem
3391 1967 3487 2048 de
3524 1965 3747 2048 Stra-

932 2098 1255 2208 cenberg
1291 2097 1716 2206 fratresque
1769 2094 1935 2206 ejus
1973 2097 2118 2180 sub
2154 2097 2376 2179 certis
2412 2096 2972 2179 conditionibus
3017 2098 3199 2180 illuc
3235 2097 3513 2181 factam
3550 2125 3748 2182 con-

931 2229 1219 2338 firmat,
1269 2256 1448 2312 oum
1492 2230 1698 2312 bona
1750 2229 1884 2311 illa
1937 2229 2018 2310 in
2080 2230 2392 2312 feodum
2446 2256 2494 2311 a
2547 2256 2724 2338 rege
2775 2228 3225 2312 obtinuisset
3273 2230 3744 2340 lantgravius

933 2362 1389 2472 Thuringiae
1413 2425 1436 2470 ,
1504 2389 1553 2445 a
1602 2360 2032 2472 lantgravio
2058 2387 2344 2444 -comes
2407 2362 2504 2444 de
2556 2361 2991 2469 Eberstein‚
3067 2361 3167 2444 ab
3241 2386 3334 2444 eo
3414 2362 3743 2472 denique

935 2495 1356 2603 praedictus
1391 2494 1818 2598 Reimboto.
3517 2519 3526 2530 ·

1089 2707 1286 2788 (Edit.
1316 2726 1415 2786 ap.
1443 2711 1708 2772 Μοηυηι.
1742 2709 1926 2790 Boia,
1952 2714 2100 2770 tom.
2131 2708 2351 2782 XXXI,
2390 2726 2527 2787 pars
2553 2709 2630 2784 1⁸,
2658 2726 2721 2787 p.
2756 2717 2902 2783 554,
2933 2701 3142 2770 alibro
3179 2709 3388 2787 copiali
3429 2710 3738 2788 antiquiss.

1163 2816 1561 2877 Memoratum
1584 2822 1787 2877 autem
1812 2833 1851 2877 a
1885 2816 2218 2889 Bnuscmo,
2247 2812 2767 2897 Monastm'oloqia,
2800 2833 2861 2894 p.
2897 2815 3064 2895 249.)

1021 3002 1099 3072 In
1126 3000 1408 3074 nomine
1437 2974 1672 3074 sancte
1699 3012 1768 3074 et
1795 3000 2160 3074 individue
2195 3000 2565 3073 Trinitatis.
2598 3001 2683 3071 H.
2721 3000 2846 3073 Dei
2883 3001 3105 3095 gratia
3130 3001 3587 3074 Romanorum
3619 3025 3745 3076 rex

932 3133 994 3195 et
1022 3147 1296 3221 semper
1327 3135 1692 3221 augustus,
1734 3125 2061 3199 omnibus
2086 3124 2409 3198 fidelibus
2439 3134 2826 3219 presentem
2861 3124 3184 3220 paginam
3211 3124 3750 3218 intelligentibus

931 3249 1212 3342 gratiam
1243 3271 1445 3323 suam
1471 3258 1544 3323 et
1565 3270 1772 3322 omne
1803 3250 2093 3322 bonum.
2134 3249 2476 3333 Quoniam
2506 3269 2600 3321 ex
2626 3248 2990 3321 commisso
3024 3248 3223 3320 nobis
3259 3251 3458 3343 regni
3493 3252 3748 3345 guber-

931 3376 1170 3446 naculo
1223 3372 1607 3468 quamlibet
1640 3373 2001 3445 ecclesiam
2045 3372 2179 3444 snb
2208 3373 2365 3465 jure
2402 3380 2634 3444 nostre
2667 3370 2948 3445 ditionis
2983 3373 3275 3466 positam
3325 3382 3398 3446 et
3443 3374 3748 3446 maxime

932 3496 1240 3568 ordinem
1271 3496 1789 3570 Cisterciensem
1828 3506 1970 3570 toto
2005 3496 2367 3569 conamine
2394 3505 2842 3589 augmentare
2865 3518 3412 3592 promovereque
3435 3506 3747 3570 tenemur

935 3627 1001 3691 et
1031 3618 1457 3710 affectamus,
1497 3620 1863 3694 cenobium
1892 3620 1966 3692 in
1987 3620 2410 3702 Waltsassen
2444 3640 2538 3692 ex
2573 3641 2912 3693 consensu
2946 3619 3406 3713 quorumdam
3428 3619 3744 3694 fidelium

933 3755 1316 3819 nostrorum
1362 3747 1782 3841 quibusdam
1819 3744 2022 3817 bonis
2076 3744 2295 3817 ditare
2337 3743 2629 3836 dignum
2685 3743 3040 3814 duximus.
3099 3743 3331 3815 Sciant
3386 3765 3552 3840 ergo
3600 3756 3743 3818 tam

931 3879 1274 3964 presentes
1311 3891 1522 3964 quam
1552 3867 1767 3942 futuri
1809 3867 2000 3963 quod
2028 3888 2189 3939 cum
2226 3865 2506 3938 illustris
2519 3864 2966 3959 flantgravius
2985 3866 3071 3934 H.
3110 3864 3199 3938 de
3226 3866 3552 3961 Turingia
3582 3890 3742 3941 cum

932 3995 1132 4067 fratre
1166 4017 1294 4067 suo
1335 3993 1656 4068 Cunrado
1694 3993 1768 4065 in
1805 3993 2119 4088 partibus
2153 3991 2383 4064 Olsniz
2421 3990 2708 4065 feudum
2742 3987 3095 4084 quoddam
3133 3990 3413 4064 nomine
3440 3992 3677 4066 Culme
3703 4017 3746 4068 a

932 4115 1157 4211 nobis,
1209 4138 1579 4212 comesque
1613 4116 1977 4190 Cunradus
2012 4115 2102 4189 de
2137 4115 2542 4188 Eberstaine
2571 4136 2614 4187 a
2643 4113 2952 4210 predicto
2986 4114 3368 4208 lantgravio
3407 4126 3476 4189 et
3511 4118 3745 4190 Reim-

933 4241 1085 4315 boto
1125 4243 1219 4316 de
1265 4240 1762 4315 Stracenberch
1813 4241 1904 4313 ab
1946 4240 2192 4314 eodem
2249 4238 2497 4313 comite
2550 4237 2878 4326 tenuerit,
2931 4235 3121 4309 idem
3167 4239 3522 4312 Reimhoto
3583 4263 3743 4315 cum

934 4366 1245 4439 omnibus
1279 4366 1604 4440 fratribus
1635 4366 1782 4439 suis
1802 4373 1871 4438 et
1904 4386 2140 4437 eorum
2170 4362 2681 4437 successoribus
2709 4362 3043 4455 jamdicta
3068 4362 3248 4435 bona
3278 4371 3347 4435 et
3378 4367 3609 4439 omnia
3646 4368 3745 4439 il-

935 4489 1149 4561 lorum
1186 4490 1598 4586 pertinentia
1636 4510 1776 4562 una
1812 4511 1971 4562 cum
2004 4487 2470 4583 predictorum
2506 4487 2845 4559 baronum
2882 4487 3285 4559 auctoritate
3317 4488 3518 4562 nobis
3541 4491 3750 4566 abso-

940 4612 1073 4685 lute
1096 4613 1478 4708 resignavit
1509 4639 1527 4683 2
1570 4613 1703 4686 sub
1741 4613 1861 4685 tali
1897 4613 2111 4686 forma
2134 4620 2213 4684 ut
2248 4612 2536 4685 ecclesia
2575 4621 2803 4685 nostra
2831 4612 2903 4683 in
2920 4612 3339 4686 Waltsassen
3365 4635 3490 4710 pro
3517 4617 3747 4690 anime

940 4754 1057 4809 sue
1081 4747 1149 4811 et
1173 4738 1485 4811 omnium
1511 4736 1820 4811 affinium
1848 4758 2132 4811 suorum
2161 4736 2471 4810 remedio
2499 4745 2654 4832 post
2674 4736 2939 4809 obitum
2968 4759 3208 4827 suum,
3263 4750 3528 4815 remota
3557 4742 3748 4814 omni
