<?xml version="1.0" encoding="UTF-8"?>
<!DOCTYPE html PUBLIC "-//W3C//DTD XHTML 1.0 Transitional//EN"
    "http://www.w3.org/TR/xhtml1/DTD/xhtml1-transitional.dtd">
<html xmlns="http://www.w3.org/1999/xhtml" xml:lang="en" lang="en">
 <head>
  <title>
</title>
<meta http-equiv="Content-Type" content="text/html;charset=utf-8" />
  <meta name='ocr-system' content='tesseract 3.04.00' />
  <meta name='ocr-capabilities' content='ocr_page ocr_carea ocr_par ocr_line ocrx_word'/>
</head>
<body>
  <div class='ocr_page' id='page_1' title='image "./historiadiploma01degoog_0416.png"; bbox 0 0 4842 5802; ppageno 0'>
   <div class='ocr_carea' id='block_1_1' title="bbox 783 1150 1148 1210">
    <p class='ocr_par' dir='ltr' id='par_1_1' title="bbox 783 1150 1148 1210">
     <span class='ocr_line' id='line_1_1' title="bbox 783 1150 1148 1210; baseline 0.014 -16"><span class='ocrx_word' id='word_1_1' title='bbox 783 1150 934 1203; x_wconf 75' lang='lat' dir='ltr'><strong>[Circa</strong></span> <span class='ocrx_word' id='word_1_2' title='bbox 942 1154 1148 1210; x_wconf 63' lang='lat' dir='ltr'><strong>julium]</strong></span> 
     </span>
    </p>
   </div>
   <div class='ocr_carea' id='block_1_2' title="bbox 1212 576 4025 667">
    <p class='ocr_par' dir='ltr' id='par_1_2' title="bbox 1212 576 4025 667">
     <span class='ocr_line' id='line_1_2' title="bbox 1212 576 4025 667; baseline 0.006 -31"><span class='ocrx_word' id='word_1_3' title='bbox 1212 576 1333 638; x_wconf 75' lang='lat'><strong>896</strong></span> <span class='ocrx_word' id='word_1_4' title='bbox 2205 584 2632 648; x_wconf 71' lang='lat' dir='ltr'><strong>rmnssmcl</strong></span> <span class='ocrx_word' id='word_1_5' title='bbox 2682 586 3032 649; x_wconf 67' lang='lat' dir='ltr'><strong>suenum</strong></span> <span class='ocrx_word' id='word_1_6' title='bbox 3649 589 3810 667; x_wconf 68' lang='lat' dir='ltr'><strong>[An.</strong></span> <span class='ocrx_word' id='word_1_7' title='bbox 3847 590 4025 653; x_wconf 77' lang='lat'><strong>1236.</strong></span> 
     </span>
    </p>
   </div>
   <div class='ocr_carea' id='block_1_3' title="bbox 1311 1135 4021 1257">
    <p class='ocr_par' dir='ltr' id='par_1_3' title="bbox 1311 1135 4021 1257">
     <span class='ocr_line' id='line_1_3' title="bbox 1311 1135 4021 1257; baseline 0.006 -39"><span class='ocrx_word' id='word_1_8' title='bbox 1311 1135 1778 1247; x_wconf 76' lang='lat' dir='ltr'><strong>FridericuS,</strong></span> <span class='ocrx_word' id='word_1_9' title='bbox 1829 1141 2350 1226; x_wconf 89' lang='lat' dir='ltr'><strong>Romanorum</strong></span> <span class='ocrx_word' id='word_1_10' title='bbox 2405 1143 2847 1254; x_wconf 88' lang='lat' dir='ltr'><strong>imperator,</strong></span> <span class='ocrx_word' id='word_1_11' title='bbox 2905 1145 3162 1227; x_wconf 89' lang='lat' dir='ltr'><strong>comiti</strong></span> <span class='ocrx_word' id='word_1_12' title='bbox 3210 1145 3638 1230; x_wconf 89' lang='lat' dir='ltr'><strong>Sabaudiae</strong></span> <span class='ocrx_word' id='word_1_13' title='bbox 3690 1174 3831 1257; x_wconf 89' lang='lat' dir='ltr'><strong>pro</strong></span> <span class='ocrx_word' id='word_1_14' title='bbox 3874 1150 4021 1233; x_wconf 93' lang='lat' dir='ltr'><strong>de-</strong></span> 
     </span>
    </p>
   </div>
   <div class='ocr_carea' id='block_1_4' title="bbox 1200 1269 4017 1519">
    <p class='ocr_par' dir='ltr' id='par_1_4' title="bbox 1200 1269 4017 1519">
     <span class='ocr_line' id='line_1_4' title="bbox 1203 1269 4017 1387; baseline 0.004 -37"><span class='ocrx_word' id='word_1_15' title='bbox 1203 1269 1398 1351; x_wconf 90' lang='lat' dir='ltr'><strong>votis</strong></span> <span class='ocrx_word' id='word_1_16' title='bbox 1461 1270 1526 1381; x_wconf 86' lang='lat' dir='ltr'><strong>ej</strong></span> <span class='ocrx_word' id='word_1_17' title='bbox 1539 1298 1626 1353; x_wconf 91' lang='lat' dir='ltr'><strong>us</strong></span> <span class='ocrx_word' id='word_1_18' title='bbox 1696 1281 1772 1354; x_wconf 86' lang='lat' dir='ltr'><strong>et</strong></span> <span class='ocrx_word' id='word_1_19' title='bbox 1826 1275 2147 1383; x_wconf 83' lang='lat' dir='ltr'><strong>acceptis</strong></span> <span class='ocrx_word' id='word_1_20' title='bbox 2210 1275 2533 1359; x_wconf 83' lang='lat' dir='ltr'><strong>servitiis</strong></span> <span class='ocrx_word' id='word_1_21' title='bbox 2588 1287 2839 1387; x_wconf 82' lang='lat' dir='ltr'>grates</span> <span class='ocrx_word' id='word_1_22' title='bbox 2893 1278 3097 1387; x_wconf 85' lang='lat' dir='ltr'><strong>agit,</strong></span> <span class='ocrx_word' id='word_1_23' title='bbox 3156 1279 3518 1362; x_wconf 91' lang='lat' dir='ltr'><strong>nuntians</strong></span> <span class='ocrx_word' id='word_1_24' title='bbox 3582 1307 3664 1363; x_wconf 88' lang='lat' dir='ltr'><strong>se</strong></span> <span class='ocrx_word' id='word_1_25' title='bbox 3716 1306 3896 1364; x_wconf 85' lang='lat' dir='ltr'><strong>mox</strong></span> <span class='ocrx_word' id='word_1_26' title='bbox 3948 1282 4017 1364; x_wconf 91' lang='lat' dir='ltr'><strong>ei</strong></span> 
     </span>
     <span class='ocr_line' id='line_1_5' title="bbox 1200 1400 4014 1519; baseline 0.006 -39"><span class='ocrx_word' id='word_1_27' title='bbox 1200 1400 1516 1485; x_wconf 92' lang='lat' dir='ltr'><strong>militiae</strong></span> <span class='ocrx_word' id='word_1_28' title='bbox 1568 1404 1801 1488; x_wconf 87' lang='lat' dir='ltr'><strong>decus</strong></span> <span class='ocrx_word' id='word_1_29' title='bbox 1873 1432 2452 1516; x_wconf 83' lang='lat' dir='ltr'><strong>concessurum,</strong></span> <span class='ocrx_word' id='word_1_30' title='bbox 2510 1421 2916 1519; x_wconf 88' lang='lat' dir='ltr'><strong>monetque</strong></span> <span class='ocrx_word' id='word_1_31' title='bbox 2972 1422 3056 1494; x_wconf 89' lang='lat' dir='ltr'><strong>ut</strong></span> <span class='ocrx_word' id='word_1_32' title='bbox 3107 1437 3284 1494; x_wconf 92' lang='lat' dir='ltr'><strong>cum</strong></span> <span class='ocrx_word' id='word_1_33' title='bbox 3337 1412 3418 1494; x_wconf 91' lang='lat' dir='ltr'><strong>in</strong></span> <span class='ocrx_word' id='word_1_34' title='bbox 3475 1414 4014 1497; x_wconf 89' lang='lat' dir='ltr'><strong>Lombardiam</strong></span> 
     </span>
    </p>
   </div>
   <div class='ocr_carea' id='block_1_5' title="bbox 1198 1535 3051 1650">
    <p class='ocr_par' dir='ltr' id='par_1_5' title="bbox 1198 1535 3051 1650">
     <span class='ocr_line' id='line_1_6' title="bbox 1198 1535 3051 1650; baseline 0.005 -34"><span class='ocrx_word' id='word_1_35' title='bbox 1198 1535 1483 1642; x_wconf 88' lang='lat' dir='ltr'><strong>veniet,</strong></span> <span class='ocrx_word' id='word_1_36' title='bbox 1523 1536 1686 1646; x_wconf 90' lang='lat' dir='ltr'><strong>ipse</strong></span> <span class='ocrx_word' id='word_1_37' title='bbox 1722 1563 1977 1622; x_wconf 91' lang='lat' dir='ltr'><strong>comes</strong></span> <span class='ocrx_word' id='word_1_38' title='bbox 2013 1541 2445 1650; x_wconf 81' lang='lat' dir='ltr'><strong>aspectibus</strong></span> <span class='ocrx_word' id='word_1_39' title='bbox 2483 1543 2642 1624; x_wconf 88' lang='lat' dir='ltr'><strong>suis</strong></span> <span class='ocrx_word' id='word_1_40' title='bbox 2678 1555 3051 1626; x_wconf 89' lang='lat' dir='ltr'><strong>occurrat.</strong></span> 
     </span>
    </p>
   </div>
   <div class='ocr_carea' id='block_1_6' title="bbox 1359 1748 4009 1937">
    <p class='ocr_par' dir='ltr' id='par_1_6' title="bbox 1359 1748 4009 1937">
     <span class='ocr_line' id='line_1_7' title="bbox 1359 1748 4009 1832; baseline 0.003 -21"><span class='ocrx_word' id='word_1_41' title='bbox 1359 1748 1614 1829; x_wconf 87' lang='lat' dir='ltr'><strong>(Inedlt.</strong></span> <span class='ocrx_word' id='word_1_42' title='bbox 1649 1769 1725 1813; x_wconf 82' lang='lat' dir='ltr'><strong>ex</strong></span> <span class='ocrx_word' id='word_1_43' title='bbox 1757 1752 1891 1813; x_wconf 87' lang='lat' dir='ltr'><strong>cod.</strong></span> <span class='ocrx_word' id='word_1_44' title='bbox 1930 1753 2211 1816; x_wconf 78' lang='lat' dir='ltr'><strong>Bibuoth.</strong></span> <span class='ocrx_word' id='word_1_45' title='bbox 2263 1753 2525 1817; x_wconf 76' lang='lat' dir='ltr'><strong>vindob.</strong></span> <span class='ocrx_word' id='word_1_46' title='bbox 2566 1750 2780 1815; x_wconf 75' lang='lat' dir='ltr'><strong>Philol.</strong></span> <span class='ocrx_word' id='word_1_47' title='bbox 2820 1764 2973 1829; x_wconf 74' lang='lat'><strong>805,</strong></span> <span class='ocrx_word' id='word_1_48' title='bbox 3017 1754 3123 1817; x_wconf 76' lang='lat' dir='ltr'><strong>tol.</strong></span> <span class='ocrx_word' id='word_1_49' title='bbox 3166 1765 3281 1818; x_wconf 76' lang='lat'><strong>124</strong></span> <span class='ocrx_word' id='word_1_50' title='bbox 3316 1763 3509 1832; x_wconf 85' lang='lat' dir='ltr'><strong>recto,</strong></span> <span class='ocrx_word' id='word_1_51' title='bbox 3532 1789 3615 1802; x_wconf 90' lang='lat'>-</span> <span class='ocrx_word' id='word_1_52' title='bbox 3641 1762 3703 1819; x_wconf 81' lang='lat' dir='ltr'><strong>et</strong></span> <span class='ocrx_word' id='word_1_53' title='bbox 3728 1758 3846 1819; x_wconf 81' lang='lat' dir='ltr'><strong>alia</strong></span> <span class='ocrx_word' id='word_1_54' title='bbox 3881 1760 4009 1820; x_wconf 81' lang='lat' dir='ltr'><strong>vice</strong></span> 
     </span>
     <span class='ocr_line' id='line_1_8' title="bbox 1427 1855 1935 1937; baseline 0.006 -22"><span class='ocrx_word' id='word_1_55' title='bbox 1427 1855 1535 1916; x_wconf 80' lang='lat' dir='ltr'><strong>fol.</strong></span> <span class='ocrx_word' id='word_1_56' title='bbox 1572 1863 1684 1915; x_wconf 83' lang='lat'><strong>125</strong></span> <span class='ocrx_word' id='word_1_57' title='bbox 1712 1857 1935 1937; x_wconf 84' lang='lat' dir='ltr'><strong>verso.)</strong></span> 
     </span>
    </p>
   </div>
   <div class='ocr_carea' id='block_1_7' title="bbox 1160 2039 4004 3742">
    <p class='ocr_par' dir='ltr' id='par_1_7' title="bbox 1160 2039 4004 3742">
     <span class='ocr_line' id='line_1_9' title="bbox 1285 2039 4004 2137; baseline 0.002 -27"><span class='ocrx_word' id='word_1_58' title='bbox 1285 2039 1725 2131; x_wconf 89' lang='lat' dir='ltr'><strong>Fredericus,</strong></span> <span class='ocrx_word' id='word_1_59' title='bbox 1764 2048 1899 2112; x_wconf 88' lang='lat' dir='ltr'><strong>etc.</strong></span> <span class='ocrx_word' id='word_1_60' title='bbox 1935 2041 2116 2113; x_wconf 90' lang='lat' dir='ltr'><strong>Satis</strong></span> <span class='ocrx_word' id='word_1_61' title='bbox 2147 2051 2493 2135; x_wconf 81' lang='lat' dir='ltr'>gratanter</span> <span class='ocrx_word' id='word_1_62' title='bbox 2521 2052 2590 2115; x_wconf 88' lang='lat' dir='ltr'><strong>et</strong></span> <span class='ocrx_word' id='word_1_63' title='bbox 2626 2043 2923 2136; x_wconf 90' lang='lat' dir='ltr'><strong>benigne</strong></span> <span class='ocrx_word' id='word_1_64' title='bbox 2950 2041 3221 2115; x_wconf 88' lang='lat' dir='ltr'><strong>audivit</strong></span> <span class='ocrx_word' id='word_1_65' title='bbox 3244 2052 3473 2115; x_wconf 90' lang='lat' dir='ltr'><strong>nostra</strong></span> <span class='ocrx_word' id='word_1_66' title='bbox 3498 2044 3834 2116; x_wconf 77' lang='lat' dir='ltr'><strong>serenitas</strong></span> <span class='ocrx_word' id='word_1_67' title='bbox 3864 2063 4004 2137; x_wconf 89' lang='lat' dir='ltr'><strong>que</strong></span> 
     </span>
     <span class='ocr_line' id='line_1_10' title="bbox 1189 2163 3991 2260; baseline 0 -22"><span class='ocrx_word' id='word_1_68' title='bbox 1189 2163 1277 2238; x_wconf 88' lang='lat' dir='ltr'><strong>de</strong></span> <span class='ocrx_word' id='word_1_69' title='bbox 1313 2174 1432 2237; x_wconf 90' lang='lat' dir='ltr'><strong>tue</strong></span> <span class='ocrx_word' id='word_1_70' title='bbox 1481 2163 1877 2237; x_wconf 83' lang='lat' dir='ltr'>devocionis</span> <span class='ocrx_word' id='word_1_71' title='bbox 1920 2165 2306 2259; x_wconf 78' lang='lat' dir='ltr'><strong>integritate</strong></span> <span class='ocrx_word' id='word_1_72' title='bbox 2356 2187 2567 2260; x_wconf 91' lang='lat' dir='ltr'><strong>quam</strong></span> <span class='ocrx_word' id='word_1_73' title='bbox 2617 2166 2708 2237; x_wconf 93' lang='lat' dir='ltr'><strong>ad</strong></span> <span class='ocrx_word' id='word_1_74' title='bbox 2757 2187 2883 2238; x_wconf 92' lang='lat' dir='ltr'><strong>nos</strong></span> <span class='ocrx_word' id='word_1_75' title='bbox 2914 2166 3197 2238; x_wconf 82' lang='lat' dir='ltr'><strong>sinceris</strong></span> <span class='ocrx_word' id='word_1_76' title='bbox 3246 2166 3429 2259; x_wconf 90' lang='lat' dir='ltr'><strong>geris</strong></span> <span class='ocrx_word' id='word_1_77' title='bbox 3477 2166 3837 2238; x_wconf 86' lang='lat' dir='ltr'><strong>affectibus</strong></span> <span class='ocrx_word' id='word_1_78' title='bbox 3876 2219 3894 2238; x_wconf 89' lang='lat'><strong>.</strong></span> <span class='ocrx_word' id='word_1_79' title='bbox 3925 2219 3943 2235; x_wconf 92' lang='lat'><strong>.</strong></span> <span class='ocrx_word' id='word_1_80' title='bbox 3974 2221 3991 2238; x_wconf 91' lang='lat'><strong>.</strong></span> 
     </span>
     <span class='ocr_line' id='line_1_11' title="bbox 1184 2288 4000 2383; baseline -0.001 -22"><span class='ocrx_word' id='word_1_81' title='bbox 1184 2290 1410 2362; x_wconf 88' lang='lat' dir='ltr'><strong>fidelis</strong></span> <span class='ocrx_word' id='word_1_82' title='bbox 1457 2296 1689 2361; x_wconf 88' lang='lat' dir='ltr'><strong>noster</strong></span> <span class='ocrx_word' id='word_1_83' title='bbox 1732 2297 1963 2360; x_wconf 89' lang='lat' dir='ltr'><strong>nostro</strong></span> <span class='ocrx_word' id='word_1_84' title='bbox 1998 2289 2282 2360; x_wconf 87' lang='lat' dir='ltr'><strong>culmini</strong></span> <span class='ocrx_word' id='word_1_85' title='bbox 2330 2289 2670 2360; x_wconf 88' lang='lat' dir='ltr'><strong>recitavit.</strong></span> <span class='ocrx_word' id='word_1_86' title='bbox 2715 2289 2823 2359; x_wconf 84' lang='lat' dir='ltr'><strong>Ex</strong></span> <span class='ocrx_word' id='word_1_87' title='bbox 2871 2289 3127 2381; x_wconf 90' lang='lat' dir='ltr'><strong>quibus</strong></span> <span class='ocrx_word' id='word_1_88' title='bbox 3162 2288 3549 2361; x_wconf 89' lang='lat' dir='ltr'><strong>devotionis</strong></span> <span class='ocrx_word' id='word_1_89' title='bbox 3585 2299 3702 2361; x_wconf 88' lang='lat' dir='ltr'><strong>tue</strong></span> <span class='ocrx_word' id='word_1_90' title='bbox 3741 2310 4000 2383; x_wconf 89' lang='lat' dir='ltr'><strong>propo-</strong></span> 
     </span>
     <span class='ocr_line' id='line_1_12' title="bbox 1182 2410 3998 2506; baseline 0 -23"><span class='ocrx_word' id='word_1_91' title='bbox 1182 2414 1391 2484; x_wconf 87' lang='lat' dir='ltr'><strong>situm</strong></span> <span class='ocrx_word' id='word_1_92' title='bbox 1455 2412 1828 2505; x_wconf 90' lang='lat' dir='ltr'><strong>plurimum</strong></span> <span class='ocrx_word' id='word_1_93' title='bbox 1886 2410 2493 2501; x_wconf 80' lang='lat' dir='ltr'><strong>commendantes,</strong></span> <span class='ocrx_word' id='word_1_94' title='bbox 2544 2412 3002 2483; x_wconf 83' lang='lat' dir='ltr'><strong>sinceritatem</strong></span> <span class='ocrx_word' id='word_1_95' title='bbox 3063 2423 3252 2483; x_wconf 89' lang='lat' dir='ltr'><strong>tuam</strong></span> <span class='ocrx_word' id='word_1_96' title='bbox 3303 2413 3682 2506; x_wconf 89' lang='lat' dir='ltr'><strong>gratiarnm</strong></span> <span class='ocrx_word' id='word_1_97' title='bbox 3731 2412 3998 2483; x_wconf 89' lang='lat' dir='ltr'><strong>actione</strong></span> 
     </span>
     <span class='ocr_line' id='line_1_13' title="bbox 1180 2534 3995 2631; baseline -0 -23"><span class='ocrx_word' id='word_1_98' title='bbox 1180 2538 1686 2631; x_wconf 82' lang='lat' dir='ltr'><strong>prosequimur,</strong></span> <span class='ocrx_word' id='word_1_99' title='bbox 1734 2546 1803 2609; x_wconf 87' lang='lat' dir='ltr'><strong>et</strong></span> <span class='ocrx_word' id='word_1_100' title='bbox 1839 2546 1906 2609; x_wconf 89' lang='lat' dir='ltr'><strong>te</strong></span> <span class='ocrx_word' id='word_1_101' title='bbox 1940 2537 2114 2609; x_wconf 89' lang='lat' dir='ltr'><strong>inter</strong></span> <span class='ocrx_word' id='word_1_102' title='bbox 2153 2537 2325 2609; x_wconf 90' lang='lat' dir='ltr'><strong>alios</strong></span> <span class='ocrx_word' id='word_1_103' title='bbox 2375 2546 2641 2610; x_wconf 86' lang='lat' dir='ltr'><strong>nostros</strong></span> <span class='ocrx_word' id='word_1_104' title='bbox 2693 2536 2931 2609; x_wconf 89' lang='lat' dir='ltr'><strong>fideles</strong></span> <span class='ocrx_word' id='word_1_105' title='bbox 2979 2536 3409 2631; x_wconf 89' lang='lat' dir='ltr'><strong>disponimus</strong></span> <span class='ocrx_word' id='word_1_106' title='bbox 3454 2536 3689 2630; x_wconf 80' lang='lat' dir='ltr'><strong>dignis</strong></span> <span class='ocrx_word' id='word_1_107' title='bbox 3723 2534 3995 2608; x_wconf 85' lang='lat' dir='ltr'><strong>benefi-</strong></span> 
     </span>
     <span class='ocr_line' id='line_1_14' title="bbox 1179 2656 3992 2753; baseline -0.001 -22"><span class='ocrx_word' id='word_1_108' title='bbox 1179 2660 1441 2731; x_wconf 89' lang='lat' dir='ltr'><strong>ciornm</strong></span> <span class='ocrx_word' id='word_1_109' title='bbox 1498 2657 2069 2731; x_wconf 88' lang='lat' dir='ltr'><strong>retributionibus</strong></span> <span class='ocrx_word' id='word_1_110' title='bbox 2119 2656 2564 2753; x_wconf 88' lang='lat' dir='ltr'><strong>imperialiter</strong></span> <span class='ocrx_word' id='word_1_111' title='bbox 2610 2679 3074 2752; x_wconf 88' lang='lat' dir='ltr'><strong>compensare.</strong></span> <span class='ocrx_word' id='word_1_112' title='bbox 3132 2658 3445 2729; x_wconf 88' lang='lat' dir='ltr'><strong>Firmiter</strong></span> <span class='ocrx_word' id='word_1_113' title='bbox 3490 2680 3792 2751; x_wconf 90' lang='lat' dir='ltr'><strong>namque</strong></span> <span class='ocrx_word' id='word_1_114' title='bbox 3846 2679 3992 2729; x_wconf 92' lang='lat' dir='ltr'><strong>cre-</strong></span> 
     </span>
     <span class='ocr_line' id='line_1_15' title="bbox 1179 2780 3993 2877; baseline -0.002 -21"><span class='ocrx_word' id='word_1_115' title='bbox 1179 2783 1410 2856; x_wconf 91' lang='lat' dir='ltr'><strong>dimus</strong></span> <span class='ocrx_word' id='word_1_116' title='bbox 1446 2791 1515 2854; x_wconf 90' lang='lat' dir='ltr'><strong>et</strong></span> <span class='ocrx_word' id='word_1_117' title='bbox 1563 2781 1922 2853; x_wconf 87' lang='lat' dir='ltr'><strong>effectibus</strong></span> <span class='ocrx_word' id='word_1_118' title='bbox 1962 2802 2249 2875; x_wconf 91' lang='lat' dir='ltr'><strong>operum</strong></span> <span class='ocrx_word' id='word_1_119' title='bbox 2281 2782 2746 2877; x_wconf 88' lang='lat' dir='ltr'><strong>comperimus</strong></span> <span class='ocrx_word' id='word_1_120' title='bbox 2785 2781 3142 2853; x_wconf 85' lang='lat' dir='ltr'><strong>manifeste</strong></span> <span class='ocrx_word' id='word_1_121' title='bbox 3173 2780 3364 2874; x_wconf 90' lang='lat' dir='ltr'><strong>quod</strong></span> <span class='ocrx_word' id='word_1_122' title='bbox 3403 2780 3753 2873; x_wconf 90' lang='lat' dir='ltr'><strong>quondam</strong></span> <span class='ocrx_word' id='word_1_123' title='bbox 3801 2788 3993 2872; x_wconf 87' lang='lat' dir='ltr'><strong>pater</strong></span> 
     </span>
     <span class='ocr_line' id='line_1_16' title="bbox 1175 2901 3992 3000; baseline -0.001 -22"><span class='ocrx_word' id='word_1_124' title='bbox 1175 2918 1340 2979; x_wconf 87' lang='lat' dir='ltr'><strong>tuus</strong></span> <span class='ocrx_word' id='word_1_125' title='bbox 1380 2927 1608 2979; x_wconf 88' lang='lat' dir='ltr'><strong>comes</strong></span> <span class='ocrx_word' id='word_1_126' title='bbox 1647 2905 1994 2977; x_wconf 91' lang='lat' dir='ltr'><strong>Sabaudie</strong></span> <span class='ocrx_word' id='word_1_127' title='bbox 2040 2906 2161 2999; x_wconf 91' lang='lat' dir='ltr'><strong>qui</strong></span> <span class='ocrx_word' id='word_1_128' title='bbox 2192 2905 2441 2979; x_wconf 88' lang='lat' dir='ltr'><strong>diebus</strong></span> <span class='ocrx_word' id='word_1_129' title='bbox 2490 2908 2636 2978; x_wconf 90' lang='lat' dir='ltr'><strong>suis</strong></span> <span class='ocrx_word' id='word_1_130' title='bbox 2678 2901 3027 2979; x_wconf 84' lang='lat' dir='ltr'><strong>serenitati</strong></span> <span class='ocrx_word' id='word_1_131' title='bbox 3071 2916 3300 2977; x_wconf 88' lang='lat' dir='ltr'><strong>nostre</strong></span> <span class='ocrx_word' id='word_1_132' title='bbox 3349 2915 3662 3000; x_wconf 85' lang='lat' dir='ltr'><strong>prompte</strong></span> <span class='ocrx_word' id='word_1_133' title='bbox 3713 2905 3877 2976; x_wconf 89' lang='lat' dir='ltr'><strong>satis</strong></span> <span class='ocrx_word' id='word_1_134' title='bbox 3922 2914 3992 2976; x_wconf 90' lang='lat' dir='ltr'><strong>et</strong></span> 
     </span>
     <span class='ocr_line' id='line_1_17' title="bbox 1176 3027 3991 3122; baseline -0.002 -19"><span class='ocrx_word' id='word_1_135' title='bbox 1176 3030 1426 3103; x_wconf 84' lang='lat' dir='ltr'><strong>devote</strong></span> <span class='ocrx_word' id='word_1_136' title='bbox 1461 3030 1775 3120; x_wconf 87' lang='lat' dir='ltr'><strong>servivit,</strong></span> <span class='ocrx_word' id='word_1_137' title='bbox 1817 3037 1885 3099; x_wconf 90' lang='lat' dir='ltr'><strong>te</strong></span> <span class='ocrx_word' id='word_1_138' title='bbox 1919 3028 1991 3098; x_wconf 92' lang='lat' dir='ltr'><strong>in</strong></span> <span class='ocrx_word' id='word_1_139' title='bbox 2025 3027 2164 3101; x_wconf 89' lang='lat' dir='ltr'><strong>fide</strong></span> <span class='ocrx_word' id='word_1_140' title='bbox 2193 3038 2262 3100; x_wconf 91' lang='lat' dir='ltr'><strong>et</strong></span> <span class='ocrx_word' id='word_1_141' title='bbox 2308 3029 2688 3102; x_wconf 86' lang='lat' dir='ltr'><strong>devocione</strong></span> <span class='ocrx_word' id='word_1_142' title='bbox 2734 3038 2961 3101; x_wconf 85' lang='lat' dir='ltr'><strong>nostra</strong></span> <span class='ocrx_word' id='word_1_143' title='bbox 2995 3050 3234 3102; x_wconf 89' lang='lat' dir='ltr'><strong>verum</strong></span> <span class='ocrx_word' id='word_1_144' title='bbox 3268 3029 3592 3101; x_wconf 89' lang='lat' dir='ltr'><strong>heredem</strong></span> <span class='ocrx_word' id='word_1_145' title='bbox 3642 3028 3991 3122; x_wconf 84' lang='lat' dir='ltr'><strong>reliquerit</strong></span> 
     </span>
     <span class='ocr_line' id='line_1_18' title="bbox 1172 3151 3990 3248; baseline -0.001 -24"><span class='ocrx_word' id='word_1_146' title='bbox 1172 3163 1243 3224; x_wconf 88' lang='lat' dir='ltr'><strong>et</strong></span> <span class='ocrx_word' id='word_1_147' title='bbox 1281 3153 1663 3245; x_wconf 87' lang='lat' dir='ltr'><strong>legitimum</strong></span> <span class='ocrx_word' id='word_1_148' title='bbox 1700 3173 2163 3224; x_wconf 87' lang='lat' dir='ltr'><strong>successorem</strong></span> <span class='ocrx_word' id='word_1_149' title='bbox 2215 3154 2276 3248; x_wconf 74' lang='lat' dir='ltr'><strong>(l</strong></span> <span class='ocrx_word' id='word_1_150' title='bbox 2296 3155 2346 3245; x_wconf 91' lang='lat'><strong>).</strong></span> <span class='ocrx_word' id='word_1_151' title='bbox 2388 3152 2588 3225; x_wconf 91' lang='lat' dir='ltr'><strong>Unde</strong></span> <span class='ocrx_word' id='word_1_152' title='bbox 2627 3152 2949 3224; x_wconf 88' lang='lat' dir='ltr'><strong>videmus</strong></span> <span class='ocrx_word' id='word_1_153' title='bbox 2982 3152 3173 3247; x_wconf 88' lang='lat' dir='ltr'><strong>qnod</strong></span> <span class='ocrx_word' id='word_1_154' title='bbox 3201 3154 3379 3225; x_wconf 89' lang='lat' dir='ltr'><strong>vivit</strong></span> <span class='ocrx_word' id='word_1_155' title='bbox 3419 3153 3491 3223; x_wconf 93' lang='lat' dir='ltr'><strong>in</strong></span> <span class='ocrx_word' id='word_1_156' title='bbox 3525 3161 3689 3224; x_wconf 90' lang='lat' dir='ltr'><strong>nato</strong></span> <span class='ocrx_word' id='word_1_157' title='bbox 3724 3151 3990 3245; x_wconf 86' lang='lat' dir='ltr'><strong>genitor</strong></span> 
     </span>
     <span class='ocr_line' id='line_1_19' title="bbox 1169 3274 3983 3372; baseline -0.002 -23"><span class='ocrx_word' id='word_1_158' title='bbox 1169 3287 1239 3349; x_wconf 91' lang='lat' dir='ltr'><strong>et</strong></span> <span class='ocrx_word' id='word_1_159' title='bbox 1290 3275 1739 3348; x_wconf 88' lang='lat' dir='ltr'><strong>devocionem</strong></span> <span class='ocrx_word' id='word_1_160' title='bbox 1800 3285 2151 3371; x_wconf 90' lang='lat' dir='ltr'><strong>paternam</strong></span> <span class='ocrx_word' id='word_1_161' title='bbox 2205 3275 2617 3369; x_wconf 89' lang='lat' dir='ltr'><strong>obsequiose</strong></span> <span class='ocrx_word' id='word_1_162' title='bbox 2671 3277 2870 3348; x_wconf 89' lang='lat' dir='ltr'><strong>nobis</strong></span> <span class='ocrx_word' id='word_1_163' title='bbox 2924 3274 3108 3347; x_wconf 84' lang='lat' dir='ltr'><strong>filius</strong></span> <span class='ocrx_word' id='word_1_164' title='bbox 3165 3286 3619 3372; x_wconf 85' lang='lat' dir='ltr'><strong>representat,</strong></span> <span class='ocrx_word' id='word_1_165' title='bbox 3677 3276 3983 3369; x_wconf 80' lang='lat' dir='ltr'><strong>graciam</strong></span> 
     </span>
     <span class='ocr_line' id='line_1_20' title="bbox 1168 3399 3983 3495; baseline 0 -25"><span class='ocrx_word' id='word_1_166' title='bbox 1168 3408 1467 3472; x_wconf 90' lang='lat' dir='ltr'><strong>nostram</strong></span> <span class='ocrx_word' id='word_1_167' title='bbox 1515 3401 1820 3472; x_wconf 86' lang='lat' dir='ltr'><strong>alliciens</strong></span> <span class='ocrx_word' id='word_1_168' title='bbox 1857 3409 1926 3470; x_wconf 91' lang='lat' dir='ltr'><strong>et</strong></span> <span class='ocrx_word' id='word_1_169' title='bbox 1975 3399 2277 3471; x_wconf 87' lang='lat' dir='ltr'><strong>invitans</strong></span> <span class='ocrx_word' id='word_1_170' title='bbox 2321 3408 2399 3470; x_wconf 91' lang='lat' dir='ltr'><strong>ut</strong></span> <span class='ocrx_word' id='word_1_171' title='bbox 2444 3401 2514 3470; x_wconf 90' lang='lat' dir='ltr'><strong>in</strong></span> <span class='ocrx_word' id='word_1_172' title='bbox 2562 3401 2925 3495; x_wconf 85' lang='lat' dir='ltr'><strong>superstite</strong></span> <span class='ocrx_word' id='word_1_173' title='bbox 2973 3399 3113 3472; x_wconf 88' lang='lat' dir='ltr'><strong>filio</strong></span> <span class='ocrx_word' id='word_1_174' title='bbox 3144 3401 3354 3494; x_wconf 90' lang='lat' dir='ltr'><strong>patris</strong></span> <span class='ocrx_word' id='word_1_175' title='bbox 3394 3409 3464 3471; x_wconf 91' lang='lat' dir='ltr'><strong>et</strong></span> <span class='ocrx_word' id='word_1_176' title='bbox 3504 3399 3625 3470; x_wconf 89' lang='lat' dir='ltr'><strong>filii</strong></span> <span class='ocrx_word' id='word_1_177' title='bbox 3671 3400 3983 3494; x_wconf 81' lang='lat' dir='ltr'><strong>graciosa</strong></span> 
     </span>
     <span class='ocr_line' id='line_1_21' title="bbox 1164 3522 3982 3619; baseline -0.001 -22"><span class='ocrx_word' id='word_1_178' title='bbox 1164 3524 1442 3597; x_wconf 89' lang='lat' dir='ltr'><strong>servitia</strong></span> <span class='ocrx_word' id='word_1_179' title='bbox 1495 3524 1916 3619; x_wconf 90' lang='lat' dir='ltr'><strong>premiemus</strong></span> <span class='ocrx_word' id='word_1_180' title='bbox 1963 3522 2102 3618; x_wconf 76' lang='grc' dir='ltr'>(Ρ).</span> <span class='ocrx_word' id='word_1_181' title='bbox 2156 3523 2542 3595; x_wconf 88' lang='lat' dir='ltr'><strong>Recolimns</strong></span> <span class='ocrx_word' id='word_1_182' title='bbox 2586 3524 2791 3595; x_wconf 89' lang='lat' dir='ltr'><strong>etiam</strong></span> <span class='ocrx_word' id='word_1_183' title='bbox 2822 3523 3012 3617; x_wconf 90' lang='lat' dir='ltr'><strong>quod</strong></span> <span class='ocrx_word' id='word_1_184' title='bbox 3059 3524 3329 3596; x_wconf 92' lang='lat' dir='ltr'><strong>dudum</strong></span> <span class='ocrx_word' id='word_1_185' title='bbox 3373 3523 3787 3595; x_wconf 89' lang='lat' dir='ltr'><strong>venerabilis</strong></span> <span class='ocrx_word' id='word_1_186' title='bbox 3838 3522 3982 3594; x_wconf 87' lang='lat' dir='ltr'><strong>Va-</strong></span> 
     </span>
     <span class='ocr_line' id='line_1_22' title="bbox 1160 3645 3978 3742; baseline -0.001 -23"><span class='ocrx_word' id='word_1_187' title='bbox 1160 3649 1463 3721; x_wconf 87' lang='lat' dir='ltr'><strong>lentinus</strong></span> <span class='ocrx_word' id='word_1_188' title='bbox 1497 3648 1758 3720; x_wconf 88' lang='lat' dir='ltr'><strong>electus</strong></span> <span class='ocrx_word' id='word_1_189' title='bbox 1803 3648 2009 3719; x_wconf 85' lang='lat' dir='ltr'><strong>frater</strong></span> <span class='ocrx_word' id='word_1_190' title='bbox 2047 3657 2208 3719; x_wconf 88' lang='lat' dir='ltr'><strong>tuus</strong></span> <span class='ocrx_word' id='word_1_191' title='bbox 2244 3647 2435 3742; x_wconf 89' lang='lat' dir='ltr'><strong>apud</strong></span> <span class='ocrx_word' id='word_1_192' title='bbox 2472 3668 2598 3719; x_wconf 92' lang='lat' dir='ltr'><strong>nos</strong></span> <span class='ocrx_word' id='word_1_193' title='bbox 2649 3647 2893 3719; x_wconf 88' lang='lat' dir='ltr'><strong>institit</strong></span> <span class='ocrx_word' id='word_1_194' title='bbox 2931 3645 3036 3741; x_wconf 77' lang='lat'><strong>(2)</strong></span> <span class='ocrx_word' id='word_1_195' title='bbox 3081 3656 3159 3718; x_wconf 89' lang='lat' dir='ltr'><strong>ut</strong></span> <span class='ocrx_word' id='word_1_196' title='bbox 3212 3645 3692 3720; x_wconf 87' lang='lat' dir='ltr'><strong>decoraremus</strong></span> <span class='ocrx_word' id='word_1_197' title='bbox 3724 3656 3791 3718; x_wconf 87' lang='lat' dir='ltr'><strong>te</strong></span> <span class='ocrx_word' id='word_1_198' title='bbox 3831 3647 3978 3717; x_wconf 90' lang='lat' dir='ltr'><strong>cin·</strong></span> 
     </span>
    </p>
   </div>
   <div class='ocr_carea' id='block_1_8' title="bbox 3109 3820 3145 3827">
    <p class='ocr_par' dir='ltr' id='par_1_8' title="bbox 3109 3820 3145 3827">
     <span class='ocr_line' id='line_1_23' title="bbox 3109 3820 3145 3827; baseline 0 0"><span class='ocrx_word' id='word_1_199' title='bbox 3109 3820 3145 3827; x_wconf 64' lang='grc' dir='ltr'><strong>ιι.</strong></span> 
     </span>
    </p>
   </div>
   <div class='ocr_carea' id='block_1_9' title="bbox 2732 3819 3097 3827">
    <p class='ocr_par' dir='ltr' id='par_1_9' title="bbox 2732 3819 3097 3827">
     <span class='ocr_line' id='line_1_24' title="bbox 2732 3819 3097 3827; baseline 0 1975"><span class='ocrx_word' id='word_1_200' title='bbox 2732 3819 3097 3827; x_wconf 95' lang='lat' dir='ltr'><strong> </strong></span> 
     </span>
    </p>
   </div>
   <div class='ocr_carea' id='block_1_10' title="bbox 2057 3819 2729 3826">
    <p class='ocr_par' dir='ltr' id='par_1_10' title="bbox 2057 3819 2729 3826">
     <span class='ocr_line' id='line_1_25' title="bbox 2057 3819 2729 3826; baseline 0.003 -2"><span class='ocrx_word' id='word_1_201' title='bbox 2057 3819 2183 3826; x_wconf 52' lang='grc' dir='ltr'><strong>...ιο-ο</strong></span> <span class='ocrx_word' id='word_1_202' title='bbox 2195 3819 2729 3826; x_wconf 53' lang='lat'><strong>——-——-—--——--—-—-&gt;0-</strong></span> 
     </span>
    </p>
   </div>
   <div class='ocr_carea' id='block_1_11' title="bbox 1681 3819 2020 3828">
    <p class='ocr_par' dir='ltr' id='par_1_11' title="bbox 1681 3819 2020 3828">
     <span class='ocr_line' id='line_1_26' title="bbox 1681 3819 2020 3828; baseline 0 1974"><span class='ocrx_word' id='word_1_203' title='bbox 1681 3819 2020 3828; x_wconf 95' lang='lat' dir='ltr'><strong> </strong></span> 
     </span>
    </p>
   </div>
   <div class='ocr_carea' id='block_1_12' title="bbox 1147 3900 3976 4264">
    <p class='ocr_par' dir='ltr' id='par_1_12' title="bbox 1147 3900 3976 4264">
     <span class='ocr_line' id='line_1_27' title="bbox 1158 3900 3976 3976; baseline 0.001 -19"><span class='ocrx_word' id='word_1_204' title='bbox 1158 3906 1220 3958; x_wconf 89' lang='lat' dir='ltr'><strong>ut</strong></span> <span class='ocrx_word' id='word_1_205' title='bbox 1242 3902 1447 3973; x_wconf 89' lang='lat' dir='ltr'><strong>dicunt,</strong></span> <span class='ocrx_word' id='word_1_206' title='bbox 1468 3901 1614 3958; x_wconf 90' lang='lat' dir='ltr'><strong>nulla</strong></span> <span class='ocrx_word' id='word_1_207' title='bbox 1638 3900 1742 3957; x_wconf 89' lang='lat' dir='ltr'><strong>alia</strong></span> <span class='ocrx_word' id='word_1_208' title='bbox 1763 3900 2081 3958; x_wconf 86' lang='lat' dir='ltr'><strong>auctoritate</strong></span> <span class='ocrx_word' id='word_1_209' title='bbox 2105 3900 2205 3958; x_wconf 86' lang='lat' dir='ltr'><strong>nisi</strong></span> <span class='ocrx_word' id='word_1_210' title='bbox 2232 3917 2300 3957; x_wconf 84' lang='lat' dir='ltr'><strong>ex</strong></span> <span class='ocrx_word' id='word_1_211' title='bbox 2324 3901 2427 3957; x_wconf 89' lang='lat' dir='ltr'><strong>hoc</strong></span> <span class='ocrx_word' id='word_1_212' title='bbox 2450 3901 2772 3958; x_wconf 87' lang='lat' dir='ltr'><strong>documento</strong></span> <span class='ocrx_word' id='word_1_213' title='bbox 2798 3907 2954 3960; x_wconf 82' lang='lat' dir='ltr'><strong>notus</strong></span> <span class='ocrx_word' id='word_1_214' title='bbox 2971 3907 3057 3959; x_wconf 88' lang='lat' dir='ltr'><strong>est</strong></span> <span class='ocrx_word' id='word_1_215' title='bbox 3072 3920 3085 3957; x_wconf 75' lang='grc' dir='ltr'>ε</span> <span class='ocrx_word' id='word_1_216' title='bbox 3102 3901 3244 3974; x_wconf 89' lang='lat' dir='ltr'><strong>quod</strong></span> <span class='ocrx_word' id='word_1_217' title='bbox 3271 3917 3459 3975; x_wconf 85' lang='lat' dir='ltr'><strong>parum</strong></span> <span class='ocrx_word' id='word_1_218' title='bbox 3477 3902 3638 3959; x_wconf 88' lang='lat' dir='ltr'><strong>etiam</strong></span> <span class='ocrx_word' id='word_1_219' title='bbox 3661 3917 3784 3958; x_wconf 88' lang='lat' dir='ltr'><strong>cum</strong></span> <span class='ocrx_word' id='word_1_220' title='bbox 3809 3917 3976 3976; x_wconf 83' lang='lat' dir='ltr'><strong>parvo</strong></span> 
     </span>
     <span class='ocr_line' id='line_1_28' title="bbox 1155 3996 3971 4073; baseline -0 -18"><span class='ocrx_word' id='word_1_221' title='bbox 1155 3998 1376 4056; x_wconf 83' lang='lat' dir='ltr'><strong>flumine</strong></span> <span class='ocrx_word' id='word_1_222' title='bbox 1403 3999 1543 4055; x_wconf 88' lang='lat' dir='ltr'><strong>sicut</strong></span> <span class='ocrx_word' id='word_1_223' title='bbox 1568 4004 1654 4055; x_wconf 84' lang='lat' dir='ltr'><strong>est</strong></span> <span class='ocrx_word' id='word_1_224' title='bbox 1677 3998 1841 4069; x_wconf 88' lang='lat' dir='ltr'><strong>Lech,</strong></span> <span class='ocrx_word' id='word_1_225' title='bbox 1869 3998 2174 4054; x_wconf 88' lang='lat' dir='ltr'><strong>concordat.</strong></span> <span class='ocrx_word' id='word_1_226' title='bbox 2210 3996 2293 4053; x_wconf 79' lang='lat' dir='ltr'><strong>Cf.</strong></span> <span class='ocrx_word' id='word_1_227' title='bbox 2322 3997 2571 4054; x_wconf 67' lang='lat' dir='ltr'><strong>Chr-onio.</strong></span> <span class='ocrx_word' id='word_1_228' title='bbox 2597 4000 2816 4071; x_wconf 71' lang='lat' dir='ltr'><strong>Weiny.</strong></span> <span class='ocrx_word' id='word_1_229' title='bbox 2848 4014 2936 4072; x_wconf 88' lang='lat' dir='ltr'><strong>ap.</strong></span> <span class='ocrx_word' id='word_1_230' title='bbox 2967 4000 3141 4069; x_wconf 71' lang='lat' dir='ltr'><strong>Huss,</strong></span> <span class='ocrx_word' id='word_1_231' title='bbox 3175 4016 3229 4073; x_wconf 85' lang='lat' dir='ltr'><strong>p.</strong></span> <span class='ocrx_word' id='word_1_232' title='bbox 3261 4001 3361 4070; x_wconf 82' lang='lat'><strong>75,</strong></span> <span class='ocrx_word' id='word_1_233' title='bbox 3397 4005 3452 4055; x_wconf 90' lang='lat' dir='ltr'><strong>et</strong></span> <span class='ocrx_word' id='word_1_234' title='bbox 3483 4000 3751 4069; x_wconf 71' lang='lat' dir='ltr'><strong>Suum,</strong></span> <span class='ocrx_word' id='word_1_235' title='bbox 3788 3998 3971 4056; x_wconf 77' lang='lat' dir='ltr'><strong>Gesch.</strong></span> 
     </span>
     <span class='ocr_line' id='line_1_29' title="bbox 1153 4094 3974 4170; baseline 0 -18"><span class='ocrx_word' id='word_1_236' title='bbox 1153 4112 1263 4152; x_wconf 78' lang='lat' dir='ltr'><strong>von</strong></span> <span class='ocrx_word' id='word_1_237' title='bbox 1302 4094 1598 4164; x_wconf 63' lang='lat' dir='ltr'><strong>Wirtemb„</strong></span> <span class='ocrx_word' id='word_1_238' title='bbox 1625 4099 1665 4150; x_wconf 93' lang='lat' dir='ltr'><strong>t.</strong></span> <span class='ocrx_word' id='word_1_239' title='bbox 1694 4095 1745 4162; x_wconf 90' lang='lat'><strong>1,</strong></span> <span class='ocrx_word' id='word_1_240' title='bbox 1773 4111 1828 4168; x_wconf 89' lang='lat' dir='ltr'><strong>p.</strong></span> <span class='ocrx_word' id='word_1_241' title='bbox 1862 4097 1986 4150; x_wconf 73' lang='lat'><strong>455.</strong></span> <span class='ocrx_word' id='word_1_242' title='bbox 2016 4095 2126 4151; x_wconf 88' lang='lat' dir='ltr'><strong>Cur</strong></span> <span class='ocrx_word' id='word_1_243' title='bbox 2153 4100 2353 4163; x_wconf 87' lang='lat' dir='ltr'><strong>autem,</strong></span> <span class='ocrx_word' id='word_1_244' title='bbox 2385 4099 2446 4149; x_wconf 88' lang='lat' dir='ltr'><strong>ut</strong></span> <span class='ocrx_word' id='word_1_245' title='bbox 2480 4100 2662 4151; x_wconf 87' lang='lat' dir='ltr'><strong>monet</strong></span> <span class='ocrx_word' id='word_1_246' title='bbox 2686 4096 3043 4167; x_wconf 86' lang='lat' dir='ltr'><strong>Boehmerus,</strong></span> <span class='ocrx_word' id='word_1_247' title='bbox 3070 4111 3263 4153; x_wconf 87' lang='lat' dir='ltr'><strong>nomen</strong></span> <span class='ocrx_word' id='word_1_248' title='bbox 3290 4096 3471 4170; x_wconf 89' lang='lat' dir='ltr'><strong>potius</strong></span> <span class='ocrx_word' id='word_1_249' title='bbox 3499 4113 3606 4154; x_wconf 92' lang='lat' dir='ltr'><strong>non</strong></span> <span class='ocrx_word' id='word_1_250' title='bbox 3639 4095 3974 4152; x_wconf 82' lang='lat' dir='ltr'><strong>referendum</strong></span> 
     </span>
     <span class='ocr_line' id='line_1_30' title="bbox 1147 4190 3971 4264; baseline -0.001 -14"><span class='ocrx_word' id='word_1_251' title='bbox 1147 4199 1296 4250; x_wconf 76' lang='lat' dir='ltr'><strong>esset</strong></span> <span class='ocrx_word' id='word_1_252' title='bbox 1320 4192 1387 4248; x_wconf 92' lang='lat' dir='ltr'><strong>ad</strong></span> <span class='ocrx_word' id='word_1_253' title='bbox 1423 4191 1812 4264; x_wconf 73' lang='lat' dir='ltr'><strong>Giinzelhofen,</strong></span> <span class='ocrx_word' id='word_1_254' title='bbox 1838 4190 1977 4246; x_wconf 90' lang='lat' dir='ltr'><strong>inter</strong></span> <span class='ocrx_word' id='word_1_255' title='bbox 2010 4191 2293 4264; x_wconf 79' lang='lat' dir='ltr'><strong>Augsburg</strong></span> <span class='ocrx_word' id='word_1_256' title='bbox 2320 4196 2373 4249; x_wconf 88' lang='lat' dir='ltr'><strong>et</strong></span> <span class='ocrx_word' id='word_1_257' title='bbox 2401 4191 2936 4263; x_wconf 81' lang='lat' dir='ltr'><strong>Fiirstenfeldbriick,</strong></span> <span class='ocrx_word' id='word_1_258' title='bbox 2967 4194 3021 4248; x_wconf 92' lang='lat' dir='ltr'><strong>in</strong></span> <span class='ocrx_word' id='word_1_259' title='bbox 3048 4193 3216 4250; x_wconf 87' lang='lat' dir='ltr'><strong>veteri</strong></span> <span class='ocrx_word' id='word_1_260' title='bbox 3249 4195 3333 4249; x_wconf 83' lang='lat' dir='ltr'><strong>via</strong></span> <span class='ocrx_word' id='word_1_261' title='bbox 3369 4208 3562 4251; x_wconf 87' lang='lat' dir='ltr'><strong>versus</strong></span> <span class='ocrx_word' id='word_1_262' title='bbox 3595 4191 3971 4250; x_wconf 74' lang='lat' dir='ltr'><strong>Monachium?</strong></span> 
     </span>
    </p>
   </div>
   <div class='ocr_carea' id='block_1_13' title="bbox 1222 4287 3975 4459">
    <p class='ocr_par' dir='ltr' id='par_1_13' title="bbox 1222 4287 3975 4459">
     <span class='ocr_line' id='line_1_31' title="bbox 1222 4287 3454 4363; baseline -0 -17"><span class='ocrx_word' id='word_1_263' title='bbox 1222 4288 1295 4363; x_wconf 76' lang='lat'><strong>(⁴)</strong></span> <span class='ocrx_word' id='word_1_264' title='bbox 1335 4289 1488 4347; x_wconf 79' lang='lat' dir='ltr'><strong>Anno</strong></span> <span class='ocrx_word' id='word_1_265' title='bbox 1516 4291 1654 4346; x_wconf 74' lang='lat'>⁴233</span> <span class='ocrx_word' id='word_1_266' title='bbox 1683 4287 1953 4344; x_wconf 81' lang='lat' dir='ltr'><strong>Amedeus</strong></span> <span class='ocrx_word' id='word_1_267' title='bbox 1978 4287 2277 4344; x_wconf 84' lang='lat' dir='ltr'><strong>sabaudiae</strong></span> <span class='ocrx_word' id='word_1_268' title='bbox 2303 4302 2485 4344; x_wconf 88' lang='lat' dir='ltr'><strong>comes</strong></span> <span class='ocrx_word' id='word_1_269' title='bbox 2506 4289 2644 4361; x_wconf 88' lang='lat' dir='ltr'><strong>patri</strong></span> <span class='ocrx_word' id='word_1_270' title='bbox 2671 4304 2769 4345; x_wconf 89' lang='lat' dir='ltr'><strong>suo</strong></span> <span class='ocrx_word' id='word_1_271' title='bbox 2792 4290 3072 4347; x_wconf 87' lang='lat' dir='ltr'><strong>Thomasio</strong></span> <span class='ocrx_word' id='word_1_272' title='bbox 3100 4296 3454 4347; x_wconf 86' lang='lat' dir='ltr'><strong>successerat.</strong></span> 
     </span>
     <span class='ocr_line' id='line_1_32' title="bbox 1225 4384 3975 4459; baseline -0 -19"><span class='ocrx_word' id='word_1_273' title='bbox 1225 4386 1296 4459; x_wconf 75' lang='lat'><strong>(2)</strong></span> <span class='ocrx_word' id='word_1_274' title='bbox 1334 4385 1705 4444; x_wconf 77' lang='lat' dir='ltr'><strong>verisimiliter</strong></span> <span class='ocrx_word' id='word_1_275' title='bbox 1739 4385 1794 4440; x_wconf 93' lang='lat' dir='ltr'><strong>in</strong></span> <span class='ocrx_word' id='word_1_276' title='bbox 1831 4384 1979 4441; x_wconf 88' lang='lat' dir='ltr'><strong>curia</strong></span> <span class='ocrx_word' id='word_1_277' title='bbox 2009 4384 2151 4458; x_wconf 91' lang='lat' dir='ltr'><strong>apud</strong></span> <span class='ocrx_word' id='word_1_278' title='bbox 2190 4384 2499 4456; x_wconf 84' lang='lat' dir='ltr'><strong>Hagenowe</strong></span> <span class='ocrx_word' id='word_1_279' title='bbox 2534 4401 2719 4440; x_wconf 88' lang='lat' dir='ltr'><strong>mense</strong></span> <span class='ocrx_word' id='word_1_280' title='bbox 2759 4385 3029 4441; x_wconf 87' lang='lat' dir='ltr'><strong>decembri</strong></span> <span class='ocrx_word' id='word_1_281' title='bbox 3066 4389 3200 4442; x_wconf 73' lang='lat'>¹235</span> <span class='ocrx_word' id='word_1_282' title='bbox 3232 4386 3527 4456; x_wconf 82' lang='lat' dir='ltr'><strong>celebrata,</strong></span> <span class='ocrx_word' id='word_1_283' title='bbox 3559 4386 3645 4442; x_wconf 91' lang='lat' dir='ltr'><strong>cui</strong></span> <span class='ocrx_word' id='word_1_284' title='bbox 3672 4385 3823 4441; x_wconf 82' lang='lat' dir='ltr'><strong>affuit</strong></span> <span class='ocrx_word' id='word_1_285' title='bbox 3851 4399 3975 4440; x_wconf 89' lang='lat' dir='ltr'><strong>cum</strong></span> 
     </span>
    </p>
   </div>
   <div class='ocr_carea' id='block_1_14' title="bbox 1139 4479 3974 4749">
    <p class='ocr_par' dir='ltr' id='par_1_14' title="bbox 1139 4479 3974 4749">
     <span class='ocr_line' id='line_1_33' title="bbox 1144 4479 3974 4556; baseline -0.002 -16"><span class='ocrx_word' id='word_1_286' title='bbox 1144 4482 1328 4540; x_wconf 87' lang='lat' dir='ltr'><strong>multis</strong></span> <span class='ocrx_word' id='word_1_287' title='bbox 1351 4484 1501 4556; x_wconf 86' lang='lat' dir='ltr'><strong>regni</strong></span> <span class='ocrx_word' id='word_1_288' title='bbox 1532 4481 1860 4539; x_wconf 79' lang='lat' dir='ltr'><strong>Arelatensis</strong></span> <span class='ocrx_word' id='word_1_289' title='bbox 1883 4480 2153 4537; x_wconf 85' lang='lat' dir='ltr'><strong>nobilibus</strong></span> <span class='ocrx_word' id='word_1_290' title='bbox 2182 4495 2362 4537; x_wconf 85' lang='lat' dir='ltr'><strong>comes</strong></span> <span class='ocrx_word' id='word_1_291' title='bbox 2383 4480 2721 4552; x_wconf 85' lang='lat' dir='ltr'><strong>Provinciae,</strong></span> <span class='ocrx_word' id='word_1_292' title='bbox 2748 4482 2839 4553; x_wconf 90' lang='lat' dir='ltr'><strong>qui</strong></span> <span class='ocrx_word' id='word_1_293' title='bbox 2867 4483 3075 4538; x_wconf 89' lang='lat' dir='ltr'><strong>comitis</strong></span> <span class='ocrx_word' id='word_1_294' title='bbox 3103 4481 3400 4539; x_wconf 89' lang='lat' dir='ltr'><strong>Sabaudiae</strong></span> <span class='ocrx_word' id='word_1_295' title='bbox 3429 4489 3485 4538; x_wconf 90' lang='lat' dir='ltr'><strong>et</strong></span> <span class='ocrx_word' id='word_1_296' title='bbox 3512 4481 3681 4554; x_wconf 88' lang='lat' dir='ltr'><strong>ipsius</strong></span> <span class='ocrx_word' id='word_1_297' title='bbox 3709 4479 3974 4537; x_wconf 88' lang='lat' dir='ltr'><strong>Valentini</strong></span> 
     </span>
     <span class='ocr_line' id='line_1_34' title="bbox 1143 4576 3967 4651; baseline -0.001 -15"><span class='ocrx_word' id='word_1_298' title='bbox 1143 4579 1298 4636; x_wconf 85' lang='lat' dir='ltr'><strong>electi</strong></span> <span class='ocrx_word' id='word_1_299' title='bbox 1327 4579 1494 4636; x_wconf 90' lang='lat' dir='ltr'><strong>sorori</strong></span> <span class='ocrx_word' id='word_1_300' title='bbox 1521 4586 1794 4651; x_wconf 85' lang='lat' dir='ltr'><strong>nupserat.</strong></span> <span class='ocrx_word' id='word_1_301' title='bbox 1816 4578 2002 4635; x_wconf 86' lang='lat' dir='ltr'><strong>Filiam</strong></span> <span class='ocrx_word' id='word_1_302' title='bbox 2029 4593 2241 4650; x_wconf 90' lang='lat' dir='ltr'><strong>quoque</strong></span> <span class='ocrx_word' id='word_1_303' title='bbox 2266 4577 2506 4649; x_wconf 83' lang='lat' dir='ltr'><strong>ejusdem</strong></span> <span class='ocrx_word' id='word_1_304' title='bbox 2535 4578 2745 4634; x_wconf 89' lang='lat' dir='ltr'><strong>comitis</strong></span> <span class='ocrx_word' id='word_1_305' title='bbox 2778 4579 3083 4636; x_wconf 85' lang='lat' dir='ltr'><strong>Provinciae</strong></span> <span class='ocrx_word' id='word_1_306' title='bbox 3105 4579 3403 4636; x_wconf 79' lang='lat' dir='ltr'><strong>Alienoram</strong></span> <span class='ocrx_word' id='word_1_307' title='bbox 3420 4621 3435 4649; x_wconf 93' lang='lat'><strong>,</strong></span> <span class='ocrx_word' id='word_1_308' title='bbox 3466 4578 3579 4650; x_wconf 86' lang='lat' dir='ltr'><strong>regi</strong></span> <span class='ocrx_word' id='word_1_309' title='bbox 3602 4578 3821 4650; x_wconf 77' lang='lat' dir='ltr'><strong>Angliae</strong></span> <span class='ocrx_word' id='word_1_310' title='bbox 3847 4576 3967 4632; x_wconf 84' lang='lat' dir='ltr'><strong>des·</strong></span> 
     </span>
     <span class='ocr_line' id='line_1_35' title="bbox 1139 4673 3678 4749; baseline -0.002 -17"><span class='ocrx_word' id='word_1_311' title='bbox 1139 4681 1441 4749; x_wconf 90' lang='lat' dir='ltr'><strong>ponsatam,</strong></span> <span class='ocrx_word' id='word_1_312' title='bbox 1458 4676 1561 4732; x_wconf 89' lang='lat' dir='ltr'><strong>hoc</strong></span> <span class='ocrx_word' id='word_1_313' title='bbox 1585 4691 1726 4733; x_wconf 88' lang='lat' dir='ltr'><strong>anno</strong></span> <span class='ocrx_word' id='word_1_314' title='bbox 1749 4678 1889 4732; x_wconf 75' lang='lat'>⁴236</span> <span class='ocrx_word' id='word_1_315' title='bbox 1912 4675 2127 4732; x_wconf 87' lang='lat' dir='ltr'><strong>ineunte</strong></span> <span class='ocrx_word' id='word_1_316' title='bbox 2152 4673 2468 4732; x_wconf 88' lang='lat' dir='ltr'><strong>Guillelmus</strong></span> <span class='ocrx_word' id='word_1_317' title='bbox 2495 4674 2809 4733; x_wconf 85' lang='lat' dir='ltr'><strong>Valentinus</strong></span> <span class='ocrx_word' id='word_1_318' title='bbox 2833 4675 3036 4733; x_wconf 87' lang='lat' dir='ltr'><strong>electus</strong></span> <span class='ocrx_word' id='word_1_319' title='bbox 3063 4677 3118 4732; x_wconf 90' lang='lat' dir='ltr'><strong>in</strong></span> <span class='ocrx_word' id='word_1_320' title='bbox 3140 4676 3381 4749; x_wconf 80' lang='lat' dir='ltr'><strong>Angliam</strong></span> <span class='ocrx_word' id='word_1_321' title='bbox 3407 4673 3678 4733; x_wconf 80' lang='lat' dir='ltr'><strong>conduxit.</strong></span> 
     </span>
    </p>
   </div>
  </div>
 </body>
</html>
