4842 5802
903 545 1105 606 Inter.
1136 542 1226 620 9.]
1800 539 2204 602 HISTORIA
2241 540 2830 603 DIPLOMATICA.
3603 539 3724 602 863

907 676 1202 752 fideliter
1236 676 1571 748 hactenus
1619 674 2070 768 adheserunt,
2127 677 2507 749 recolentes
2557 675 3003 750 nihilominus
3036 676 3225 769 quod
3272 696 3396 770 pro
3429 675 3728 747 servitiis

910 815 1218 896 tempore
1261 799 1644 873 necessario
1690 798 1891 871 nobis
1941 808 2010 871 et
2063 800 2352 894 imperio
2399 800 2695 894 prestitis
2742 799 2912 897 ipsis
2969 809 3326 872 teneamur
3371 798 3465 871 ad
3514 799 3726 893 digna

911 927 1174 1024 premia
1225 923 1669 1020 respondere,
1715 932 1792 994 ut
1839 944 2079 996 eorum
2118 922 2393 996 devotio
2429 933 2499 996 et
2533 924 2756 996 virtus
2808 924 3087 997 laudata
3139 945 3488 1016 crescens,
3546 944 3729 1015 gau-

911 1052 1086 1126 dens
1127 1051 1201 1145 in
1251 1048 1535 1144 posteris
1585 1056 1657 1121 et
1697 1046 2006 1140 jocunda
2049 1055 2315 1120 nostros
2363 1047 2570 1120 etiam
2616 1057 2913 1122 transeat
2962 1048 3054 1120 ad
3090 1047 3416 1138 heredeS,
3460 1046 3731 1120 devotis

911 1196 1151 1249 eorum
1195 1170 1810 1268 supplicationibus
1847 1171 2312 1244 favorabiliter
2344 1181 2767 1264 annuentes,
2820 1173 2910 1246 de
2945 1173 3376 1268 plenitudine
3423 1172 3730 1267 impera-

914 1299 1086 1372 torie
1152 1295 1505 1390 dignitatis
1568 1316 1848 1390 presens
1905 1295 2345 1391 privilegium
2392 1297 2727 1368 innovare
2786 1296 3119 1369 duximus
3180 1306 3249 1368 et
3296 1293 3726 1368 confirmare.

909 1421 1092 1495 Nulli
1143 1442 1309 1515 ergo
1357 1394 1639 1492 omnino
1671 1419 2029 1491 hominum
2068 1420 2268 1490 liceat
2305 1419 2484 1490 hauc
2519 1429 2819 1490 nostram
2859 1419 3323 1492 renovationis
3353 1429 3422 1493 et
3466 1417 3731 1492 confir-

910 1544 1232 1619 mationis
1263 1553 1494 1616 nostre
1533 1543 1854 1636 paginam
1891 1543 2262 1634 infringere
2294 1544 2405 1614 vel
2440 1543 2504 1614 ei
2539 1565 2716 1615 ausu
2748 1543 3105 1614 temerario
3138 1543 3500 1614 contraire.
3528 1543 3731 1628 Quod

910 1670 1034 1763 qui
1092 1667 1587 1764 presumpserit
1637 1665 2184 1759 indignationem
2232 1666 2486 1737 summi
2518 1664 2774 1757 judicis
2826 1676 3266 1759 nostramque
3318 1666 3490 1737 iram
3538 1667 3609 1737 in
3658 1689 3734 1739 se

913 1794 1160 1866 sentiet
1194 1791 1590 1864 incurrisse.

1009 1919 1159 2011 Ego
1193 1916 1489 1988 Sifridus
1524 1915 2039 2009 Ratisponensis
2071 1915 2359 1987 ecclesie
2404 1914 2805 2009 episcopus,
2846 1914 3221 2009 imperialis
3257 1915 3415 1986 aule
3449 1914 3734 1986 cancel-

913 2041 1160 2128 larius,
1209 2040 1364 2112 vice
1400 2039 1662 2112 domini
1713 2038 1947 2111 Sifridi
1980 2036 2382 2133 Maguntine
2413 2038 2601 2111 sedis
2636 2037 3133 2133 archiepiscopi
3167 2046 3236 2108 et
3270 2036 3343 2109 in
3374 2038 3734 2110 Germania

914 2163 1527 2255 archicancellarii,
1564 2162 1961 2256 recognovi.

1010 2288 1242 2360 Testes
1282 2287 1492 2379 hujus
1540 2287 1637 2358 rei
1691 2295 1853 2358 sunt
1892 2314 1909 2356 :
1952 2285 2383 2358 venerabiles
2414 2285 2713 2358 Sifridus
2758 2284 3229 2376 Maguntinus‚
3269 2283 3729 2357 Theodericus

913 2412 1336 2484 Trevirensis
1370 2410 1906 2505 archiepiscopi,
1943 2410 2100 2482 Otto
2144 2409 2297 2482 dux
2330 2409 2419 2481 de
2450 2409 2880 2498 Bruneswic,
2922 2408 3078 2480 Otto
3127 2429 3356 2480 comes
3391 2408 3735 2502 palatinus

913 2535 1133 2608 Rheni
1166 2545 1236 2607 et
1266 2534 1418 2606 dux
1441 2532 1784 2623 Bawarie,
1816 2532 2151 2603 Henricus
2180 2532 2612 2624 lantgravius
2641 2531 3039 2624 Thuringie‚
3072 2533 3278 2603 frater
3303 2532 3736 2605 Hermannus

914 2659 1236 2752 magister
1268 2655 1879 2746 Theutonicorum,
1921 2656 2351 2727 Hermannus
2385 2654 2693 2728 marchio
2728 2654 2818 2727 de
2860 2654 3122 2745 Baden,
3164 2654 3521 2727 Conradus
3561 2657 3738 2728 hur-

914 2781 1200 2875 gravius
1243 2781 1334 2854 de
1379 2781 1833 2879 Nuremberc,
1884 2799 2118 2852 comes
2172 2778 2561 2851 Fridericus
2607 2777 2699 2851 de
2757 2780 2980 2869 Zolre,
3036 2777 3452 2851 Godefridus
3502 2801 3733 2852 comes

916 2905 1006 2979 de
1039 2899 1518 3003 Ziegen[hain]
1538 2961 1555 2992 ‚
1598 2901 1990 2975 Gotefridus
2038 2912 2105 2976 et
2143 2901 2501 2976 Conradus
2527 2901 2615 2975 de
2651 2901 2963 2975 Hohenlo
2995 2903 3279 2975 comites
3305 2903 3730 2996 Romaniole,

912 3029 1353 3103 Eberhardus
1379 3039 1448 3102 et
1475 3029 1631 3101 Otto
1661 3030 1903 3099 fratres
1933 3026 2022 3099 de
2047 3027 2432 3119 Eberstein,
2457 3025 2878 3099 Wernherus
2909 3025 3182 3122 dapifer
3207 3028 3297 3100 de
3322 3028 3730 3120 Bonlandia,

913 3153 1272 3225 Heinricus
1309 3152 1399 3225 de
1435 3150 1908 3247 Bappenheim
1945 3149 2317 3245 imperialis
2354 3149 2516 3222 aule
2555 3150 2999 3241 marscalcuS,
3032 3149 3387 3244 Philippus
3422 3150 3513 3223 de
3553 3152 3734 3223 Bon-

916 3275 1174 3366 landia,
1214 3275 1573 3370 Philippus
1606 3274 1697 3347 de
1727 3275 2142 3364 HohenveIS,
2181 3283 2252 3346 et
2288 3273 2402 3345 alii
2440 3275 2907 3368 quamplures,

1012 3397 1303 3489 Signum
1346 3395 1609 3468 domini
1657 3397 1872 3468 nostri
1921 3395 2250 3467 Friderici
2301 3394 2628 3483 secundi,
2678 3397 2802 3467 Dei
2851 3396 3067 3489 gratia
3110 3396 3539 3468 invictissimi
3591 3399 3736 3470 Ro-

916 3537 1279 3589 manorum
1315 3519 1741 3613 imperatoris
1776 3539 2047 3613 semper
2080 3518 2392 3611 augusti,
2435 3519 2806 3591 Jerusalem
2846 3529 2913 3591 et
2954 3519 3181 3591 Sicilie
3214 3521 3423 3612 regis.

1015 3637 1190 3712 Acta
1265 3650 1426 3711 sunt
1493 3640 1624 3712 hec
1681 3661 1864 3711 auno
1928 3638 2279 3712 'dominice
2328 3641 2814 3713 incarnationis
2859 3643 2951 3714 M.
2979 3641 3104 3712 CC.
3128 3641 3452 3729 XXXVI,
3503 3665 3738 3716 mense

919 3762 1116 3853 maii,
1159 3783 1339 3834 noue
1384 3761 1814 3851 indictionis,
1863 3762 2245 3857 imperante
2288 3762 2571 3835 domino
2622 3773 2853 3836 nostro
2905 3763 3283 3856 Friderico,
3345 3767 3470 3838 Dei
3520 3768 3739 3860 gratia

917 3887 1379 3962 Romanorum
1427 3887 1838 3982 imperatore
1873 3907 2142 3980 semper
2194 3896 2520 3981 augusto,
2562 3888 2933 3960 Jerusalem
2982 3897 3052 3960 et
3095 3889 3323 3961 Sicilie
3357 3910 3553 3983 rege,
3595 3891 3740 3962 Ro-

917 4009 1104 4082 mani
1159 4008 1430 4104 imperii
1485 4011 1635 4103 ejus
1688 4031 1871 4083 anno
1920 4010 2103 4082 XVII
2138 4008 2265 4109 (a),
2312 4013 2684 4085 Jerusalem
2736 4013 2860 4103 XI,
2914 4012 3109 4105 regni
3160 4033 3324 4084 vero
3364 4015 3515 4105 ejus
3560 4013 3737 4084 Sici-

918 4134 1010 4205 lie
1044 4132 1361 4207 XXXVII
1399 4131 1516 4228 (b),
1563 4133 1873 4206 feliciter.
1915 4132 2164 4206 Amen.

1019 4252 1354 4353 [Datum]
1389 4257 1580 4353 apud
1611 4257 2060 4354 Herbipolim,
2092 4279 2302 4350 anno,
2344 4279 2604 4350 mense,
2638 4258 3011 4332 indictione
3044 4260 3458 4356 prescriptis.

1001 4429 1089 4511 (a)
1130 4433 1313 4493 Recte
1338 4438 1536 4494 autem
1562 4432 1624 4494 X
1630 4433 1727 4495 VI.

1004 4533 1086 4616 (b)
1127 4536 1309 4599 Recte
1334 4543 1533 4600 autem
1558 4538 1890 4602 XXXVIII.
