4842 5802
850 562 1042 622 Ῑηιιιοτ.
1078 555 1163 639 7.]
1747 555 2141 617 HISTORIA
2191 556 2773 619 mnoMA'rch.
3545 560 3660 621 671

944 691 1349 778 Heinricus‚
1399 690 1533 765 Dei*
1559 690 1779 783 gratia
1814 691 2275 765 Romanorum
2303 713 2434 767 rex
2459 702 2530 764 et
2572 706 2837 785 semper
2883 701 3253 786 augustae,
3317 695 3657 767 universis

847 816 1114 912 imperii
1162 812 1490 885 fidelibus
1524 813 1703 887 hanc
1736 815 2027 887 litteram
2051 816 2472 909 ‘inspecturis
2503 817 2576 887 in
2613 825 3039 911 perpetuum.
3079 818 3249 889 Cum
3281 819 3462 890 circa
3493 832 3658 913 prod

847 944 1103 1016 fectum
1128 939 1396 1033 imperii
1429 947 1659 1011 nostra
1686 938 2024 1011 celsitudo
2056 939 2404 1033 invigilat,
2442 948 2645 1012 cauta
2679 939 3167 1012 deliberatione
3187 940 3318 1010 sibi
3342 941 3658 1033 providet

847 1088 1007 1139 cum
1045 1087 1128 1139 ea
1154 1046 1303 1160 que*
1323 1062 1704 1138 decreverit
1731 1063 1846 1137 vel
1881 1063 2121 1137 fecerit
2157 1062 2560 1157 scriptorum
2595 1064 2920 1135 memorie
2959 1064 3488 1136 recommendat.
3532 1065 3660 1137 Per

845 1211 1125 1285 presens
1145 1190 1379 1283 itaque
1410 1187 1744 1281 scriptum
1775 1196 2013 1260 notum
2040 1209 2191 1261 esse
2212 1187 2535 1282 cupimus
2564 1197 2702 1260 tam·
2725 1188 3156 1282 presentibus
3179 1210 3390 1280 quam
3411 1189 3658 1262 futuris

844 1313 1039 1409 quod
1068 1335 1195 1386 nos
1228 1311 1507 1385 utilitati
1534 1321 1603 1383 et
1629 1311 1927 1385 libertati
1959 1312 2256 1385 civitatis
2300 1323 2531 1387 nostre
2558 1313 2879 1406 Egrensis
2923 1312 3230 1385 volentes
3263 1314 3652 1398 intendere,

798 1505 809 1513 .
844 1436 1220 1512 sectionem
1249 1458 1390 1532 que
1426 1437 1498 1507 in
1527 1436 1680 1531 ipsa
1708 1445 1854 1509 erat
1884 1436 1974 1509 de
2000 1437 2155 1509 vico
2188 1434 2493 1531 quodam
2515 1436 2937 1531 Schiphgaze
2972 1436 3182 1527 dicto,
3213 1438 3336 1530 qui
3364 1438 3654 1512 Henrioo

844 1561 936 1635 de
990 1561 1380 1634 Libenstein
1438 1559 1625 1633 fideli
1675 1568 1908 1633 nostro
1943 1559 2362 1655 pertinebat,
2404 1581 2531 1655 pro
2582 1560 2935 1632 honestate
2971 1560 3235 1654 imperii
3294 1573 3649 1637 censentes

844 1685 1050 1758 nobis
1084 1694 1154 1757 et
1181 1684 1466 1779 imperio
1489 1683 1952 1774 inhonestam,
1986 1684 2076 1758 de
2109 1684 2462 1757 voluntate
2493 1684 2657 1758 dicti
2688 1683 2960 1756 Henrici
2989 1684 3077 1756 de
3098 1686 3494 1758 Libenstein
3531 1708 3652 1781 pro

843 1808 1001 1882 vico
1029 1816 1385 1903 prenotato
1412 1808 1591 1879 facto
1626 1807 2028 1881 concambio
2048 1861 2068 1896 ,
2113 1807 2337 1880 eidem
2370 1808 2644 1881 novalia
2690 1809 2764 1879 in
2794 1806 3117 1880 Gruvene
3148 1808 3242 1880 ad
3282 1832 3408 1883 nos
3442 1812 3657 1905 perti·

845 1932 1076 2005 nentia
1100 1934 1305 2024 juxta
1342 1940 1644 2005 montem
1688 1932 1811 2025 qui
1860 1931 2334 2026 Thilchelberg
2384 1933 2802 2027 appellatur,
2860 1931 3302 2006 concedimus
3351 1943 3422 2006 et
3465 1956 3653 2007 com·

843 2065 1215 2129 mutamus.
1246 2056 1580 2127 Utautem
1592 2076 1877 2149 presens
1894 2055 2335 2128 commutatio
2350 2055 2502 2127 sive
2527 2056 3003 2128 concambium
3033 2056 3231 2129 nobis
3244 2067 3312 2130 et
3334 2058 3643 2153 imperio,

843 2181 1136 2254 Henrioo
1167 2180 1258 2253 de
1285 2180 1715 2253 Liebenstein
1743 2190 1813 2252 et
1837 2182 1983 2254 suis
2011 2180 2383 2254 heredibus
2409 2191 2812 2276 permaneat
2832 2183 3339 2274 inconvulsum,
3360 2206 3650 2279 presen-

844 2314 980 2378 tem
1008 2305 1304 2378 litteram
1330 2303 1557 2398 sigillo
1579 2314 1810 2376 nostre
1843 2304 2269 2377 celsitudinis
2294 2305 2583 2378 fecimus
2610 2305 2938 2377 roborari.

938 2429 1171 2501 Testes
1219 2436 1382 2499 sunt
1436 2428 1534 2500 hii
1587 2454 1604 2497 ε
1662 2428 2090 2520 Eggebertus
2127 2428 2539 2502 venerabilis
2590 2429 3177 2521 Babenbergensis
3234 2429 3599 2525 episcopus
3624 2483 3644 2521 ,

845 2574 1071 2626 comes
1104 2554 1341 2646 Egeno
1380 2552 1470 2626 de
1503 2550 1798 2628 Vriburc
1828 2550 2232 2647 (Freyburg)
2246 2605 2266 2643 ,
2313 2605 2330 2622 .
2377 2607 2394 2623 .
2444 2606 2464 2623 .
2502 2553 2929 2646 lantgravius
2975 2554 3064 2627 de
3115 2555 3651 2647 Leuggenbench

844 2675 1445 2771 (Leuchtenberg)‚
1482 2675 1818 2748 Henricus
1848 2675 1938 2748 de
1957 2676 2184 2768 Nifen,
2223 2678 2379 2750 Otto
2403 2677 2494 2750 de
2517 2677 2899 2764 Eberstein‚
2933 2676 3292 2749 Cunradus
3323 2678 3651 2773 pincerna

844 2798 931 2871 de
967 2798 1509 2886 Winterstettcn,
1540 2797 1983 2871 Eberhardus
2018 2798 2107 2871 de
2143 2800 2709 2892 Hertingesberg‚
2743 2808 2812 2871 et
2846 2799 2962 2871 alii
2995 2785 3465 2895 quamplures.

938 2925 1186 2994 Datum
1237 2921 1427 3017 apud
1469 2922 1756 3015 Egi-am,
1796 2944 1979 2996 anno
2015 2923 2360 2996 dominice
2398 2924 2883 2997 incarnationis
2927 2926 3021 2998 Μ.
3052 2925 3174 2997 CC.
3209 2926 3546 3013 xxxnn,
3589 2928 3648 2999 V

845 3047 999 3119 idus
1016 3047 1213 3138 julii,
1256 3044 1634 3118 indictione
1657 3047 1975 3142 septima.

945 3607 1349 3718 HenricuS,
1396 3614 1914 3701 Romanorum
1942 3645 2140 3729 rex,
2189 3624 2448 3706 comiti
2501 3625 2841 3735 Egenoni
2893 3628 2990 3709 de
3043 3627 3370 3738 Friburg
3420 3640 3494 3712 et
3552 3633 3649 3715 de

840 3738 1080 3823 Urach
1115 3745 1530 3856 pro'gratis
1564 3751 1730 3861 ejus
1767 3753 2088 3839 servitiis
2122 3757 2415 3840 confert
2450 3759 2529 3839 in
2567 3759 2875 3843 feodum
2910 3761 3644 3872 fluminaquaedam

838 3870 1118 3957 ibidem
1172 3902 1539 3988 expressa·
1586 3911 1763 3967 cum
1818 3887 1999 3970 rivis
2052 3898 2129 3971 et
2180 3892 2563 3972 montanis
2607 3891 3127 4000 adjacentibus
3143 3955 3167 3999 ,
3217 3894 3497 4004 jubens
3561 3908 3648 3981 ut

838 4007 1210 4120 quidquid
1253 4017 1421 4098 auri
1465 4018 1546 4099 in
1592 4020 2041 4105 fluminibus
2086 4031 2162 4105 et
2204 4025 2499 4133 argenti
2543 4026 2623 4107 in
2677 4027 3063 4110 montanis
3107 4029 3508 4137 invenerit,
3560 4032 3642 4112 in

838 4138 997 4247 ejus
1033 4145 1437 4231 utilitatem
1472 4152 1719 4235 cedat.
1810 4209 1819 4218 .

994 4357 1201 4431 (md.
1234 4361 1639 4445 Senonum,
1668 4367 1824 4429 Hist.
1853 4368 2322 4451 Zarinqo-Bad.‚
2351 4372 2485 4434 cod.
2521 4372 2825 4451 diplomat.
2847 4419 2866 4449 ‚
2895 4380 2943 4436 t.
2989 4375 3096 4455 IV,
3128 4394 3190 4456 p.
3227 4386 3363 4456 190,
3410 4395 3485 4440 ex
3532 4396 3639 4440 ar-

1071 4463 1250 4526 chivo
1278 4466 1858 4554 Bada-Durlacensl.)

936 4641 1299 4720 Heinricus
1323 4703 1342 4738 ,
1390 4653 1511 4724 Dei
1542 4657 1762 4748 gratia
1811 4658 2271 4733 Romanorum
2305 4684 2433 4735 rex
2478 4672 2546 4736 et
2581 4685 2850 4759 semper
2885 4676 3256 4761 augustus,
3308 4669 3647 4744 universis
