4842 5802
842 564 1035 623 lumer.
1072 562 1155 640 7.]
1737 558 2131 620 HISTORIA
2181 561 2764 626 mPLOMA'rch.
3537 566 3660 627 657

843 707 1068 769 torum
1107 704 1493 768 nostrorum
1531 694 1865 766 sincerius
1899 693 2306 788 diligamus,
2353 707 2424 769 et
2456 698 2738 770 fratrum
2784 698 2856 769 in
2900 719 2983 770 eo
3031 701 3173 771 Deo
3216 700 3654 772 militantium

840 820 1284 894 intendamus
1332 817 1695 891 commodo
1734 827 1805 890 et
1853 817 2121 890 honori.
2178 820 2332 904 Qua
2389 822 2480 894 de
2528 843 2604 893 re
2657 822 2927 894 noverit
2978 822 3383 895 universitas
3428 824 3656 895 vestra

840 943 1032 1038 quod
1069 964 1197 1015 nos
1223 941 1314 1014 ad
1353 941 1747 1013 instantiam
1776 950 1844 1013 et
1870 942 2270 1036 petitionem
2303 942 2533 1016 dilecti
2573 943 2797 1017 fidelis
2830 945 3041 1016 nostri
3080 945 3341 1017 Alberti
3383 945 3653 1018 abbatis

844 1066 934 1139 de
955 1066 1332 1159 Arnspurc,
1366 1063 1592 1135 eidem
1624 1064 1910 1136 ecclesie
1936 1064 2137 1136 talem
2174 1066 2465 1137 fecimus
2496 1066 2784 1159 gratiam
2814 1075 2882 1138 et
2918 1065 3239 1138 dedimus
3271 1067 3651 1140 libertatem

839 1198 920 1260 ut
950 1188 1039 1260 de
1081 1187 1402 1260 omnibus
1434 1186 1637 1258 bonis
1670 1186 1981 1280 ejusdem
2019 1188 2304 1260 ecclesie
2340 1189 2409 1259 in
2445 1210 2885 1282 quocumque
2916 1198 3149 1261 nostro
3184 1191 3445 1286 oppido
3480 1212 3654 1263 con-

841 1311 1094 1383 stitutis
1140 1311 1401 1381 nullam
1435 1330 1718 1403 prorsus
1750 1310 2125 1403 precariam
2169 1332 2291 1383 seu
2335 1313 2659 1383 steiuram
2703 1320 2825 1383 aut
2873 1313 3305 1385 exactionem
3351 1313 3658 1406 aliquam

841 1434 1276 1527 requiramus
1309 1433 1424 1504 vel
1456 1433 1710 1526 requiri
1750 1442 1872 1504 aut
1905 1434 2122 1527 accipi
2172 1435 2670 1528 permittamuS,
2710 1435 2837 1508 sed
2867 1436 3190 1507 volumus
3228 1443 3307 1505 ut
3338 1437 3428 1507 ab
3471 1439 3658 1509 omni

842 1556 1286 1630 exactionum
1342 1576 1595 1649 genere
1647 1555 1785 1627 sint
1833 1555 2029 1628 liberi
2083 1557 2358 1650 penitus
2408 1567 2480 1629 et
2529 1558 2892 1630 immunes.
2951 1556 3355 1630 Mandantes
3409 1569 3477 1631 et
3523 1559 3658 1631 sub

842 1679 1398 1752 interminatione
1439 1678 1659 1768 gratie
1708 1688 1938 1752 nostre
1986 1679 2446 1774 precipientes
2477 1691 2554 1752 ut
2593 1682 2783 1754 nulla
2825 1701 3133 1774 unquam
3196 1702 3485 1775 persona
3520 1681 3654 1754 hu-

841 1804 1026 1877 milis
1062 1804 1173 1876 vel
1204 1805 1342 1877 alta
1373 1803 1552 1875 hanc
1587 1814 1888 1877 nostram
1922 1805 2303 1877 libertatem
2346 1807 2694 1901 sepedicte
2730 1807 3020 1878 ecclesie
3055 1806 3367 1879 collatam
3402 1808 3659 1879 infrin-

848 1949 1013 2021 gere
1044 1928 1327 2019 audeat,
1371 1948 1413 1999 a
1468 1949 1678 2021 quam
1710 1949 1749 1999 a
1788 1928 1986 1999 bonis
2023 1929 2174 2020 ejus
2209 1929 2586 2023 precariam
2629 1930 3002 2022 exigendo.
3037 1929 3241 2013 Quod
3277 1931 3397 2024 qui
3433 1932 3659 2003 facere

845 2051 1359 2146 presumpserit,
1410 2051 1581 2122 iram
1633 2060 1937 2122 nostram
1981 2052 2454 2145 gravissimam
2503 2053 2748 2124 sentiet
2778 2061 2846 2124 et
2890 2053 3244 2124 offensam.
3286 2051 3398 2124 Ad
3452 2052 3662 2146 hujus

847 2174 1081 2269 itaque
1127 2174 1286 2246 facti
1323 2173 1533 2245 nostri
1571 2174 1989 2267 perhennem
2046 2176 2481 2266 memoriam,
2526 2197 2808 2270 presens
2843 2175 3285 2270 privilegium
3324 2177 3661 2248 conscribi

847 2307 913 2369 et
943 2296 1168 2390 sigillo
1201 2306 1430 2368 nostro
1458 2297 1793 2388 jussimus
1827 2297 2166 2390 insigniri.

942 2420 1176 2491 Testes
1214 2418 1310 2490 hii
1350 2427 1513 2491 sunt
1550 2445 1568 2489 ε
1608 2420 1902 2491 Sifridus
1930 2421 2375 2512 Maguntinus
2411 2419 2993 2515 archiepiscopuS,
3028 2422 3458 2493 Hermaunus
3497 2423 3663 2492 Her·

847 2541 1223 2635 bipolensis
1262 2541 1664 2636 episcopus,
1698 2540 2060 2613 Cunradus
2094 2543 2311 2614 abbas
2350 2544 2579 2613 Sancti
2626 2543 2838 2632 Galli,
2884 2541 3407 2636 Deigenhardus
3452 2543 3667 2637 impe-

848 2665 1035 2736 rialis
1081 2665 1236 2737 aule
1282 2663 1836 2760 prothonotarius
1883 2676 1952 2737 et
1992 2666 2382 2760 prepositus
2424 2666 2653 2738 Sancti
2696 2664 2972 2737 Ioannis
3026 2665 3097 2736 in
3149 2666 3429 2758 Houge,
3472 2667 3666 2737 Wer·

850 2810 1060 2861 nerus
1096 2788 1480 2882 prepositus
1513 2786 1603 2859 de
1634 2787 2054 2871 Gicheburc;
2085 2789 2272 2878 la'ici,
2304 2810 2535 2861 comes
2555 2788 2913 2861 Heinricus
2938 2787 3027 2860 de
3048 2790 3298 2884 Seyne,
3330 2791 3670 2882 Rupertus

850 2932 1079 2984 comes
1117 2909 1207 2982 de
1241 2911 1548 3002 Kastele,
1598 2911 1958 2983 Heinricus
2003 2910 2092 2983 de
2133 2911 2393 3008 Nipha‚
2445 2911 2885 2983 Eberhardus
2929 2911 3021 2984 de
3066 2913 3456 3001 Eberstein,
3511 2913 3670 2985 Ger-

851 3036 1040 3108 lacus
1104 3034 1194 3106 de
1244 3035 1628 3127 Butingen,
1684 3035 2044 3107 Heinricus
2100 3034 2190 3107 de
2243 3037 2677 3129 Hagenowe,
2745 3035 3102 3130 Philippus
3158 3034 3247 3108 de
3298 3036 3661 3127 Bolandia,

851 3158 1158 3231 Lutolfus
1197 3158 1615 3251 burgravius
1643 3157 1734 3231 de
1773 3158 2177 3244 Frideberc‚
2212 3166 2280 3229 et
2313 3158 2430 3229 alii
2461 3159 2929 3253 quamplures·

941 3283 1195 3354 Datum
1222 3281 1415 3376 apud
1445 3281 1872 3370 Wirzeburc,
1908 3302 2093 3354 anno
2123 3282 2396 3354 Domini
2426 3280 3024 3368 M.CC.XXXJIII⁰,
3056 3290 3298 3374 quarto
3342 3280 3670 3354 kalendas

842 3403 1058 3492 junii,
1098 3403 1471 3477 indictione
1498 3404 1642 3477 v11.
2396 3393 2397 3396 ¹

955 4013 1183 4096 Anno
1245 4011 1741 4099 MCCXXXIV
1792 4010 2111 4097 verbum
2173 4010 2417 4093 crucis
2478 4007 2954 4119 praedicatur
3004 4016 3270 4091 contra
3331 4008 3656 4120 Stagin-

855 4168 991 4253 gos
1038 4143 1160 4254 (1)
1215 4170 1353 4253 per
1412 4144 1804 4228 inferiores
1857 4153 2112 4253 partes
2173 4143 2638 4226 Theutoniae
2697 4151 2774 4225 et
2832 4141 3254 4225 Flandriae.
3329 4142 3658 4227 Collecto

2566 4349 2938 4358 ———-—-—-

920 4459 990 4533 (l)
1031 4479 1058 4514 ι
1085 4460 1323 4517 Fuerunt
1357 4466 1535 4518 autem
1565 4460 1804 4535 Stadiugi
1845 4460 2027 4535 populi
2064 4461 2121 4517 in
2159 4458 2383 4517 confinio
2415 4459 2619 4516 Frisiae
2650 4465 2706 4516 et
2731 4460 2995 4518 Saxoniae
3026 4459 3142 4531 siti,
3176 4458 3459 4533 paludibus
3491 4458 3653 4517 inviis

854 4560 909 4610 et
933 4555 1245 4614 fluminibus
1269 4557 1651 4630 circumcincti,
1681 4557 1775 4631 qui
1797 4573 1898 4631 pro
1920 4558 2035 4615 suis
2064 4555 2372 4615 exoeoeibus
2396 4562 2454 4613 et
2470 4556 2918 4614 subtractionibus
2940 4556 3267 4614 decimarum
3289 4556 3473 4614 multis
3499 4558 3655 4615 anni·

852 4654 1309 4727 excommunicati,
1334 4660 1728 4730 contemptores
1758 4656 1985 4716 clavium
2019 4654 2287 4714 Ecclesiae
2311 4661 2440 4714 sunt
2454 4655 2677 4712 inventi.
2710 4655 2813 4726 Qui
2839 4671 2961 4712 cum
2989 4660 3170 4713 essent
3192 4653 3293 4712 viri
3317 4654 3539 4727 strenui,
3571 4655 3649 4714 vi·

1000 4753 1108 4815 IV.
1150 4771 1265 4815 Pu·
1284 4772 1329 4815 2.
3261 4763 3335 4815 83

3802 4045 3988 4100 asum.
