4842 5802
1135 663 1253 725 710
2164 661 2508 722 flammei
2558 660 2896 724 sar-nm
3575 656 3733 738 [An.
3769 656 3949 719 1234.

1132 798 1360 872 edicto
1387 818 1668 892 prorsus
1699 797 1788 869 ab
1822 794 2068 869 eodem
2085 796 2498 888 eximimus3
2533 806 2911 870 statuentes
2938 817 3031 868 ne
3055 815 3363 888 unquam
3386 792 3621 886 aliqua
3655 812 3951 887 persona

1129 921 1588 996 ecclesiastica
1615 921 1726 992 vel
1764 919 2092 993 secularis
2124 942 2333 1015 super
2364 919 2497 992 hoc
2535 941 2654 993 eos
2686 921 3009 993 infestare
3041 925 3424 1011 attemptet,
3470 916 3621 988 sive
3664 915 3738 986 in
3773 915 3944 988 civi-

1135 1054 1274 1118 tate
1295 1045 1447 1116 sive
1476 1051 1672 1115 extra
1702 1042 1793 1115 sit
1816 1042 2202 1114 constituta.
2228 1044 2543 1115 Preterea
2576 1064 2702 1115 nos
2730 1064 2854 1138 per
2870 1041 3105 1115 omnia
3122 1047 3492 1133 sequentes
3513 1038 3950 1132 privilegium

1135 1169 1380 1264 prefati
1441 1166 1868 1260 imperatoris
1917 1167 2191 1238 Henrici
2227 1164 2737 1261 predecessoris
2777 1164 2989 1238 nostri
3009 1219 3029 1256 ,
3088 1163 3366 1237 eosdem
3411 1163 3603 1235 cives
3633 1161 3724 1233 ab
3756 1161 3949 1234 omni

1135 1292 1452 1363 theloneo
1478 1288 1672 1384 quod
1711 1289 1780 1359 in
1802 1290 2076 1362 civitate
2099 1298 2265 1361 tunc
2294 1289 2618 1384 temporis
2638 1290 2789 1362 dari
2821 1289 3085 1362 solebat
3117 1288 3367 1359 liberos
3391 1286 3783 1377 statuimus,
3817 1293 3888 1358 et
3907 1307 3949 1358 a

1134 1415 1472 1487 solutione
1489 1433 1926 1485 nummorum
1945 1432 2122 1506 quos
2146 1414 2360 1507 vulgo
2372 1412 2922 1508 Banphenninge
2938 1422 3009 1484 et
3026 1412 3297 1483 illorum
3313 1431 3489 1503 quos
3504 1408 3952 1504 Schozphen-

1140 1538 1351 1632 ninge
1383 1537 1900 1631 appellaverunt
1916 1546 1983 1609 et
2002 1537 2263 1631 piperis
2279 1535 2470 1630 quod
2493 1535 2583 1608 de
2605 1536 2902 1609 navibus
2927 1526 3131 1628 exigi
3147 1534 3436 1625 solebat,
3462 1553 3582 1605 eos
3603 1533 3951 1607 absolutos

1133 1661 1683 1758 pronuntiamus.
1735 1661 2069 1731 Volumus
2113 1661 2318 1731 etiam
2369 1668 2448 1731 ut
2496 1661 2728 1731 nullus
2770 1659 3028 1731 civium
3072 1656 3473 1730 eorumdem
3522 1666 3720 1729 extra
3759 1654 3952 1728 urbis

1139 1786 1476 1858 ambitum
1504 1783 1822 1856 advocati
1858 1784 1967 1854 sui
2008 1783 2333 1878 placitum
2361 1792 2655 1877 cogatur
2678 1783 3050 1876 requirere.
3097 1781 3432 1852 Volumus
3460 1780 3663 1852 etiam
3689 1788 3771 1850 ut
3793 1779 3952 1850 nul-

1133 1911 1244 1979 lus
1279 1907 1537 1978 civium
1584 1906 1886 1999 ipsorum
1932 1906 2139 1977 alicui
2192 1905 2536 1978 exactioni
2584 1915 2780 1976 extra
2820 1905 3167 1976 civitatem
3205 1904 3379 1975 facte
3419 1901 3510 1974 de
3552 1903 3760 1974 rebus
3804 1901 3951 1973 suis

1134 2030 1505 2102 mobilibus
1528 2030 1640 2100 vel
1670 2029 2134 2101 immobilibus
2163 2029 2551 2120 subJ‘aceat,
2590 2029 2821 2100 nullus
2845 2029 3185 2123 prefectus
3213 2037 3334 2097 aut.
3367 2025 3659 2117 alicujus
3688 2023 3950 2095 domini

1133 2153 1432 2224 nuncius
1465 2152 1556 2223 ad
1593 2151 1945 2223 servitium
1996 2152 2259 2225 domiui
2311 2153 2420 2223 sui
2465 2174 2507 2224 a
2544 2150 2956 2247 panificibus
2990 2152 3102 2222 vel
3151 2172 3194 2222 a
3243 2147 3648 2222 macellariis
3691 2168 3814 2220 seu
3862 2147 3953 2219 ab

1134 2277 1367 2370 aliquo
1395 2296 1645 2369 genere
1670 2274 2024 2346 hominum
2059 2276 2130 2346 in
2169 2277 2450 2348 civitate
2480 2298 2627 2348 rem
2654 2277 2954 2369 aliquam
2984 2274 3311 2346 mobilem
3340 2275 3454 2345 vel
3487 2293 3639 2346 sese
3670 2292 3953 2345 moven-

1132 2411 1270 2471 tem
1305 2406 1655 2494 presumat
1691 2399 1825 2470 illis
1859 2399 2098 2470 invitis
2125 2399 2419 2471 auferre.
2456 2400 2701 2472 Nullus
2732 2421 3040 2494 unquam
3072 2400 3315 2471 vinum
3347 2396 3540 2492 quod
3576 2384 3957 2493 appellatur

1132 2522 1417 2596 banwin
1471 2531 1823 2617 presumat
1875 2521 2182 2594 vendere
2224 2530 2344 2593 aut
2379 2522 2673 2616 alicujus
2718 2523 2892 2595 civis
2937 2524 3168 2595 navim
3206 2521 3297 2594 ad
3339 2544 3517 2618 opus
3546 2521 3657 2593 sui
3694 2518 3955 2593 domini

1134 2648 1250 2719 illo
1283 2646 1501 2717 invito
1542 2645 1876 2739 accipere.
1921 2646 2307 2716 Statuentes
2338 2665 2619 2739 quoque
2661 2655 2739 2716 ut
2783 2646 2874 2718 ab
2911 2646 2997 2717 iis
3031 2646 3154 2740 qui
3190 2667 3299 2716 res
3330 2645 3647 2740 proprias
3668 2641 3958 2738 propriis

1131 2773 1281 2844 sive
1324 2768 1686 2842 conductis
1735 2768 2035 2840 navibus
2081 2769 2562 2858 transvehunt,
2611 2768 2823 2840 nichil
2865 2770 3144 2841 omnino
3199 2769 3554 2860 exigatur,
3609 2776 3958 2838 monetam

1134 2915 1415 2989 quoque
1447 2890 1633 2963 nulla
1665 2899 1961 2985 potestas
1988 2891 2058 2962 in
2076 2891 2298 2965 levius
2325 2901 2447 2964 aut
2478 2893 2548 2963 in
2568 2892 2871 2966 deterius
2896 2892 3254 2964 imminuat
3286 2900 3407 2962 aut
3441 2890 3671 2983 aliqua
3698 2880 3960 2961 ratione

1139 3016 1274 3089 nisi
1310 3015 1657 3086 communi
1686 3015 1949 3086 civium
1997 3015 2283 3086 consilio
2321 3024 2685 3109 permutet.
2729 3016 2973 3086 Nullus
3006 3015 3095 3086 ab
3130 3015 3232 3085 eis
3275 3013 3649 3085 thelonium
3697 3014 3767 3083 in
3818 3020 3959 3083 toto

1140 3139 1535 3233 episcopatu
1568 3145 1689 3207 aut
1729 3138 1800 3207 in
1839 3137 2004 3208 locis
2039 3136 2411 3228 fiscalibuS,
2456 3138 2529 3211 id
2576 3148 2681 3210 est
2714 3137 2805 3210 ad
2838 3138 3196 3209 utilitatem
3221 3136 3488 3231 imperii
3519 3135 3960 3229 singulariter

1145 3259 1668 3357 pertinentibuS,
1710 3269 2142 3354 extorqueat.
2182 3261 2253 3333 Si
2288 3262 2448 3354 quis
2479 3270 2742 3333 curtem
2763 3271 2883 3333 aut
2914 3260 3197 3332 domum
3226 3282 3351 3354 per
3380 3280 3639 3331 annum
3673 3267 3741 3329 et
3771 3243 3956 3329 diem

1144 3386 1294 3458 sine
1326 3382 1866 3457 contradictione
1891 3383 2309 3478 possederit,
2353 3385 2521 3456 nulli
2557 3384 2689 3457 hoc
2714 3385 2983 3458 interim
3015 3383 3257 3456 scienti
3290 3384 3463 3455 ultra
3490 3381 3652 3454 inde
3680 3402 3960 3477 respon-

1145 3509 1328 3582 deat.
1373 3507 1664 3582 Causam
1698 3508 1770 3576 in
1810 3507 2088 3579 civitate
2109 3509 2251 3598 jam
2279 3508 2397 3579 lite
2426 3517 2869 3582 contestatam
2900 3530 3032 3581 non
3058 3508 3423 3602 episcopus
3438 3517 3558 3578 aut
3573 3506 3801 3598 aliqua
3827 3526 3962 3599 po-

1148 3642 1356 3706 testas
1390 3640 1585 3704 extra
1610 3632 1959 3703 civitatem
1986 3631 2426 3704 determinari
2448 3633 2835 3728 compellat.
2870 3630 3244 3725 Argentine
3265 3631 3655 3703 theloneum
3680 3629 3769 3701 de
3795 3627 3960 3700 navi

1143 3777 1282 3827 non
1315 3756 1462 3849 plus
1495 3776 1701 3848 quam
1734 3753 2060 3827 tredecim
2095 3754 2412 3827 denarios
2441 3755 2606 3828 dare
2632 3764 2986 3849 cogantur.
3020 3755 3109 3826 Ut
3139 3764 3370 3826 autem
3400 3754 3530 3827 hec
3560 3760 3787 3825 nostre
3810 3772 3960 3822 ma-

1139 3879 1406 3972 jestatis
1432 3876 1856 3948 confirmatio
1874 3879 1944 3948 in
1973 3899 2178 3950 omne
2199 3898 2407 3950 evum
2437 3889 2584 3950 rata
2608 3889 2679 3951 et
2695 3878 3102 3951 inconvulsa
3125 3889 3544 3976 permaneat,
3575 3883 3960 3971 presentem

1147 4002 1472 4097 paginam
1521 4001 1856 4071 conscribi
1887 4002 2225 4091 jussimus
2275 4011 2342 4072 et
2394 4002 2601 4093 sigilli
2640 4003 2852 4073 nostri
2892 4002 3338 4095 impressione
3386 3997 3829 4071 corroborari.
3888 3997 3961 4067 Si

1148 4125 1310 4219 quis
1333 4144 1498 4195 vero
1534 4142 1709 4193 ausu
1749 4123 2110 4194 temerario
2137 4144 2288 4193 eam
2313 4125 2805 4218 presumpserit
2825 4124 3084 4196 violare
3116 4124 3223 4195 vel
3255 4124 3483 4214 aliquo
3509 4119 3713 4192 modo
3739 4127 3962 4190 atten-

1154 4259 1329 4337 tare,
1372 4257 1643 4319 centum
1690 4246 1898 4318 libras
1926 4246 2077 4316 auri
2114 4246 2264 4339 puri
2307 4266 2431 4339 pro
2462 4267 2644 4341 pena
2685 4245 2856 4318 fisco
2895 4247 3266 4341 imperialis
3301 4247 3566 4315 camere
3589 4243 3955 4336 persolvat.

1248 4374 1468 4464 Hujus
1494 4370 1587 4441 rei
1612 4378 1817 4441 testes
1839 4378 2000 4440 sunt
2034 4395 2050 4437 ε
2090 4368 2442 4463 Philippus
2467 4370 2886 4442 Coloniensis
2916 4368 3495 4462 archiepiscopus,
3534 4366 3965 4435 Hermannus

1155 4493 1707 4570 Monasteriensis
1745 4492 2142 4588 episcopus,
2196 4492 2525 4566 Rodolfus
2570 4493 2941 4588 imperialis
2989 4494 3145 4564 aule
3186 4489 3760 4586 prothonotariuS,
3812 4488 3964 4559 Bal·

1157 4619 1481 4691 dewinus
1527 4616 1976 4709 Trajectensis
2022 4616 2423 4710 episcopus,
2481 4617 2839 4690 Heinricus
2892 4618 3108 4707 maj0r
3151 4615 3535 4711 prepositus
3579 4613 3959 4708 Spirensis,

1156 4742 1498 4814 lohannes
1526 4740 1907 4834 prepositus
1932 4740 2160 4811 Sancti
2191 4738 2544 4832 Germani,
2589 4739 2901 4813 Andreas
2935 4740 3263 4834 magister
3299 4740 3639 4811 scolarum
3659 4789 3680 4827 ,
3714 4736 3967 4809 Iohan-
