4842 5802
1141 613 1262 676 666
2178 612 2522 674 namuel
2574 611 2907 672 ssrrnn
3585 618 3747 696 [Anu.
3784 620 3955 684 1234„

1144 743 1440 854 guerris
1492 744 1802 852 privatis
1852 745 2243 829 movendis
2262 806 2285 847 ,
2338 744 2436 825 de
2488 743 2891 827 violatione
2935 754 3379 854 treugarum
3403 806 3428 852 ,
3485 749 3582 832 de
3636 763 3957 837 senten—

1140 878 1266 960 tiis
1327 877 1896 986 proscriptionis
1918 939 1942 984 ,
1997 877 2094 959 (16
2145 876 2470 959 monetis
2525 874 2742 957 falsis
2793 886 2868 958 et
2929 875 3230 984 injustis
3280 878 3648 964 theloneis
3719 911 3955 969 amo-

1138 1011 1445 1114 166616,
1507 1010 1604 1091 (16
1656 1010 1960 1091 (1661616
2019 1034 2173 1090 666
2236 1008 2384 1090 6161
2439 1018 2613 1117 post
2675 1016 2830 1089 tres
2901 1008 3065 1091 dies
3125 1010 3577 1118 inferendiS,
3631 1015 3729 1099 de
3781 998 3956 1126 jure

1135 1142 1547 1252 praebendi
1582 1143 2000 1226 conductus
2016 1204 2040 1249 ‚
2079 1144 2175 1225 de
2202 1140 2854 1250 jurisdictionibus
2888 1142 3411 1251 episcoporum
3429 1206 3453 1251 ‚
3494 1147 3590 1229 de
3630 1148 3953 1256 privile-

1135 1276 1281 1386 giis
1325 1274 1844 1357 observandis

1290 1473 1579 1552 (Edit.ap.
1603 1472 1830 1533 Amn.
1848 1474 2233 1535 Tnumrour.
2262 1472 2476 1535 Chr-on.
2499 1490 2597 1550 ap.
2628 1473 2942 1552 Lnnmrrz,
2972 1472 3184 1534 Aecus.
3215 1472 3507 1550 Izi-stoma.
3532 1478 3693 1556 11,p.
3726 1490 3950 1543 548.-

1370 1580 1774 1652 BAnrzmmr,
1818 1575 2067 1652 ConciL,
2109 1587 2156 1640 t.
2186 1580 2308 1653 III,
2342 1597 2403 1657 p.
2441 1588 2581 1640 850.
2612 1581 2942 1653 -Pmrrz,
2973 1580 3231 1640 Monam.
3284 1580 3470 1642 Germ.
3510 1583 3703 1660 Βία,
3747 1593 3789 1649 t.
3835 1587 3942 1662 IV,

1371 1703 1433 1764 p.
1467 1695 1604 1760 801,
1634 1703 1712 1746 ex
1739 1686 2049 1747 collatione
2073 1687 2340 1748 codicum
2368 1687 2552 1748 Paris.
2571 1729 2589 1761 ,
2619 1687 2956 1748 Bannover.
2974 1729 2995 1765 ,
3024 1693 3084 1748 et
3111 1686 3364 1750 Beroltn.
3391 1689 3600 1771 facta.)

1224 1857 1426 1932 Anno
1446 1857 1926 1944 MCCXXXIV,
1962 1857 2331 1931 tertioidus
2348 1857 2699 1947 februarii,
2728 1858 3243 1932 constitutiones
3256 1861 3441 1952 regis
3458 1870 3526 1933 et
3555 1862 3942 1960 principum

1127 1982 1528 2056 Alemannie
1568 1980 1758 2076 apud
1796 1979 2285 2053 Frankenvort.
2340 1981 2677 2076 Imprimis
2722 1981 3046 2054 omnibus
3092 1982 3357 2077 imperii
3390 1983 3713 2058 fidelibus
3751 1988 3941 2059 6616

1124 2128 1329 2203 reysa
1355 2104 1631 2201 publica
1655 2103 2030 2198 procedant
2055 2105 2378 2177 omnibus
2407 2103 2633 2177 modis
2658 2104 3078 2178 inhibemus.
3108 2105 3217 2178 Ad
3237 2107 3365 2179 1166
3392 2108 3735 2181 universis
3749 2109 3939 2202 judi-

1126 2230 1404 2303 ciariam
1445 2236 1844 2322 potestatem
1893 2227 2309 2300 habentibus
2356 2229 2755 2301 auctoritate
2799 2230 2985 2322 regia
3034 2230 3448 2326 precipimus
3484 2231 3812 2326 quatinus
3846 2232 3939 2307 ad

1121 2350 1632 2449 reprimendam
1661 2351 2116 2424 hereticorum
2148 2349 2504 2447 perfidiam
2531 2361 2669 2425 toto
2700 2352 2856 2424 nisu
2880 2353 3160 2426 solerter
3182 2354 3544 2427 intendant
3568 2356 3739 2427 acin
3769 2358 3937 2449 justi

1121 2477 1601 2573 prosecutione
1616 2474 1866 2566 ‚iudicii
1890 2477 2235 2569 preferant
2259 2476 2659 2570 equitatem.
2699 2474 2785 2547 Et
2809 2485 2887 2547 ut
2914 2477 2986 2547 in
3006 2477 3388 2567 judicando
3415 2478 3773 2574 diligentie
3801 2482 3937 2553 for-

1118 2622 1302 2672 mam
1332 2598 1654 2673 omnibus
1677 2598 2130 2692 preferamuS,
2171 2620 2330 2671 6666
2361 2599 2432 2670 in
2467 2620 2712 2671 manus
2748 2599 3137 2693 principum
3164 2602 3601 2695 promisimus
3633 2602 3824 2695 quod
3861 2603 3935 2674 in

1022 2733 1026 2737 “
1118 2723 1424 2816 quolibet
1459 2741 1720 2811 mense,
1759 2721 2184 2814 ubicumque
2207 2721 2277 2792 in
2292 2720 2583 2815 imperio
2608 2721 2971 2811 fuerimuS,
2998 2731 3297 2814 quatuor
3314 2723 3561 2796 diebus
3588 2723 3681 2796 ad
3706 2725 3935 2798 minus

1114 2848 1556 2945 personaliter
1580 2846 1908 2919 volumus
1921 2845 2189 2938 judicio
2215 2846 2493 2943 publice
2519 2845 2890 2942 presidere.
2930 2845 3137 2931 Quod
3176 2847 3379 2919 etiam
3411 2868 3451 2919 a
3486 2848 3795 2942 quolibet
3811 2851 3933 2941 ju-

1111 2971 1266 3043 dice
1298 2970 1443 3042 fieri
1477 2970 1801 3041 volumus
1839 2969 2261 3064 temporibus
2286 2969 2378 3042 ad
2409 2970 2542 3042 hoc
2574 2970 2960 3043 secundum
2995 2970 3510 3065 provinciarum
3562 2981 3932 3044 consuetu-

1113 3093 1346 3166 dinem
1377 3091 1788 3164 66661116116.
1816 3090 2019 3175 Quod
2051 3092 2110 3163 si
2149 3093 2471 3188 princeps
2501 3094 2724 3165 facere
2764 3093 3153 3186 neglexerit
3187 3101 3256 3164 et
3292 3093 3381 3165 de
3408 3093 3541 3166 hoc
3576 3094 3930 3167 convictus

1115 3216 1363 3306 fuerit,
1420 3222 1500 3285 ut
1542 3215 1759 3305 exigit
1788 3215 1967 3308 juris
2011 3215 2216 3307 ordo,
2273 3214 2556 3288 domino
2590 3216 2736 3309 regi
2785 3225 3060 3288 centum
3088 3216 3296 3288 libras
3331 3217 3480 3289 auri
3517 3218 3588 3288 16
3622 3216 3929 3311 pondere

1110 3339 1339 3412 Karoli
1374 3340 1739 3434 persolvet.
1784 3340 2025 3412 Comes
2053 3360 2222 3411 vero
2257 3340 2371 3411 vel
2402 3340 2582 3412 alius
2627 3340 2880 3412 nobilis
2921 3339 3264 3432 judicium
3323 3339 3618 3425 habens,
3689 3341 3750 3413 si
3789 3361 3925 3413 non

1106 3463 1520 3558 judIcaverit
1538 3462 1920 3535 secundum
1940 3462 2450 3557 provinciarum
2474 3462 3072 3555 consuetudinem,
3102 3460 3384 3537 domino
3400 3464 3549 3558 regi
3574 3464 3751 3536 61661
3768 3486 3928 3559 pre-

1110 3586 1371 3659 dictum
1411 3596 1517 3659 est
1551 3596 1827 3659 centum
1864 3608 2129 3659 marcas
2172 3587 2440 3680 argenti
2490 3597 2875 3682 componet.
2919 3587 3089 3660 Item
3144 3587 3202 3660 si
3242 3587 3401 3681 quis
3450 3588 3661 3659 alium
3698 3588 3929 3661 leserit

1108 3713 1222 3784 vel
1252 3733 1568 3806 guerram
1596 3711 1659 3783 61
1699 3711 1991 3784 moverit
2024 3711 2292 3807 absque
2324 3712 2735 3808 precedente
2770 3712 3235 3806 querimonia,
3292 3712 3352 3783 si
3382 3712 3704 3806 princeps
3729 3714 3925 3784 exti-

1111 3836 1295 3928 terit,
1333 3844 1608 3909 centum
1629 3858 1893 3909 marcas
1922 3838 2074 3909 auri
2098 3837 2289 3931 regie
2308 3858 2577 3909 camere
2607 3837 3066 3933 presentabit3
3108 3836 3356 3909 sivero
3388 3856 3617 3908 comes
3656 3836 3766 3907 vel
3797 3857 3924 3907 no·

1107 3960 1268 4032 bilis
1305 3962 1413 4033 vel
1459 3961 1593 4033 alia
1637 3981 1929 4056 persona
1974 3961 2312 4052 extiterit,
2362 3969 2639 4032 centum
2695 3980 2962 4032 marcas
3006 3959 3271 4052 argenti
3313 3965 3700 4052 componet.
3753 3958 3920 4029 Item

1106 4084 1471 4156 statuimus
1532 4082 1728 4177 quod
1787 4083 1850 4155 si
1883 4083 2040 4176 quis
2090 4091 2364 4174 treugas
2412 4083 2607 4154 datas
2661 4081 3058 4172 violaverit,
3112 4082 3168 4152 si
3209 4102 3368 4152 cum
3402 4081 3555 4174 ipso
3610 4079 3683 4148 in
3719 4081 3921 4171 cujus

1109 4228 1393 4279 manum
1426 4214 1666 4300 treuge
1697 4205 1967 4277 fuerant
2003 4204 2491 4298 compromisse
2524 4212 2591 4274 et
2614 4224 2772 4275 cum
2806 4202 3081 4275 duobus
3106 4202 3261 4273 aliis
3297 4199 3746 4295 synodalibus
3794 4199 3918 4273 ho·

1109 4329 1415 4401 minibus
1436 4338 1708 4423 treugas
1734 4328 2189 4400 violatasesse
2210 4326 2617 4398 convincere
2634 4327 2932 4420 potuerit
2950 4335 3019 4398 et
3037 4324 3293 4416 testari,
3318 4323 3609 4396 violator
3634 4343 3919 4396 manum

1109 4452 1376 4548 perdat.
1416 4454 1583 4525 11661
1631 4452 1687 4523 61
1726 4451 1884 4545 quis
1928 4447 2069 4521 fide
2105 4446 2270 4521 data
2300 4450 2689 4543 promiserit
2722 4446 2986 4542 aliquid
3020 4456 3091 4520 et
3124 4446 3488 4519 convictus
3518 4445 3724 4516 fuerit
3756 4465 3914 4517 cum

1107 4576 1328 4648 tribus
1364 4575 1809 4671 synodalibus
1840 4572 2236 4647 hominibus
2283 4570 2492 4644 fidem
2528 4593 2666 4645 non
2701 4593 3045 4664 servasse,
3103 4569 3427 4643 continuo
3456 4568 3919 4666 proscribatur

1105 4722 1237 4774 nec
1264 4723 1304 4773 a
1335 4699 1832 4796 proscriptione
1865 4697 2112 4794 poterit
2142 4697 2406 4770 absolvi
2453 4697 2584 4770 nisi
2635 4693 3002 4793 dupliciter
3044 4695 3388 4793 persolvat
3435 4692 3629 4789 quod
3663 4693 3916 4789 promi·
