4842 5802
1149 599 1273 664 818
2150 598 2578 664 Fnlnmucl
2628 594 2976 660 ssscumm
3600 590 3759 672 [Axio.
3797 592 3975 657 1236.

1140 734 1458 828 juniores
1488 734 1581 810 de
1601 736 1802 809 Nifen
1841 734 1900 831 (t
1918 736 1980 832 ),
2020 733 2437 809 Anshelmus
2459 734 2550 807 de
2576 731 2937 823 lustingen
2968 726 3112 826 (2),
3137 727 3535 803 Ludovicus
3563 725 3654 800 de
3682 726 3980 804 0611166-

1148 858 1322 952 berg
1352 855 1483 955 (3),
1516 859 1913 934 Bnrcardus
1938 857 2028 934 de
2054 858 2519 947 Geroltzeckh‚
2549 855 2904 931 Conradus
2930 854 3260 950 pincerna
3290 854 3381 927 de
3410 851 3927 926 Winterstetten
3948 910 3969 940 ‚

1148 983 1487 1056 Henricus
1513 983 1604 1058 de
1636 983 2100 1080 pappenheim
2127 983 2502 1079 imperialis
2531 982 2692 1055 aule
2722 978 3170 1068 marscalcuS,
3226 977 3606 1070 Egenolfus
3648 977 3974 1049 marscal-

1148 1130 1276 1181 cus
1334 1115 1402 1180 et
1456 1108 1826 1204 subscripti
1901 1108 2378 1181 ministeriales
2442 1103 2960 1200 Argentinensis
3039 1101 3358 1193 ecclesie,
3436 1100 3827 1173 Guntherus
3883 1098 3977 1172 de

1144 1232 1609 1327 Landtsperg,
1662 1232 1848 1306 Cono
1900 1233 1991 1306 (16
2039 1231 2431 1321 Bercheim,
2496 1229 2939 1303 Ebot-hardus
2985 1226 3077 1299 de
3126 1226 3592 1321 Landtsperg,
3652 1224 3975 1297 Albertus

1145 1356 1399 1449 Beger,
1434 1365 1503 1427 et
1536 1355 1653 1429 alii
1687 1357 1917 1450 plures
1940 1356 2065 1450 qui
2099 1355 2576 1428 interfuerunt.

1244 1479 1419 1552 Acta
1446 1488 1606 1551 sunt
1639 1479 1770 1552 hec
1799 1500 1981 1553 anno
2019 1479 2364 1553 dominice
2397 1477 2885 1551 incarnationis
2927 1474 3289 1548 millesimo
3339 1471 3813 1547 ducentesimo
3852 1471 3973 1543 tri·

1147 1602 1411 1696 gesimo
1446 1612 1678 1694 sexto,
1720 1624 1959 1676 mense
1991 1602 2251 1693 martii,
2295 1622 2478 1675 nona
2506 1600 2910 1691 indictione,
2950 1599 3332 1694 imperante
3355 1596 3664 1693 predicto
3691 1593 3974 1667 domino

1148 1736 1383 1800 nostro
1437 1727 1784 1801 Friderico
1844 1728 1905 1800 ΙΙ
1952 1727 2074 1799 Dei
2124 1726 2345 1821 gratia
2400 1724 2978 1797 excellentissimo
3032 1723 3498 1794 Romanorum
3561 1719 3973 1814 imperatore

1152 1871 1422 1946 semper
1460 1860 1799 1944 angusto,
1848 1850 2274 1924 Jherusalem
2325 1857 2395 1922 et
2434 1845 2667 1922 Sicilie
2704 1868 2906 1942 rege,
2947 1846 3233 1920 Romani
3281 1844 3552 1939 imperii
3596 1845 3748 1937 ejus
3788 1863 3971 1914 anno

1151 1974 1335 2047 XVII
1350 2027 1372 2066 ,
1411 1975 1447 2047 J
1451 1973 1839 2048 herusalem
1870 1972 1964 2047 Xl
1984 2026 2005 2066 ,
2060 1974 2256 2066 regni
2289 1994 2456 2046 vero
2512 1968 2796 2070 [Sicilie]
2844 1971 2996 2062 ejus
3031 1990 3217 2043 anno
3248 1968 3600 2060 XXXVII,
3657 1966 3965 2041 feliciter.

1137 2097 1388 2170 Amen.

1246 2223 1500 2297 Datum
1523 2223 1716 2318 apud
1738 2222 2185 2318 Argentinam
2202 2273 2225 2314 ,
2256 2240 2442 2296 anno
2460 2271 2481 2311 ,
2515 2240 2752 2293 mense
2776 2227 2848 2292 et
2877 2216 3253 2292 indictione
3275 2217 3697 2313 prescriptis.

841 2900 878 2946 Δ
1252 2880 1709 2987 FridericuS,
1750 2880 2272 2965 Romanorum
2310 2882 2752 2991 imperator,
2784 2882 3074 2966 civibus
3111 2886 3793 2997 Argentinensibus
3829 2914 3968 2998 pro

718 2958 884 3000 coium
917 2958 1086 3015 uriam,

815 3013 994 3055 ΜΨ·
1142 3013 1432 3096 devotis
1468 3041 1733 3096 eorum
1772 3015 2091 3097 servitiis
2127 3041 2256 3097 eos
2292 3015 2371 3095 in
2402 3041 2541 3097 sua
2572 3016 2875 3125 speciali
2912 3015 3346 3100 defensione
3373 3018 3665 3128 recipit,
3697 3046 3966 3102 eorum

1144 3147 1637 3257 proprietates
1682 3147 1781 3230 ab
1827 3146 2038 3229 omni
2094 3147 2434 3255 precaria
2474 3148 2769 3252 eximit,
2804 3148 2936 3258 jus
2988 3175 3144 3259 quo
3196 3159 3409 3234 extra
3453 3150 3831 3235 civitatem
3885 3151 3966 3232 in

1139 3278 1447 3389 judiciis
1492 3278 1691 3362 trahi
1757 3306 1912 3362 non
1960 3278 2286 3364 debeant
2346 3278 2795 3386 confirmat,
2852 3281 3114 3393 eisque
3167 3283 3317 3365 alia
3363 3283 3760 3396 privilegia
3810 3285 3969 3368 im-

1141 3413 1486 3521 pertitur.

1312 3630 1501 3710 (Edit.
1534 3645 1632 3707 ap.
1666 3631 2017 3707 ercmm,
2059 3625 2205 3691 Coll.
2250 3646 2363 3689 von
2394 3625 2799 3710 ansbera-qm,
2831 3645 2893 3707 p.
2933 3637 2992 3690 7.
3020 3662 3098 3675 -
3121 3628 3466 3706 16661666,
3497 3630 3651 3692 Hire.
3682 3628 3966 3708 &Al-sace,

1386 3753 1661 3812 preuves,
1691 3753 1747 3813 p.
1782 3745 1885 3799 4ο.
1915 3768 1992 3782 -·
2015 3735 2241 3810 Lumo,
2270 3733 2684 3806 ademare-Mn,
2716 3743 2764 3796 t.
2795 3734 2959 3810 XVI,
2989 3753 3051 3814 p.
3084 3745 3232 3813 '1263
3262 3737 3366 3799 ubi
3407 3740 3686 3800 inseritur
3718 3739 3780 3798 in
3807 3738 3968 3800 bulla

1388 3844 1719 3905 Innocentss
1759 3843 1869 3917 IV,
1897 3843 2019 3904 dat.
2050 3842 2364 3921 Lugduni,
2392 3842 2482 3903 xl
2519 3841 2643 3904 kal.
2674 3845 2947 3921 augusti,
2972 3857 3130 3903 anno
3155 3844 3234 3917 V,
3262 3859 3418 3921 quae
3458 3848 3639 3907 etlam
3664 3850 3831 3905 extat
3864 3860 3962 3923 ap.

1226 4132 1300 4205 (t)
1337 4131 1512 4202 Quum
1541 4145 1727 4187 omnes
1749 4128 1982 4187 Nirar10s
2004 4143 2145 4186 nunc
2177 4128 2229 4185 in
2260 4130 2405 4187 curia
2430 4137 2743 4204 praesentes
2778 4130 3138 4204 reperiamus,
3161 4129 3466 4187 Heinricum
3493 4131 3758 4189 seniorem
3784 4131 3967 4205 impe·

1154 4230 1319 4288 ratori
1345 4226 1742 4286 reconciliatum
1766 4226 1930 4283 fuisse
1952 4227 2282 4299 conjicimus.
2313 4226 2394 4284 cf.
2427 4243 2589 4300 snpra
2612 4245 2666 4300 p.
2693 4228 2819 4300 733,
2849 4233 2957 4284 not.
2985 4230 3041 4288 2.

1229 4329 1305 4400 (ἓ)
1339 4327 1523 4384 Fuerit
1542 4341 1610 4383 ne
1631 4324 1721 4381 ille
1747 4324 2030 4382 Anselmus
2051 4325 2228 4382 senior
2244 4340 2315 4381 an
2335 4325 2538 4398 Junior,
2556 4326 2844 4384 nescimus.
2871 4325 3090 4384 Minime
3111 4330 3294 4384 tamen
3318 4322 3670 4386 dubitandum
3698 4325 3832 4399 quin
3850 4325 3961 4384 An·

1153 4428 1359 4487 seimus
1384 4431 1537 4499 pater
1562 4438 1749 4479 mense
1780 4421 2054 4480 novembri
2088 4422 2327 4496 ejoedem
2363 4423 2488 4480 anni
2521 4423 2589 4480 ad
2615 4424 2809 4482 ducem
2838 4423 3086 4483 Austriae
3116 4424 3453 4498 imperatorii
3486 4423 3762 4481 inimicum
3789 4439 3966 4483 acces-

1148 4525 1298 4585 serit.
1331 4521 1409 4579 Cf.
1436 4536 1618 4594 supra,
1646 4517 1875 4588 Ibidem,
1903 4523 2012 4576 not.
2047 4521 2100 4573 4.

1229 4622 1302 4694 (3)
1338 4619 1541 4677 Forsan
1569 4615 1955 4689 Lichtenberq,
1996 4615 2217 4673 illustris
2251 4615 2485 4673 Alsatiae
2515 4624 2822 4689 magnatum
2849 4618 3075 4690 familia,
3104 4619 3257 4692 cujus
3291 4627 3450 4692 caput
3484 4619 3804 4677 Ludovicum
3843 4625 3971 4676 tunc

1163 4721 1329 4778 fuisse
1345 4735 1408 4775 ex
1427 4716 1543 4774 aliis
1565 4714 1897 4773 documentis
1918 4715 2182 4776 novimus.
2204 4715 2265 4774 In
2283 4715 2525 4790 sequenti
2560 4715 2838 4793 privilegio
2852 4718 3003 4775 testis
3021 4717 3172 4777 adest
3186 4715 3510 4778 Ludewicus
3526 4718 3589 4777 de
3609 4717 3965 4777 Liehtenbcrc.
