4842 5802
899 3548 935 3592 A
966 3548 1027 3592 ud

1008 3603 1118 3659 fort,
1132 3601 1145 3626 Ἰ

862 3658 919 3700 28
940 3656 1062 3710 jum.

1224 634 1347 696 618
2274 637 2618 698 HENRICI
2675 636 3012 698 SEPTIMI
3670 642 3832 721 [Anu.
3870 645 4041 708 1233.

1222 769 1389 843 ville
1424 768 1902 845 Neckerauwe
1931 793 1974 843 a
2025 794 2166 866 qua
2210 793 2335 868 per
2382 772 2765 868 palatinum
2805 771 3025 844 Rheni
3062 771 3313 846 ducem
3351 775 3670 850 Bawarie
3715 778 4049 855 violenter

1218 893 1482 985 ejectus
1511 893 2019 967 dinoscebatur.
2064 896 2469 969 Mandantes
2503 905 2573 968 et
2621 894 2757 967 sub
2809 895 3360 969 interminatione
3393 899 3610 992 gratie
3647 911 3875 976 nostre
3910 902 4047 977 fir—

1215 1016 1523 1090 missime
1553 1017 1972 1113 precipimus
2005 1027 2082 1091 ut
2116 1020 2309 1092 nulla
2335 1018 2618 1092 omnino
2643 1039 2935 1114 persona
2968 1019 3283 1092 sublimis
3315 1024 3428 1096 vel
3455 1023 3775 1119 humilis,
3813 1029 4045 1102 eccle-

1211 1139 1485 1214 siastica
1530 1144 1648 1215 vel
1696 1141 2050 1217 mundana
2066 1197 2086 1235 ,
2145 1142 2410 1218 dictum
2451 1143 2852 1239 episcopum
2886 1151 2956 1216 et
2990 1144 3348 1217 ecclesiam
3377 1167 3577 1219 suam
3606 1157 3844 1224 contra
3873 1172 4045 1247 pre-

1209 1264 1427 1336 sentis
1452 1264 1844 1339 donationis
1889 1276 1958 1339 et
1994 1268 2481 1363 recognitionis
2524 1274 2755 1340 nostre
2785 1267 3117 1363 paginam
3147 1270 3508 1344 molestare
3533 1282 3886 1367 presumat
3923 1275 4042 1349 vel

1214 1389 1516 1463 turbare.
1556 1391 1762 1476 Quod
1793 1392 1917 1485 qui
1944 1392 2440 1489 presumpserit
2463 1400 2741 1464 centum
2767 1391 2979 1463 libras
3009 1391 3163 1465 auri
3196 1393 3376 1464 sein
3410 1393 3792 1469 vindictam
3823 1405 4039 1470 teme·

1205 1511 1426 1585 ritatis
1457 1536 1583 1586 sue
1612 1516 2152 1611 compositurum
2179 1524 2540 1610 agnoscat,
2578 1515 3016 1588 medietatem
3043 1536 3312 1589 camere
3344 1523 3571 1590 nostre
3598 1527 3668 1591 et
3694 1520 4036 1615 reliquam

1208 1645 1475 1731 partem
1513 1638 1838 1732 injuriam
1871 1640 2182 1734 patienti.
2219 1638 2333 1712 Ad
2363 1639 2574 1733 hujus
2609 1638 2841 1732 itaque
2878 1639 2973 1711 rei
2995 1639 3417 1712 evidentiam
3449 1650 3516 1712 et
3551 1642 3867 1716 stabilem
3902 1641 4036 1716 fir-

1210 1760 1546 1853 mitatem,
1584 1783 1867 1858 presens
1898 1763 2228 1857 scriptum
2260 1761 2407 1835 fieri
2440 1762 2778 1853 jussimus
2811 1761 3015 1855 sigilli
3046 1764 3260 1835 nostri
3296 1764 3682 1839 munimine
3718 1788 4036 1840 commu-

1213 1883 1462 1955 nitum.

1309 2007 1534 2100 Hujus
1563 2008 1665 2079 rei
1698 2016 1906 2081 testes
1941 2016 2103 2079 sunt
2141 2034 2159 2079 ε
2202 2005 2518 2104 Syfridus
2534 2007 3009 2102 Maguntinus,
3042 2008 3169 2080 Th.
3205 2011 3644 2082 Treverensis
3679 2012 4032 2109 archiepi-

1211 2130 1444 2225 scopi,
1486 2130 1561 2203 C.
1604 2131 1982 2226 Spirensis,
2023 2132 2103 2204 R.
2144 2132 2481 2205 Tullensis
2516 2130 2866 2227 episcopi,
2901 2130 2984 2202 E.
3014 2129 3104 2205 de
3128 2132 3504 2224 Ebirstein,
3543 2134 3631 2205 H.
3672 2134 3761 2209 de
3785 2134 4022 2228 Niffin,

1211 2253 1291 2325 G.
1332 2252 1423 2328 de
1451 2253 1850 2348 Budingen,
1894 2255 1969 2328 C.
2016 2255 2107 2328 de
2134 2254 2522 2345 Hoenloch‚
2575 2254 2689 2326 W.
2729 2256 2819 2328 de
2864 2255 3242 2329 Bonlandia
3286 2255 3588 2352 dapifer,
3647 2258 3732 2328 D.
3769 2256 3861 2331 de
3887 2259 4030 2331 Ra-

1208 2377 1587 2472 vinsburg,
1621 2378 1694 2451 C.
1739 2379 2069 2474 pincerna
2093 2378 2183 2453 de
2215 2379 2710 2473 Clingenburg,
2750 2387 2818 2452 et
2847 2380 2966 2453 alii
3003 2380 3473 2475 quamplures.

1304 2501 1555 2573 Actum
1585 2502 1778 2598 apud
1803 2504 2261 2597 Maguntiam,
2304 2524 2487 2576 anno
2509 2503 2599 2576 ab
2636 2504 3101 2576 incarnatione
3125 2505 3398 2578 Domini
3430 2505 3529 2578 Μο
3553 2504 4026 2580 ducentesimo

1204 2625 1547 2699 tricesimo
1582 2626 1815 2718 tertio,
1852 2627 1973 2699 VII
2005 2626 2336 2699 kalendas
2364 2626 2677 2717 augusti,
2717 2627 3093 2699 indictione
3123 2636 3346 2701 sexta.

1301 2748 1450 2841 Ego
1485 2748 1803 2846 Syfridus
1856 2748 2373 2844 Ratisponensis
2423 2749 2811 2844 episcopus,
2869 2749 3247 2845 imperialis
3306 2752 3464 2825 aule
3522 2753 3972 2826 cancellarius
3999 2806 4019 2844 ,

1212 2869 1370 2944 vice
1422 2870 1683 2943 domini
1736 2871 2124 2968 Moguntini
2190 2872 2683 2969 archiepiscopi
2738 2872 2952 2946 totius
2991 2874 3353 2948 Germanis
3400 2875 3976 2950 archicancellarii
3999 2929 4019 2967 ,

1204 2994 1601 3087 recognovi.

1626 3275 2751 3286 m—*u-<m-‚ffl-—o--0ffl
2761 3274 3594 3286 -m-—o——m———d

1312 3554 1681 3638 Henricus
1700 3615 1726 3658 ,
1796 3553 2317 3637 Romanorum
2352 3579 2487 3634 rex
2501 3612 2525 3659 ,
2575 3552 2839 3636 domui
2892 3552 3214 3635 Sanctae
3274 3550 3551 3635 Mariae
3603 3551 4028 3634 Theutoni-

1204 3713 1471 3771 corum
1539 3687 1746 3797 apud
1816 3685 2221 3769 Frankfort
2290 3684 2584 3767 confert
2651 3684 2970 3768 rubeam
3039 3684 3399 3793 paludem
3463 3681 4020 3792 (Ro'derbruch)

1205 3820 1430 3904 sitam
1485 3820 1683 3902 inter
1740 3818 2310 3929 Wrowinvegin
2370 3818 2905 3928 (Frauenweq)
2960 3827 3034 3901 et
3087 3817 3434 3901 villulam
3497 3816 3743 3900 Rodin
3798 3813 4023 3924 (Nie-

1197 3952 1557 4062 derrad.)

1367 4165 1639 4246 (Edider.
1676 4164 1983 4240 men,
2034 4162 2267 4237 Archiv,
2306 4165 2394 4236 11,
2449 4172 2551 4225 97.
2580 4196 2662 4208 -
2686 4164 3015 4237 Bosmnm,
3058 4161 3200 4225 Cod.
3231 4157 3675 4240 Moenosrancfi,
3715 4158 3778 4233 1,
3810 4165 3910 4219 58.
3946 4187 4019 4202 -

1442 4273 1713 4345 limus,
1748 4267 1885 4332 Cod.
1918 4267 2047 4333 ord.
2084 4268 2389 4344 Theuton„
2415 4286 2479 4347 p.
2516 4277 2617 4350 99,
2643 4278 2709 4330 n·
2736 4271 2867 4348 88.)

1194 4515 1197 4516 ν
1299 4458 1698 4549 Heinricus,
1737 4455 1864 4528 Dei
1901 4456 2135 4550 gracia
2169 4457 2631 4529 Romanorum
2678 4476 2808 4527 rex
2842 4463 2912 4527 et
2945 4475 3214 4550 semper
3247 4458 3621 4545 augustus,
3674 4449 4016 4521 universis

1201 4583 1474 4677 imperii
1508 4580 1830 4655 fidelibus
1851 4581 2110 4675 quibus
2133 4601 2417 4676 presens
2439 4579 2632 4651 litera
2657 4579 2858 4650 fuerit
2880 4588 3152 4651 ostensa
3180 4577 3471 4670 gratiam
3498 4595 3696 4646 suam
3723 4581 3791 4645 et
3813 4592 4017 4646 omne

1200 4705 1488 4777 bonum.
1528 4704 1618 4775 Ut
1639 4705 1710 4775 in
1745 4703 1996 4776 nostris
2026 4703 2450 4800 temporibus
2473 4703 2718 4775 collata
2745 4723 2789 4774 a
2817 4709 3049 4774 nostra
3080 4698 3548 4774 munificentia
3569 4706 3716 4770 rata
3746 4718 4013 4792 perma-
