4842 5802
835 3536 1083 3634 Siblltffaerm
1095 3620 1111 3643 ,

849 3646 905 3687 2⁷
931 3646 1098 3699 aprili·-

1232 660 1352 722 566
2272 662 2614 723 HENRICI
2664 661 2996 723 sssp'rml
3676 667 3834 745 [Arm.
3873 669 4048 732 1232.

1228 801 1614 874 monetam
1654 791 1859 900 apud
1897 792 2104 874 Stein
2143 792 2242 876 ab
2279 793 2598 902 imperio
2633 792 3042 876 tenendam
3077 802 3153 876 et
3178 792 3397 901 juxta
3427 799 4051 883 consuetudinem

1228 923 1745 1007 renovandam
1782 925 2149 1008 concedit.

1386 1135 1676 1215 (Extract.
1715 1139 1913 1214 potius
1932 1154 2116 1215 quam
2156 1138 2385 1200 editum
2419 1154 2518 1216 ap.
2551 1137 2797 1216 Mma,
2824 1138 2934 1198 Die
2959 1139 3303 1199 Bructeaten
3326 1135 3432 1198 der
3456 1137 3733 1214 Schweiz,
3761 1157 3822 1219 p.
3853 1151 3954 1217 60,
3982 1147 4047 1206 ln

1461 1239 1858 1324 Mittloeilunq.
1891 1239 2304 1325 dev-antiquar.
2338 1240 2628 1326 qaelhch.
2659 1245 2727 1302 in
2751 1242 2991 1322 Zia-ich,
3012 1251 3156 1305 tom.
3186 1245 3297 1305 111.
3316 1244 3521 1323 Usque
3536 1245 3756 1321 adhuc,
3778 1247 3886 1308 sed
3910 1263 4045 1324 per·

1457 1362 1663 1424 peram
1698 1348 1951 1409 Heanco
1976 1350 2149 1409 terno
2177 1349 2554 1429 privilegium
2581 1347 3003 1427 tribuebatur.)

1317 1532 1717 1620 Hainricus,
1769 1533 1892 1607 Dei
1930 1535 2150 1628 gratia
2191 1535 2653 1608 Romanorum
2695 1555 2823 1607 rex
2867 1542 2935 1607 et
2975 1555 3247 1629 semper
3285 1545 3657 1630 augustus,
3703 1535 4046 1609 universis

1219 1656 1489 1750 imperii
1522 1654 1877 1748 fidelibus,
1916 1666 2083 1749 etc.,
2127 1659 2417 1752 gratiam
2456 1679 2652 1730 suam
2702 1668 2771 1730 et
2815 1678 3021 1730 omne
3049 1657 3339 1730 bouum.
3379 1657 3490 1732 Ad
3525 1659 3833 1733 notitiam
3881 1659 4041 1731 uni·

1219 1799 1601 1869 versorum,
1640 1787 1808 1869 etc„
1844 1780 2165 1876 cupimus
2189 1780 2547 1874 pervenire
2573 1778 2764 1874 quod
2798 1799 2950 1870 nos,
2989 1779 3082 1853 ad
3111 1779 3562 1853 imitationem
3593 1780 3825 1855 dilecti
3848 1782 4042 1876 geni·

1216 1903 1381 1974 toris
1415 1902 1625 1974 nostri
1668 1902 1929 1975 domini
1969 1903 2432 1977 Romanorum
2480 1902 2911 1997 imperatoris
2948 1900 3088 1997 (⁴),
3144 1901 3394 1975 dilecto
3444 1901 3632 1977 fideli
3676 1912 3909 1977 nostro

1215 2024 1447 2097 abbati
1475 2024 1567 2097 de
1592 2025 1821 2097 Steine
1856 2025 2272 2100 indulsimus
2308 2033 2653 2098 monetam
2690 2024 2879 2120 apud
2916 2025 3148 2097 Steine
3178 2045 3220 2096 a
3253 2025 3454 2098 nobis
3496 2035 3568 2098 et
3610 2027 3902 2121 imperio
3937 2035 4039 2100 te-

1213 2147 1513 2220 nendam
1565 2156 1633 2219 et
1668 2149 1873 2240 juxta
1928 2169 2185 2222 morem
2233 2147 2544 2221 debitum
2598 2157 2668 2221 et
2710 2146 3270 2221 consuetudinem
3329 2147 3771 2243 approbatam
3821 2170 4039 2221 reno—

1209 2270 1515 2344 vandam
1542 2324 1561 2361 ,
1619 2270 2214 2365 quemadmodum
2274 2272 2618 2367 principes
2670 2272 2881 2345 nostri
2933 2280 3004 2345 et
3061 2271 3333 2368 imperii
3380 2293 3543 2344 suas
3584 2281 3893 2344 monetas
3949 2272 4040 2344 de

1208 2406 1435 2470 nostra
1476 2396 1695 2489 gratia
1727 2405 1795 2469 et
1831 2398 2279 2493 permissione
2309 2397 2488 2470 soliti
2522 2404 2685 2469 sunt
2717 2395 3108 2492 permittere
3143 2393 3290 2491 (sic)
3327 2404 3397 2467 et
3424 2416 3795 2486 renovare;
3840 2417 4036 2467 man-

1206 2520 1475 2608 dantes,
1520 2530 1686 2608 etc.‚
1729 2529 1800 2592 et
1830 2521 2282 2616 precipientes
2310 2530 2389 2592 ut
2425 2520 2659 2591 nullus
2703 2519 2793 2590 sit
2828 2516 3006 2616 [qui]
3039 2520 3265 2615 ipsum
3299 2519 3620 2592 abbatem
3654 2520 3728 2591 in
3764 2527 4037 2592 moneta

1205 2644 1337 2739 ipsi
1383 2664 1426 2715 a
1467 2642 1667 2714 nobis
1708 2651 1776 2714 et
1826 2641 2108 2715 domino
2148 2644 2560 2737 imperatore
2609 2641 2958 2714 licentiata
2991 2649 3060 2713 et
3096 2640 3367 2715 indulta
3399 2641 3653 2714 audeat
3700 2639 4036 2736 impedire

1281 2788 1326 2837 u
1362 2764 1812 2836 molestare...

1203 2787 1278 2838 ΒΘ
1302 2890 1552 2959 Datum
1600 2885 1791 2982 apud
1837 2886 2258 2980 Sibidatum,
2319 2909 2504 2962 anno
2550 2886 2824 2961 Domini
2874 2887 2969 2960 M.
2997 2882 3183 2985 [CC.]
3202 2885 3495 2978 XXXII,
3543 2885 3669 2958 XV
3706 2885 4035 2961 kalendas

1206 3011 1404 3102 maii,
1446 3009 1822 3083 indictione
1857 3012 1941 3082 V.

1314 3546 1722 3649 Henricu5‚
1764 3545 2286 3629 Romanorum
2329 3569 2502 3652 rex,
2541 3543 2821 3628 Sifrido
2867 3542 3425 3653 archiepiscopo
3468 3541 3913 3653 Maguntino
3956 3551 4033 3625 et

1208 3681 1566 3766 ecclesiae
1620 3678 1786 3789 ejus
1840 3677 2240 3786 confirmat
2273 3678 2764 3762 donationem
2807 3676 3274 3786 principatus
3311 3676 3664 3760 ecclesiae
3698 3675 4022 3760 Lauris—

1209 3814 1448 3899 sensis
1511 3840 1557 3896 a
1612 3822 1825 3922 patre
1877 3835 2016 3894 suo
2070 3811 2147 3892 in
2198 3837 2339 3894 sua
2373 3812 2797 3920 praesentia
2832 3811 3077 3893 eidem
3117 3808 3675 3918 archiepiscopo
3709 3809 3983 3890 factam
3996 3868 4015 3889 .
