4842 5802
865 584 1068 647 lamet.
1097 579 1181 667 9.]
1767 583 2162 646 HISTORIA
2210 586 2794 652 ntpnonm'rlcs.
3570 586 3691 649 895

971 1095 1396 1181 Fridericus
1422 1158 1446 1203 ,
1503 1097 2026 1181 Romanorum
2075 1097 2490 1207 imperator
2505 1160 2530 1206 ,
2584 1097 2922 1181 oblatam
2988 1093 3132 1178 sibi
3185 1121 3231 1177 a
3283 1093 3693 1179 Bertholdo

866 1229 1140 1313 abbate
1176 1228 1808 1315 Ottobeuernensi
1845 1229 2318 1313 advocatiam
2359 1229 2651 1340 praedii
2695 1226 3170 1311 Helchenriet
3204 1235 3576 1335 acceptat,
3616 1235 3692 1309 et

864 1371 1038 1472 post
1084 1372 1387 1473 tempus
1431 1371 1779 1446 accurate
1821 1362 2309 1472 designatum
2355 1387 2512 1444 una
2563 1386 2741 1445 cum
2797 1357 3189 1443 advocatia
3251 1358 3688 1443 monasterii

868 1495 1136 1579 usibus
1173 1493 1333 1578 suis
1370 1492 1793 1606 subjectam
1828 1520 1995 1577 esse
2028 1494 2393 1577 declarat.
2492 1584 2497 1591 .

1026 1706 1298 1786 (Editum
1325 1710 1389 1769 ln
1414 1707 1819 1769 Faunum
1837 1751 1856 1781 ,
1892 1686 2311 1770 ’Ottmbeurms
2333 1704 2713 1784 salu-bucher,
2743 1714 2787 1768 t.
2820 1707 2916 1780 11,
2943 1725 3006 1784 p.
3043 1714 3320 1767 373-375
3341 1749 3358 1778 ,
3388 1739 3471 1751 -
3500 1711 3561 1767 et
3585 1722 3683 1782 ap.

1103 1813 1369 1876 Manum.
1397 1814 1581 1884 Boio„
1606 1820 1655 1874 t.
1678 1813 1872 1890 XXX,
1895 1832 1960 1891 p.
1987 1822 2128 1887 249,
2150 1832 2315 1875 num.
2339 1813 2680 1892 DCCXLII,
2707 1830 2780 1873 ex
2809 1812 3076 1891 originali
3105 1815 3277 1890 cujus
3302 1813 3560 1890 sigillum
3586 1827 3687 1889 pe·

1104 1924 1206 1981 riit
1221 1965 1239 1995 ,
1270 1928 1612 1983 remanente
1635 1923 1901 1983 maxima
1925 1928 2090 1998 parte
2116 1921 2356 1984 filorum
2378 1924 2699 1983 sericorum
2719 1920 2883 1982 rubri
2908 1918 3170 1998 coloris.)

961 2101 1437 2204 Fr[idericus],
1486 2107 1608 2179 Dei
1657 2109 1876 2201 gratia
1916 2109 2380 2180 Romanorum
2435 2109 2801 2203 imperator
2846 2129 3113 2201 semper
3159 2116 3531 2200 augustus,
3580 2107 3693 2178 Je-

866 2230 1163 2301 rusalem
1198 2239 1269 2302 et
1303 2230 1556 2325 Sicylie
1590 2252 1746 2303 rex.
1787 2233 2047 2303 Tenore
2080 2232 2500 2326 presentium
2531 2240 2771 2303 notum
2809 2251 2961 2302 esse
2997 2231 3321 2301 volumus
3354 2228 3693 2302 universis

866 2351 1138 2446 imperii
1164 2351 1490 2426 fidelibus
1514 2362 1654 2425 tam
1691 2354 2128 2450 presentibus
2167 2377 2378 2448 quam
2425 2353 2672 2426 futuris
2719 2353 2912 2447 quod
2958 2353 3368 2425 constitutus
3408 2354 3479 2426 in
3524 2375 3689 2449 pre-

865 2474 1085 2547 sentia
1113 2487 1347 2550 nostra
1376 2477 1790 2551 Bertholdus
1821 2478 2234 2550 venerabilis
2265 2478 2486 2551 abbas
2514 2479 2604 2551 de
2630 2478 3141 2566 Utenbuoeren,
3173 2476 3396 2550 fidelis
3432 2488 3687 2570 noster,

864 2601 1091 2672 future
1135 2599 1621 2695 indempnitati
1670 2601 1780 2673 sui
1845 2602 2242 2674 monasterii
2296 2603 2663 2675 consulens
2710 2622 2921 2696 super
2969 2599 3211 2696 predio
3263 2602 3691 2674 Helcbenriet

864 2723 1055 2817 quod
1090 2744 1321 2796 comes
1349 2724 1697 2797 Gotfridus
1728 2724 1817 2797 de
1847 2726 2130 2798 Marstet
2161 2735 2230 2798 et
2256 2747 2437 2798 uxor
2465 2727 2618 2817 ejus
2646 2724 2935 2797 Berchta
2969 2746 3094 2819 pro
3125 2725 3432 2798 remedio
3463 2726 3693 2798 anime

863 2868 990 2920 sue
1028 2845 1215 2920 dicto
1267 2849 1679 2921 monasterio
1729 2850 2203 2940 contulerunt,
2246 2849 2753 2944 imperatoriam
2787 2850 3209 2941 majestatem
3257 2858 3554 2922 nostram
3600 2849 3690 2924 ad

863 2970 996 3042 hoc
1030 2971 1293 3065 eligens
1324 2971 1667 3045 concessit
1693 2971 1895 3044 nobis
1918 2970 2349 3044 advocatiam
2389 2972 2480 3044 de
2515 2972 2757 3067 predio
2783 2982 3157 3044 memorato
3190 2998 3208 3043 z
3247 2994 3329 3043 eo
3365 2973 3692 3046 videlicet

864 3103 1064 3188 pacto
1104 3103 1179 3166 ut
1222 3092 1561 3190 quamdiu
1615 3095 1965 3188 predictus
2016 3117 2246 3168 comes
2297 3105 2366 3167 et
2418 3117 2598 3168 uxor
2648 3098 2798 3188 ejus
2850 3095 3098 3167 Bertha
3139 3097 3683 3191 supervixerint,

863 3218 1121 3310 quibus
1167 3218 1432 3290 ratione
1484 3217 1796 3309 ejusdem
1846 3217 2214 3291 advocatie
2261 3217 2352 3291 de
2404 3216 2713 3313 predicto
2758 3220 3170 3289 monasterio
3219 3228 3402 3291 certa
3446 3221 3690 3314 pensio

863 3349 968 3410 est
1004 3339 1401 3433 designata,
1442 3342 1550 3412 vel
1592 3341 1926 3434 quamdiu
1961 3365 2004 3415 a
2050 3342 2444 3437 receptione
2480 3341 2663 3413 dicte
2712 3341 3065 3436 pensionis
3109 3342 3498 3415 voluntarie
3548 3364 3684 3415 non

866 3461 1198 3533 duxerint
1238 3463 1739 3555 recedendum,
1798 3465 2076 3537 nomine
2126 3465 2434 3559 predicte
2478 3466 2841 3538 advocatie
2887 3466 3097 3538 nichil
3146 3467 3423 3561 penitus
3468 3468 3687 3560 perci-

867 3604 1028 3677 pere
1071 3584 1474 3657 debeamus.
1526 3586 1888 3659 Ambobus
1923 3609 2089 3661 vero
2122 3600 2188 3661 et
2241 3590 2490 3662 comite
2535 3599 2604 3661 et
2636 3590 2980 3661 comitissa
3030 3588 3528 3661 decedentibus
3574 3592 3687 3663 vel

867 3708 1180 3802 pensioni
1228 3731 1357 3781 sue
1395 3709 1688 3781 totaliter
1729 3711 2316 3804 renuntiantibuS,
2355 3714 2474 3804 Jus
2520 3712 3025 3784 advocaticium
3074 3711 3164 3783 de
3211 3711 3399 3784 totali
3447 3711 3688 3805 predio

866 3834 1146 3905 transiet
1193 3833 1264 3903 in
1321 3854 1491 3904 usus
1543 3842 1846 3921 nostros,
1884 3855 1967 3906 eo
2009 3835 2168 3925 jure
2212 3845 2283 3906 et
2322 3834 2719 3908 conditione
2760 3835 3018 3927 quibus
3061 3834 3421 3908 advocatia
3469 3837 3689 3930 preli-

866 3957 1009 4028 bati
1045 3957 1439 4029 monasterii
1490 3957 1739 4029 nostris
1785 3958 2027 4030 usibus
2075 3968 2179 4030 est
2208 3958 2539 4051 subJecta.
2583 3958 2696 4032 Ad
2751 3959 2963 4051 hujus
3009 3960 3241 4054 itaque
3284 3961 3385 4032 rei
3428 3982 3688 4033 memo·

864 4079 1035 4152 riam
1070 4089 1141 4152 et
1165 4079 1378 4151 robur
1413 4079 1483 4151 in
1522 4088 1872 4174 posterum
1906 4082 2305 4168 valiturum,
2344 4102 2629 4175 presens
2659 4083 2990 4177 scriptum
3019 4083 3248 4175 sigillo
3280 4093 3507 4156 nostre
3542 4085 3690 4156 cel-

863 4196 1186 4270 situdinis
1214 4197 1505 4270 fecimus
1542 4197 1877 4270 roborari.

961 4323 1208 4394 Datum
1273 4321 1465 4416 apud
1526 4321 1872 4394 Gunzenle
1928 4320 2035 4418 (1)
2090 4320 2160 4392 in
2217 4323 2495 4414 castris,
2553 4344 2738 4395 anno
2796 4322 3138 4396 dominice
3199 4323 3684 4401 incarnationis

866 4444 1228 4520 millesimo
1268 4444 1741 4520 ducentesimo
1776 4444 2120 4519 tricesimo
2153 4453 2390 4538 sexto,
2442 4467 2680 4519 mense
2711 4446 2905 4539 julii,
2950 4467 3133 4520 none
3164 4447 3583 4522 indictionis.

877 4612 1211 4624 m----
1223 4617 2312 4627 —·-———-“n----—o-·—W.-·--—-ou—4
2321 4620 2342 4625 -
2351 4620 2371 4625 ο
2381 4619 2568 4626 ————---
2579 4619 2626 4627 ο--
2638 4619 3081 4627 -ψο-..φ

938 4695 1013 4771 (t)
1050 4696 1224 4756 Locus
1245 4697 1400 4773 juxta
1426 4698 1648 4760 fluvium
1673 4699 1815 4760 Lech
1843 4717 2010 4776 prope
2037 4700 2351 4775 Augustam,
2371 4700 2534 4760 hodie
2554 4702 2803 4761 desertus
2829 4702 3034 4761 scilicet
3054 4710 3272 4779 propter
3293 4703 3685 4779 inundationes,

3773 1103 4000 1199 Guffllle
4029 1156 4077 1199 ln

3760 1212 3942 1261 castris.
3958 1209 4092 1264 julio.
