4842 5802
1167 583 1288 643 973
2086 588 2339 648 INDEX
2387 589 3085 652 DOCUMENTORUM.

1194 787 1415 862 1256

1182 916 1416 974 martio.
1604 914 1781 1010 Apud
1937 946 2016 958 —
2053 914 2524 979 Controversiam
2548 921 2700 980 inter
2745 937 2808 980 ae
2848 927 2910 980 et
2947 920 3328 983 Bertboldum
3353 922 3839 1000 Argentinensem
3866 926 3993 1001 epi-

1484 992 1889 1071 Al’gflntmflm·
2011 1028 2255 1089 scopum
2284 1015 2386 1076 diu
2413 1019 2693 1093 agitatam
2737 1033 2842 1093 per
2877 1020 3358 1094 compositionem
3394 1022 3694 1093 terminat,
3724 1038 3844 1098 qua
3866 1023 3994 1098 ipse

2011 1108 2088 1169 ab
2113 1111 2384 1188 episcopo
2409 1114 2473 1170 in
2499 1112 2744 1173 feudum
2773 1115 2979 1189 recipit
3000 1116 3299 1175 civitatem
3322 1111 3675 1176 Mulbausen
3698 1132 3835 1177 cum
3859 1117 3994 1177 aliis

2006 1208 2466 1283 possessionibus
2491 1216 2551 1269 et
2577 1212 2836 1271 vicissim
2863 1211 3053 1271 eidem
3079 1213 3348 1289 episcopo
3375 1214 3674 1273 renuntiat
3697 1214 3762 1273 in
3787 1216 3994 1274 castris

2007 1308 2069 1363 et
2092 1305 2550 1380 possessionibus
2570 1306 2789 1367 ibidem
2817 1309 3128 1383 expressis.
3873 1318 3989 1370 814

1175 1406 1408 1465 martio.
1520 1397 1699 1474 Apud
1726 1397 1843 1459 Co-
1926 1431 2009 1446 —
2046 1400 2217 1462 Cives
2251 1403 2708 1479 Argentinenses
2735 1419 2842 1480 pro
2870 1404 3098 1465 devotis
3118 1420 3321 1464 eorum
3347 1406 3604 1465 servitiis
3629 1406 3694 1464 in
3720 1423 3830 1467 sua
3855 1422 3985 1483 spe-

1491 1477 1863 1538 lumbffl'iflm·
2006 1500 2139 1558 ciali
2173 1499 2509 1560 defensione
2540 1502 2776 1575 recipit,
2804 1517 3007 1560 eorum
3030 1503 3411 1576 proprietates
3437 1499 3514 1560 ab
3540 1503 3702 1561 omni
3729 1503 3989 1578 precaria

2004 1597 2234 1669 eximit,
2258 1600 2362 1672 jus
2388 1612 2508 1674 quo
2535 1603 2702 1657 extra
2728 1600 3030 1657 civitatem
3057 1600 3120 1656 in
3141 1597 3385 1674 judiciis
3410 1598 3565 1659 trahi
3588 1615 3710 1658 non
3736 1598 3989 1659 debeant

2002 1690 2341 1765 confirmat,
2369 1697 2568 1770 eisque
2593 1695 2709 1753 alia
2734 1695 3040 1772 privilegia
3062 1696 3416 1771 impertitur.
3868 1702 3984 1754 818

1922 1819 2002 1831 -
2042 1788 2278 1849 Civium
2330 1791 2848 1866 Argentinensium
2909 1792 3286 1850 mercimonia
3338 1807 3441 1866 per
3498 1791 3811 1866 imperium
3866 1790 3984 1850 de-

1174 1800 1206 1849 7
1236 1795 1411 1850 mart.
1586 1787 1765 1863 Apud

1493 1866 1854 1946 HflSGUOWO·
2003 1882 2267 1942 vehenda
2292 1885 2353 1942 in
2384 1899 2556 1943 suam
2583 1891 2645 1943 et
2669 1885 2898 1961 imperii
2918 1884 3228 1960 specialem
3252 1884 3498 1943 tutelam
3526 1885 3791 1960 suscipit.
3865 1892 3973 1943 821

1169 1987 1403 2044 martio.
1585 1980 1761 2055 Apud
1920 2010 2001 2022 —-
2040 1979 2133 2038 Ad
2176 1979 2659 2056 supplicationem
2702 1981 2861 2042 Petri
2902 1978 3370 2057 Raceburgensis
3410 1981 3701 2057 episcopi,
3737 1983 3844 2057 qni
3886 1981 3982 2039 in-

1492 2059 1852 2137 Hflssssuowe·
1998 2077 2343 2135 vestituram
2372 2076 2784 2152 temporalium
2809 2073 3098 2136 bonorum
3131 2076 3314 2153 hujus
3351 2076 3627 2136 ecelesiae
3669 2091 3706 2136 a
3745 2091 3810 2136 se
3848 2092 3983 2136 sus-

1996 2175 2184 2251 cepit,
2214 2189 2372 2247 eum,
2403 2189 2770 2233 successores
2795 2176 2955 2250 eius,
2991 2174 3314 2250 capitulum
3334 2215 3353 2245 ,
3383 2174 3895 2249 possessionesque
3921 2179 3983 2233 et

1988 2272 2128 2346 Jura
2154 2271 2431 2329 ecclesiae
2458 2269 2568 2330 sub
2598 2271 2958 2346 protectione
2997 2286 3107 2330 sua
3146 2276 3209 2329 et
3244 2271 3472 2347 imperii
3510 2271 3745 2345 recipit,
3786 2270 3978 2330 eidem

1993 2368 2269 2427 ecclesiae
2294 2366 2452 2426 bona
2476 2368 2676 2425 omnia
2698 2365 3077 2425 confirmans.
3687 2373 3827 2438 821,
3860 2374 3976 2426 822

1915 2495 1993 2508 -
2033 2463 2396 2523 Sententiam
2424 2461 2648 2521 Alberti
2666 2460 2741 2520 de
2757 2461 3099 2540 Rossewag,
3121 2461 3437 2537 imperialis
3462 2462 3660 2521 curiae
3685 2476 3826 2522 suae
3839 2465 3977 2539 jus-

1990 2561 2234 2631 ticiarii,
2258 2557 2459 2618 datam
2487 2559 2773 2635 Hagenau
2798 2567 2873 2618 20
2902 2557 3052 2619 febr.
3088 2566 3241 2619 1286
3270 2558 3608 2632 confirmat,
3638 2574 3758 2635 qua
3785 2560 3848 2618 in
3874 2559 3975 2618 lite

1989 2672 2141 2733 quae
2182 2658 2332 2715 inter
2373 2653 2649 2714 abbatem
2689 2654 2891 2715 Sancti
2921 2655 3076 2715 Galli
3098 2660 3159 2715 et
3182 2655 3460 2714 comitem
3482 2653 3557 2714 de
3579 2654 3975 2733 'roggenburg

1986 2752 2347 2825 vertebatur,
2376 2753 2556 2812 castri
2596 2752 2671 2812 de
2715 2751 3048 2829 Utznaberg
3082 2749 3331 2829 pacifica
3363 2753 3652 2827 possessio
3678 2751 3975 2830 praedicto

1987 2848 2185 2911 abbati
2209 2849 2604 2927 adjudicatur.
3855 2858 3973 2911 824

1176 2956 1370 3031 aprili.
1574 2951 1752 3028 Apud
1910 2979 1991 2993 —
2029 2947 2411 3024 Privilegium
2447 2963 2484 3006 a
2509 2963 2571 3006 se
2596 2947 2724 3021 ipso
2751 2945 2985 3006 civibus
3021 2946 3098 3006 de
3123 2944 3488 3006 Mollesheim
3517 2952 3781 3022 tempore
3805 2950 3971 3025 regni

1482 3030 1841 3108 Hflssemwe·
1988 3047 2083 3104 sui
2109 3060 2267 3103 anno
2291 3052 2440 3103 1220
2459 3043 2757 3103 indultum
2783 3050 3028 3103 renovat
3052 3050 3115 3103 et
3142 3043 3450 3103 inserendo
3477 3041 3806 3105 confirmat.
3853 3054 3965 3104 827

1140 3153 1212 3205 16
1239 3144 1410 3221 april.
1460 3143 1575 3220 Ap.
1604 3143 1857 3222 Spiram.
1907 3170 1991 3184 —
2027 3141 2307 3213 Querelas
2341 3155 2527 3215 papae
2566 3138 2869 3217 redarguit
2903 3138 2977 3198 de
3002 3140 3233 3215 injuriis
3260 3155 3412 3217 quae
3437 3141 3500 3199 in
3526 3156 3709 3217 regno
3734 3155 3842 3200 suo
3868 3156 3970 3201 ec-

1985 3237 2179 3297 clesiis
2222 3242 2283 3296 et
2319 3237 2593 3312 praelatis
2635 3234 2834 3295 illatae
2874 3235 3180 3308 dicuntur;
3211 3236 3288 3296 de
3322 3235 3627 3297 Saracenis
3678 3253 3821 3298 vero
3873 3236 3968 3298 Si-

1988 3333 2154 3393 ciliae
2201 3348 2352 3409 quos
2403 3332 2466 3390 in
2517 3332 2860 3407 capitanata
2910 3332 3051 3392 fecit
3102 3333 3318 3392 morari
3337 3376 3356 3406 ,
3387 3335 3628 3409 exponit
3679 3340 3967 3410 quantum

1983 3430 2048 3490 id
2082 3430 2494 3490 christianitati
2537 3428 2830 3506 proficiat3
2868 3437 3037 3508 rogat
3060 3431 3240 3490 etiam
3266 3446 3341 3489 ne
3373 3436 3576 3490 contra
3602 3432 3966 3493 veronenses

1984 3529 2090 3604 qui
2123 3543 2162 3588 a
2194 3528 2473 3588 societate
2497 3525 2964 3586 Lombardorum
3007 3528 3071 3586 in
3115 3523 3458 3586 fidelitatem
3499 3528 3730 3604 imperii
3770 3528 3968 3590 redie-

1980 3628 2153 3697 runt,
2183 3624 2851 3684 excommunicationem
2872 3624 3223 3683 immeritam
3246 3620 3419 3700 ferat,
3446 3628 3562 3683 etc.
3847 3632 3963 3685 828

1903 3752 1983 3766 -
2022 3720 2378 3780 Monasterio
2418 3719 2851 3779 Paterniacensi
2889 3715 3317 3796 (Peterlingen)
3360 3716 3672 3778 confirmat
3716 3720 3960 3795 privile-

1980 3820 2144 3896 gium
2170 3816 2363 3877 eidem
2408 3832 2446 3875 a
2490 3814 2786 3875 Friderico
2829 3817 3019 3891 primo
3060 3832 3174 3876 avo
3219 3830 3328 3875 suo
3377 3823 3450 3874 15
3496 3814 3775 3875 februarii
3807 3824 3958 3877 1153

1982 3930 2346 3985 concessum,
2363 3928 2485 3990 quo
2494 3914 2632 3989 jnra
2646 3917 2707 3971 et
2723 3914 3112 3987 possessiones
3128 3910 3392 3987 ejusdem
3402 3919 3795 3971 recensentur.
3842 3921 3957 3973 882

1900 4044 1983 4057 —-
2018 4012 2117 4072 Ad
2141 4010 2437 4088 querelam
2482 4008 2790 4068 hominum
2833 4007 2909 4067 de
2953 4007 3340 4083 Supramonte
3386 4009 3492 4084 qui
3535 4005 3611 4066 ab
3655 4007 3962 4087 Aldrigeto

1978 4112 2250 4187 episcopo
2278 4108 2623 4168 Tridentino
2667 4113 2726 4167 et
2771 4107 3239 4185 gastaldionibus
3273 4110 3401 4184 ejus
3427 4107 3833 4168 exactionibus
3860 4110 3956 4168 in·

1977 4207 2192 4269 debitis
2230 4204 2662 4283 gravabantur,
2708 4220 2863 4281 quae
2914 4207 3169 4265 rationes
3220 4204 3552 4264 moderatae
3604 4202 3681 4263 ab
3733 4204 3955 4265 eisdem

1976 4303 2316 4364 bominibus
2358 4308 2420 4361 et
2463 4299 2538 4360 ab
2585 4301 2718 4360 aliis
2751 4300 2906 4360 villis
2931 4301 3150 4362 ibidem
3176 4302 3493 4360 nominatis
3520 4300 3796 4360 ecclesiae
3822 4302 3956 4361 Tri-

1976 4400 2252 4460 dentinae
2277 4397 2591 4457 solvendae
2617 4398 2737 4457 sint
2763 4397 3002 4459 diffinit.
3836 4405 3951 4457 835

1170 4507 1362 4586 aprili.
1456 4501 1572 4578 Ap.
1593 4499 1848 4577 Spiram.
1896 4527 1980 4541 —
2019 4495 2167 4556 Cum
2195 4494 2534 4554 Airammus
2551 4494 2627 4554 de
2648 4494 2832 4555 Halse
2851 4511 2956 4571 pro
2977 4495 3211 4556 damnis
3233 4493 3655 4571 multiplicibus
3679 4493 3955 4554 ecclesiae

1977 4594 2224 4654 sanetae
2243 4592 2464 4652 Mariae
2482 4592 2794 4667 superioris
2808 4594 3142 4653 monasterii
3165 4594 3228 4651 in
3249 4591 3568 4666 Ratispona
3584 4589 3763 4649 illatis
3777 4590 3951 4649 satis-

1977 4689 2211 4750 fecisset
2235 4696 2292 4749 et
2319 4705 2423 4765 per
2448 4690 2721 4748 nuntium
2747 4688 3076 4750 abbatissae
3110 4690 3307 4750 curiae
3344 4686 3630 4764 imperiali
3663 4687 3949 4747 rationem

1159 2471 1395 2529 martio.
1578 2466 1753 2542 Apud

1484 2545 1846 2623 Hagenowe.

1167 3726 1359 3804 aprili.
1461 3728 1577 3804 Ap.
1596 3728 1849 3805 spiram.

1175 4020 1364 4097 aprili.
1461 4019 1579 4097 Ap.
1593 4017 1846 4096 spiram.
