4842 5802
1140 600 1262 662 800
2143 605 2571 667 anmucl
2621 606 2968 669 suenum
3589 608 3750 693 [Anu.
3786 610 3964 674 1235.

1234 732 1410 805 Acta
1440 742 1602 807 sunt
1630 732 1760 808 hec
1794 757 1979 810 anno
2012 734 2357 812 dominice
2390 739 2883 815 incarnationis
2916 739 3275 815 millesimo
3320 739 3793 817 ducentesimo
3836 744 3972 816 tri-

1137 855 1391 930 cesimo
1438 856 1719 951 quinto,
1768 880 2003 933 mense
2059 859 2479 954 decembris,
2543 884 2728 935 none
2780 862 3211 955 indictionis,
3259 863 3640 959 imperante
3685 863 3969 937 domino

1136 988 1368 1051 nostro
1400 979 1745 1054 Friderico
1768 982 1854 1074 Π,
1882 983 2007 1056 Dei
2036 985 2254 1078 gratia
2286 985 2722 1059 serenissimo
2742 987 3204 1060 Romanorum
3229 986 3664 1083 imperatore,
3693 1008 3969 1083 semper

1135 1111 1468 1195 auguste,
1506 1103 1881 1177 Jerusalem
1927 1115 1996 1178 et
2030 1107 2259 1179 Sicilie
2303 1128 2468 1202 rege
2491 1161 2510 1197 ,
2569 1130 2753 1181 anno
2803 1109 3071 1205 imperii
3120 1110 3271 1202 ejus
3317 1109 3611 1205 septimo
3654 1108 3957 1201 decimo,

1134 1224 1329 1319 regni
1366 1225 1740 1299 Jerusalem
1774 1227 2169 1324 undecimo,
2213 1231 2408 1325 regni
2457 1253 2624 1305 vero
2657 1232 2885 1305 Sicilie
2916 1232 3265 1328 trigesimo
3292 1232 3612 1329 septimo.

1228 1349 1478 1421 Datum
1509 1350 1937 1446 Hagenowe,
1975 1375 2185 1444 anno,
2223 1375 2458 1429 mense
2487 1365 2558 1427 et
2588 1354 2964 1429 indictione
2996 1356 3414 1453 prescriptis.

1557 1632 3520 1648 ’ψοᾙῌΜ-ῄ

762 1884 1046 2037 ffl'ss’
1122 1878 1697 2094 affifilissffiissif
1735 1880 2274 2095 {³1:³53}ssss
2307 1880 3954 2161 Ziffgissffiffiyfflsssfflssssefflssssffi⁰

1123 2143 1351 2225 castri
1406 2143 1503 2225 de
1554 2144 1980 2253 Interaquis
2043 2154 2118 2228 et
2173 2144 2503 2228 aliorum
2573 2073 2922 2228 locorum
2990 2153 3355 2254 perpetuo
3425 2146 3505 2227 in
3575 2078 3948 2231 vassallos

1116 2276 1485 2359 concedit.

1279 2489 1502 2564 (Edit.,
1530 2489 1635 2550 sed
1663 2489 1965 2563 mendose,
1992 2491 2057 2549 in
2082 2486 2313 2549 Bullar.
2346 2489 2504 2550 civit.
2532 2487 2843 2568 Avenion„
2869 2506 2932 2567 p.
2964 2498 3108 2562 1373
3137 2521 3215 2534 —
3241 2506 3335 2567 ap.
3370 2491 3653 2563 Boucmz,
3683 2490 3838 2552 Hist.
3871 2491 3944 2552 do

1353 2595 1666 2669 Provence,
1708 2599 1755 2656 t.
1784 2595 1877 2667 11,
1908 2610 1963 2671 p.
2001 2603 2179 2673 1065,
2216 2611 2292 2655 ex
2320 2595 2486 2655 arch.
2521 2596 2723 2655 comit.
2762 2596 3035 2656 venaiss.
3065 2625 3142 2639 —
3170 2594 3450 2655 Kmsm
3468 2638 3486 2669 ,
3516 2594 3804 2676 Anzeiqer
3821 2594 3944 2676 fiir

1348 2697 1563 2760 Kunde
1600 2696 1704 2758 der
1736 2697 2050 2759 Teutsclaen
2074 2700 2310 2773 vorzeit,
2344 2707 2494 2759 1835
2514 2742 2531 2773 ,
2563 2715 2617 2774 p.
2661 2706 2796 2758 133.
2827 2698 3003 2759 Nunc
3032 2698 3381 2761 exhibemus
3413 2717 3491 2761 ex
3527 2703 3798 2780 originali
3839 2719 3934 2780 ap.

1357 2804 1564 2864 Trdsor
1612 2801 1710 2864 des
1752 2802 2014 2880 charles,
2056 2806 2118 2864 in
2172 2804 2414 2864 archivo
2458 2803 2691 2877 imperil
2736 2803 3089 2876 Parislensi,
3127 2820 3263 2864 arca
3299 2805 3359 2864 J.
3401 2813 3549 2883 309,
3581 2814 3651 2865 n⁶
3697 2815 3800 2884 13,
3831 2808 3936 2868 ubi

1343 2911 1511 2970 adest
1536 2912 1796 2988 sigillum
1823 2913 2115 2988 integrum
2140 2909 2257 2968 filis
2282 2910 2480 2970 sericis
2500 2907 2665 2968 rubri
2691 2907 2901 2968 coloris
2927 2925 3270 2985 appensum.
3296 2910 3479 2971 Extat
3505 2928 3738 2990 quoque
3765 2916 3939 2990 copia

1350 3011 1590 3088 ibidem,
1619 3030 1756 3074 arca
1784 3015 1841 3074 J.
1876 3023 2017 3086 277,
2047 3023 2113 3073 n⁰
2147 3017 2232 3086 1.)

1198 3195 1590 3270 Fridericus
1623 3198 2007 3285 secundus,
2052 3197 2292 3271 divina
2330 3198 2606 3269 favente
2641 3196 3014 3269 clemencia
3057 3197 3518 3270 Romanorum
3563 3199 3932 3294 imperator

1102 3343 1374 3417 semper
1408 3331 1783 3415 augustu5‚
1842 3321 2216 3394 Jerusalem
2267 3329 2336 3394 et
2364 3318 2591 3391 Sicilie
2626 3342 2782 3393 rex.
2837 3319 2908 3392 Si
2952 3319 3356 3393 dilectorum
3413 3320 3722 3394 fidelium
3768 3346 3934 3397 nos—

1102 3456 1362 3519 trorum
1394 3445 1929 3540 supplicationes
1973 3455 2306 3519 eteorum
2340 3443 2670 3540 precipue
2695 3465 2869 3537 quos
2898 3452 2967 3516 et
2993 3453 3187 3538 grate
3223 3444 3610 3519 devotionis
3641 3447 3932 3520 affectus

1102 3579 1172 3642 et
1206 3569 1500 3642 servicia
1535 3569 1832 3662 gratiora
1869 3570 1943 3641 in
1974 3576 2343 3664 conspectu
2387 3576 2617 3641 nostre
2653 3567 3080 3640 celsitudinis
3131 3569 3644 3661 recomendant,
3676 3569 3930 3642 admit-

1099 3695 1310 3766 timus
1342 3693 1714 3765 liberaliter
1745 3701 1815 3765 et
1846 3695 2240 3785 clementer,
2274 3714 2357 3766 eo
2399 3694 2649 3765 nostris
2684 3701 2753 3764 et
2788 3692 3055 3788 imperii
3093 3691 3501 3764 utilitatibus
3548 3694 3927 3767 consultius

1096 3816 1548 3912 providemus
1577 3838 1718 3911 quo
1746 3818 1937 3912 quod
1970 3818 2092 3889 uni
2127 3817 2217 3890 de
2243 3818 2478 3890 innata
2509 3816 2980 3913 impendimus
3007 3815 3266 3910 gracia,
3304 3816 3399 3889 ad
3429 3818 3662 3913 plures
3704 3828 3927 3892 trans-

1099 3940 1412 4013 funditur
1445 3961 1568 4033 per
1603 3941 2028 4034 exemplum,
2060 3950 2129 4012 et
2162 3940 2264 4012 sic
2296 3941 2550 4012 multos
2588 3939 2681 4012 ad
2719 3949 3018 4011 nostram
3056 3947 3126 4012 et
3165 3939 3437 4035 imperii
3473 3938 3922 4015 devocionem

1096 4087 1221 4159 per
1263 4064 1685 4136 liberalitatis
1731 4063 2068 4137 desteram
2110 4085 2508 4137 evocamus.
2554 4063 2722 4136 Inde
2765 4072 2870 4136 est
2913 4063 3105 4158 qnod
3142 4084 3266 4135 nos
3300 4062 3732 4136 attendentes
3776 4065 3924 4135 sin-

1096 4209 1320 4260 ceram
1364 4197 1432 4259 et
1476 4209 1717 4282 puram
1765 4186 2216 4261 devocionem
2264 4208 2477 4280 quam
2543 4186 2999 4281 Raymundus
3058 4184 3339 4257 illustris
3397 4207 3627 4258 comes
3666 4186 3925 4258 Tholo-

1094 4333 1336 4403 sanuS,
1381 4310 1674 4388 dilectus
1717 4309 1943 4381 affinis
1981 4319 2049 4382 et
2086 4308 2305 4382 fidelis
2340 4317 2594 4400 noster,
2633 4331 2796 4402 erga
2833 4309 3319 4381 excellenciam
3350 4318 3652 4380 nostram
3683 4308 3918 4395 habet,

1090 4454 1358 4507 necnon
1408 4442 1600 4527 grata
1650 4433 1816 4506 satis
1866 4442 1936 4505 et
1983 4442 2260 4528 accepta
2293 4431 2586 4505 servicia
2626 4453 2764 4525 que
2806 4432 3007 4505 nobis
3045 4441 3112 4504 et
3143 4431 3433 4527 imperio
3467 4430 3715 4504 devote
3758 4453 3924 4526 pre-

1082 4557 1254 4629 stitit
1285 4557 1617 4630 hactenus
1654 4572 1723 4629 et
1757 4565 2060 4652 prestare
2091 4555 2338 4651 poterit
2379 4555 2453 4626 in
2479 4562 2681 4627 antea
2713 4554 3037 4648 gratiora,
3061 4553 3154 4628 de
3191 4553 3660 4628 munificentie
3689 4563 3924 4627 nostre

1079 4682 1301 4776 gratia
1340 4705 1479 4777 qua
1522 4681 1980 4756 benemeritos
2027 4680 2269 4755 fideles
2325 4688 2594 4753 nostros
2640 4680 2941 4774 benigne
2996 4702 3269 4777 semper
3322 4691 3392 4756 et
3450 4681 3917 4755 favorabiliter
