4842 5802
1204 637 1329 699 644
2253 642 2601 704 nauium
2645 643 2980 704 sarum
3660 643 3818 722 [Ama.
3855 644 4027 707 1234„

1648 915 1893 924 m-Q-—Q

781 1212 1156 1317 fquffl›
1312 1200 1712 1307 HenricuS‚
1752 1201 2270 1285 Romanorum
2321 1230 2493 1310 rein,
2547 1205 2647 1286 ad
2701 1205 3257 1313 querimoniam
3302 1204 3841 1286 canonicorum
3875 1227 4019 1284 ec-

1202 1333 1474 1416 clesiae
1520 1334 1719 1415 beati
1766 1334 2078 1418 Servatii
2132 1335 2213 1415 in
2268 1335 2641 1445 TrajectO,
2680 1363 2773 1418 ex
2827 1338 3194 1419 sententia
3235 1338 3664 1446 principum
3699 1337 4016 1418 denun-

1200 1466 1334 1549 tiat
1370 1465 1808 1573 episcopum
1842 1466 2330 1550 Leodiensem
2367 1468 2663 1551 nullam
2690 1468 3291 1579 jurisdictionem
3325 1470 3606 1553 habere
3640 1470 3719 1549 in
3746 1469 4013 1551 eadem

1200 1598 1514 1682 ecclesia
1577 1624 1775 1707 quae
1834 1624 2041 1681 mere
2110 1610 2185 1681 et
2234 1599 2470 1683 libere
2541 1601 2640 1682 ad
2712 1601 3117 1710 imperium
3169 1602 3699 1685 tantummodo
3758 1599 4009 1709 perti-

1196 1757 1376 1813 nere
1420 1730 1867 1838 dinoscitur,
1910 1730 2283 1840 illumque
2338 1758 2480 1840 pro
2534 1733 2880 1841 expensis
2933 1733 3014 1813 in
3066 1744 3374 1817 centum
3431 1733 3709 1816 marcis
3763 1731 4007 1815 Colo-

1191 1863 1582 1947 niensibus
1616 1865 2098 1946 condemnat.

1354 2077 1562 2158 (Edid.
1618 2078 1928 2152 siminus,
1981 2079 2150 2159 Oper.
2202 2076 2473 2159 diplom„
2519 2086 2664 2140 tom.
2721 2080 2828 2156 IV,
2873 2098 2936 2157 p.
2985 2089 3131 2157 237,
3170 2082 3303 2142 coll.
3344 2097 3480 2142 cum
3523 2080 3776 2141 chartul.
3825 2079 3997 2143 MSS.

1433 2186 1498 2247 S.
1529 2184 1783 2258 Servat„
1815 2188 1875 2245 in
1904 2184 2176 2246 biblioth.
2207 2186 2426 2261 Paris„
2456 2194 2503 2248 t.
2535 2189 2589 2262 Ι,
2615 2186 2721 2250 fol.
2757 2197 2832 2249 34
2860 2194 3040 2263 recto,
3071 2194 3133 2249 et
3155 2195 3304 2249 tom.
3334 2188 3447 2262 111,
3471 2185 3576 2247 fol.
3603 2195 3680 2247 46
3707 2184 3920 2264 recto.)

1283 2368 1651 2460 Henricus,
1694 2368 1825 2441 Dei
1861 2369 2081 2462 gratia
2125 2370 2587 2442 Romanorum
2631 2392 2758 2442 rex
2807 2392 3077 2467 semper
3120 2341 3489 2465 augustus,
3546 2367 3870 2441 omnibus
3922 2366 3997 2437 in

1182 2502 1617 2587 perpetuum.
1651 2492 1823 2565 Cum
1865 2492 2159 2565 dilectus
2194 2494 2587 2588 capellanus
2628 2503 2857 2566 noster
2890 2493 3172 2589 Sybodo
3218 2493 3562 2587 Aquensis
3597 2491 3901 2564 decanus
3926 2496 3995 2562 et

1178 2616 1551 2688 canonicus
1576 2615 1869 2687 ecclesie
1907 2615 2089 2688 beati
2120 2616 2409 2687 Servatii
2438 2617 2510 2686 in
2547 2616 2849 2707 Trajecto
2875 2637 2959 2688 ac
2992 2616 3195 2688 ceteri
3235 2614 3680 2707 Trajectensis
3711 2612 3994 2687 ecclesie

1179 2739 1489 2811 canonici
1523 2737 2007 2831 conquerendo
2043 2748 2547 2831 proposuerunt
2576 2739 2810 2832 sepius
2854 2760 3084 2812 coram
3128 2739 3328 2811 nobis
3353 2738 3544 2833 quod
3580 2738 3995 2812 venerabilis

1178 2863 1498 2958 princeps
1543 2870 1772 2933 noster
1813 2861 2212 2935 Leodiensis
2258 2862 2625 2958 episcopus
2679 2882 2887 2956 super
2938 2862 3153 2958 ipsam
3199 2862 3556 2935 ecclesiam
3593 2870 3890 2934 nostram
3925 2870 3994 2934 et

1177 2985 1457 3058 eosdem
1490 2985 1856 3058 canonicos
1884 2987 2270 3080 capellanos
2297 2997 2565 3060 nostros
2596 3008 2734 3059 non
2767 2987 2991 3059 solum
3033 2986 3162 3058 sibi
3189 2985 3733 3078 jurisdictionem
3760 2995 3994 3057 contra

1169 3109 1504 3202 justitiam
1540 3109 1938 3202 usurpavit,
1994 3132 2235 3182 verum
2290 3110 2497 3182 etiam
2548 3110 2958 3182 authoritate
2987 3109 3262 3205 propria
3316 3108 3407 3181 de
3442 3111 3655 3198 facto,
3711 3129 3870 3179 cum
3902 3110 3992 3182 de

1170 3234 1328 3326 jure
1354 3231 1776 3325 nequiverit,
1819 3242 2055 3305 contra
2085 3233 2428 3306 libertates
2457 3234 2677 3329 ipsius
2694 3234 2980 3307 ecclesie
3016 3256 3099 3306 ac
3132 3234 3203 3305 in
3230 3231 3691 3327 prejudicium
3721 3232 3993 3326 imperii

1176 3363 1245 3426 et
1281 3365 1587 3428 nostrum
1623 3356 1694 3429 in
1724 3378 1848 3429 eos
1879 3357 2608 3430 excommunicationis
2637 3358 3040 3430 sententiam
3069 3356 3571 3453 promulgavit,
3625 3356 3796 3429 alias
3824 3356 3993 3451 ipsis

1177 3478 1550 3571 injuriosus
1585 3481 1891 3552 existens
1915 3481 2289 3574 plurimum
2306 3491 2375 3555 et
2399 3483 2762 3572 molestuS,
2802 3504 2933 3554 nos
2950 3503 3111 3554 eum
3139 3481 3231 3554 ad
3259 3480 3670 3577 presentiam
3690 3489 3991 3552 nostram

1174 3602 1538 3675 citavimus
1571 3626 1780 3699 super
1815 3625 1935 3694 e0,
1971 3605 2172 3676 certis
2212 3614 2281 3678 et
2324 3606 2650 3699 legitimis
2682 3607 2744 3679 ei
2777 3606 3086 3678 terminis
3124 3604 3511 3699 assignatis,
3552 3603 3722 3676 Cum
3759 3614 3991 3677 autem

1173 3725 1247 3798 in
1278 3726 1517 3799 ultimo
1554 3728 2011 3824 peremptorio
2052 3729 2244 3824 apud
2293 3730 2609 3803 Luteram
2650 3753 2790 3802 non
2828 3730 3275 3826 personaliter
3315 3730 3811 3824 comparuisset
3860 3750 3989 3801 nec

1172 3849 1422 3944 aliquis
1478 3852 1891 3944 responsalis
1942 3874 2068 3947 pro
2122 3874 2239 3944 ec,
2309 3863 2377 3926 et
2435 3856 2797 3947 probatum
2860 3855 3103 3928 suisset
3153 3854 3568 3926 sufficienter
3615 3873 3738 3945 per
3785 3860 3988 3923 testes

1171 3972 1458 4045 idoneos
1491 3996 1719 4046 coram
1752 3975 1952 4048 nobis
1979 3976 2169 4070 quod
2198 3987 2361 4049 tunc
2379 3976 2973 4071 deberemusipsis
2999 3976 3349 4050 canonicis
3371 3977 3595 4047 facere
3616 3973 3978 4063 jastitiam‚

1171 4097 1336 4189 quia
1362 4097 1865 4191 querimoniam
1893 4120 2100 4171 cause
2125 4120 2254 4170 sne
2272 4100 2464 4190 juste
2488 4108 2558 4170 et
2585 4100 3077 4174 rationabiliter
3098 4097 3444 4193 prosecuti
3477 4095 3798 4185 fuissent;
3836 4093 3987 4166 dif-

1171 4217 1527 4291 finivimus
1554 4241 1678 4315 per
1714 4222 2142 4309 sententiam,
2182 4242 2226 4292 a
2278 4220 2706 4316 principibus
2743 4231 2810 4294 et
2859 4223 3295 4315 magnatibus
3338 4218 3460 4312 qui
3500 4229 3665 4288 tunc
3700 4216 3986 4289 aderant

1172 4344 1644 4438 approbatam,
1707 4342 1900 4437 quod
1946 4364 2075 4415 nec
2105 4343 2292 4416 idem
2328 4343 2697 4439 episcopus
2743 4365 2872 4416 nec
2906 4345 3158 4437 aliquis
3197 4362 3668 4415 successorum
3700 4360 3983 4411 suorum

1168 4466 1425 4539 habeat
1452 4468 1567 4539 vel
1593 4466 1846 4539 babere
1871 4466 2119 4539 debeat
2148 4467 2218 4537 in
2245 4467 2491 4540 eadem
2519 4468 2804 4540 ecclaeia
2832 4479 3060 4540 nostra
3081 4467 3383 4561 aliquam
3403 4463 3977 4556 jurisdictionem,

1170 4590 1336 4682 quia
1370 4611 1559 4662 mere
1592 4599 1662 4663 et
1688 4591 1902 4664 libere
1939 4565 2203 4664 tantum
2238 4591 2329 4663 ad
2366 4592 2727 4686 imperium
2772 4600 2842 4664 et
2892 4592 2983 4665 ad
3019 4613 3146 4664 nos
3175 4589 3554 4663 dinoscitur
3603 4587 3975 4683 pertinere,

1171 4712 1349 4784 sicut
1386 4723 1650 4787 constat
1681 4735 1773 4787 ex
1798 4714 2093 4788 diversis
2128 4714 2508 4809 privilegiis
2540 4716 2768 4790 eidem
2800 4715 3089 4790 ecclesie
3120 4714 3403 4788 indultis
3446 4734 3489 4785 a
3535 4712 3787 4785 nostris
3822 4732 3979 4806 pro-
