4842 5802
843 637 1041 695 rumor.
1074 631 1162 710 9.]
1302 708 1303 713 Ν
1746 628 2140 692 ffls‘romA
2188 625 2776 691 nrrLoMA‘ncA.
3559 618 3714 678 -ι-ι-ι.

959 1287 1372 1397 Gregorius
1419 1311 1622 1394 papa
1655 1283 2187 1392 Ratisponensi
2223 1294 2298 1367 et
2347 1279 2897 1367 Hildesemensi
2942 1279 3310 1388 episcopis
3363 1282 3680 1364 mandat
3727 1362 3783 1403 24

850 1430 939 1502 ut
965 1419 1188 1529 juxta
1241 1418 1587 1527 priorum
1642 1417 2185 1499 continentiam
2237 1415 2665 1498 litterarum
2730 1437 3046 1495 suarum
3069 1472 3093 1518 ,
3150 1412 3230 1492 in
3285 1411 3676 1522 episcopos

850 1552 1472 1661 Herbipolensem
1546 1560 1623 1633 et
1693 1551 2253 1661 Augustensem
2279 1610 2303 1656 ,
2379 1549 2838 1631 Fuldensem
2909 1543 3264 1628 abbatem
3334 1555 3411 1628 et
3489 1545 3678 1628 alios

851 1709 1149 1768 necnon
1195 1684 1277 1766 in
1321 1684 1964 1770 Wormatiensem
2015 1684 2340 1767 electum
2389 1691 2466 1765 et
2505 1680 2940 1763 Devardum
2984 1678 3434 1761 canonicum
3479 1678 3681 1762 Her-

851 1816 1353 1927 bipolensem,
1387 1818 1523 1927 qui
1562 1816 1841 1900 similia
1875 1817 2476 1926 praesumpsisse
2510 1816 2899 1923 dicuntur,
2930 1812 3140 1897 omui
3179 1812 3681 1922 appellatione

851 1951 1270 2059 postposita
1304 1951 1745 2059 procedant.

1019 2188 1245 2269 (Edidit
1269 2192 1541 2263 Horum,
1572 2189 1785 2251 Kaisar
1799 2189 1998 2250 Fn'ed.
2029 2191 2110 2265 11,
2140 2190 2410 2263 docum„
2442 2206 2505 2267 p.
2541 2198 2677 2262 851,
2709 2198 2776 2248 n⁰
2807 2198 2916 2263 21;
2946 2204 3023 2250 ex
3051 2194 3266 2267 regest.
3290 2187 3529 2266 Gregor.
3563 2188 3675 2261 IX,

1091 2313 1228 2357 ann.
1260 2296 1368 2370 IX,
1395 2306 1462 2358 11⁰
1492 2295 1662 2376 232.)

954 2509 1371 2603 GregoriuS,
1432 2518 1598 2597 etc.,
1651 2506 2130 2603 Ratisponensi
2187 2505 2563 2601 imperialis
2616 2507 2776 2577 aule
2826 2505 3233 2578 cancellario
3294 2515 3364 2577 et
3410 2506 3687 2580 Ildese-

854 2632 1076 2703 mensi
1129 2632 1502 2727 episcopis,
1555 2641 1688 2703 etc.
1731 2632 1907 2703 Olim
1964 2629 2203 2703 audito
2248 2629 2443 2724 quod
2485 2628 2914 2702 venerabiles
2958 2630 3194 2701 fratres
3239 2629 3453 2701 nostri
3511 2632 3686 2703 Her-

857 2755 1237 2851 bipolensis
1291 2765 1363 2827 et
1407 2754 1860 2849 Augustensis
1906 2753 2214 2849 episcopi
2257 2775 2341 2825 ac
2389 2752 2606 2824 abbas
2638 2752 3067 2839 VultuensiS,
3116 2753 3446 2825 oblivioni
3488 2775 3683 2826 com-

857 2878 1066 2952 misso
1112 2877 1303 2974 quod
1358 2879 1754 2953 carissimus
1804 2878 1873 2950 in
1931 2877 2196 2950 Christo
2254 2875 2442 2948 filius
2497 2885 2730 2949 noster
2785 2876 3170 2950 Fridericns
3223 2877 3686 2951 Romanorum

857 3004 1251 3099 imperator,
1304 3014 1474 3092 etc„
1526 3003 1851 3098 provisus
1882 3025 1924 3075 a
1960 3002 2253 3074 Domino
2288 3001 2592 3073 Ecclesie
2635 3000 2724 3072 sit
2761 3001 3078 3073 defensor
3115 3008 3183 3072 et
3231 3000 3579 3096 quidquid
3614 3003 3687 3075 in

855 3129 1204 3223 prosperis
1264 3128 1377 3200 vel
1441 3126 1734 3199 sinistris
1787 3126 1888 3197 illi
1944 3125 2280 3199 advenire
2342 3125 2760 3214 dinoscitur,
2821 3123 3043 3219 ipsius
3121 3125 3427 3200 Ecclesie
3487 3129 3688 3222 quasi

858 3251 1211 3345 proprium
1241 3231 1624 3346 reputetur,
1656 3250 2029 3342 juramenti
2062 3270 2203 3342 quo
2252 3251 2574 3320 tenentur
2611 3247 2838 3321 eidem
2888 3247 3221 3341 religione
3254 3258 3681 3346 contempta,

857 3373 1067 3444 nobili
1122 3373 1278 3444 viro
1331 3374 1625 3445 Henrico
1697 3381 1859 3444 nato
1926 3394 2057 3444 suo
2107 3380 2343 3443 contra
2407 3392 2681 3443 omnem
2738 3369 3087 3442 hominem
3138 3373 3432 3465 prestitis
3475 3376 3691 3465 J’ura-

857 3496 1107 3567 mentis
1142 3495 1586 3586 adheserant,
1630 3495 1877 3568 dantes
1924 3517 2202 3566 causam
2253 3504 2331 3566 ut
2380 3503 2599 3566 status
2643 3493 2831 3565 orbis
2882 3493 3000 3565 illo
3052 3515 3393 3566 concursu
3443 3495 3688 3569 discri-

858 3616 1064 3688 minis
1097 3616 1518 3705 turbaretur,
1551 3617 1743 3710 quod
1780 3638 1909 3689 nec
1947 3617 2145 3688 facile
2176 3616 2424 3710 corrigi
2454 3638 2582 3688 nec
2608 3616 2839 3688 multis
2874 3627 3110 3711 posset
3133 3617 3481 3690 laboribus
3508 3621 3681 3693 abo-

858 3739 1021 3831 leri3
1056 3738 1459 3811 fraternitati
1484 3747 1711 3813 vestre
1736 3737 2011 3811 dedisse
2039 3738 2404 3810 recolimus
2432 3739 2503 3808 in
2532 3739 2873 3832 preceptis
2894 3748 2971 3809 ut
2999 3739 3323 3833 inquisita
3350 3764 3557 3837 super
3579 3744 3688 3818 bis

860 3861 1258 3955 diligentius
1290 3862 1613 3952 veritate,
1652 3862 1711 3934 si
1744 3869 2085 3934 constaret
2106 3860 2308 3934 vobis
2332 3883 2475 3933 rem
2510 3860 2733 3933 taliter
2763 3882 2839 3934 se
2860 3861 3142 3952 habere,
3185 3864 3356 3958 ipsis
3379 3887 3469 3937 ex
3498 3879 3689 3961 parte

859 3996 1089 4058 nostra
1118 3983 1401 4058 firmiter
1437 3986 1798 4081 injungere
1833 3984 2163 4057 curaretis
2205 3994 2282 4056 ut
2325 3984 2502 4056 infra
2534 3984 2713 4058 duos
2751 4006 3022 4058 menses
3057 3996 3212 4079 post
3237 3986 3682 4062 monitionem

857 4118 1157 4181 vestram
1189 4110 1530 4204 recepturi
1562 4131 1688 4205 pro
1719 4109 1980 4182 meritis
2001 4107 2386 4204 Apostolice
2414 4109 2617 4182 Sedis
2643 4131 2719 4181 se
2746 4110 3145 4204 conspectui
3176 4121 3677 4206 presentarent3

856 4231 1166 4325 alioquin
1205 4252 1326 4304 eos
1355 4230 1446 4304 ad
1481 4231 1555 4305 id
1591 4231 1992 4305 auctoritate
2018 4239 2246 4304 nostra
2285 4231 2419 4303 sub
2444 4231 2843 4327 Apostolica
2877 4232 3272 4306 obedientia
3293 4236 3626 4329 cogeretis
3654 4265 3677 4327 ;

856 4353 942 4423 D.
968 4353 1387 4447 prepositum
1422 4354 1514 4428 de
1545 4356 1837 4449 Hougue
1864 4364 1934 4426 et
1948 4355 2347 4427 vualterum
2379 4354 2470 4427 de
2494 4356 2932 4450 Tanemburg
2965 4358 3328 4430 canonicos
3349 4360 3683 4457 Herbipo-

860 4473 1117 4566 lense5‚
1155 4477 1277 4569 qui
1310 4476 1779 4549 Mediolanum
1812 4486 2045 4551 contra
2081 4477 2562 4574 imperatorem
2604 4479 2929 4552 eumdem
2968 4481 3180 4553 ivisse
3222 4480 3312 4553 de
3354 4483 3681 4557 mandato

861 4596 1027 4668 dicti
1077 4598 1331 4670 nobilis
1393 4600 1824 4695 ferebantur,
1865 4623 2234 4698 suspensos
2285 4602 2376 4676 ab
2432 4601 2658 4675 officio
2715 4612 2785 4675 et
2848 4601 3202 4676 beneficiis
3248 4604 3343 4678 ad
3379 4616 3682 4682 nostram

862 4718 1099 4791 venire
1154 4723 1565 4815 presentiam
1622 4747 1747 4820 per
1806 4746 2163 4799 censuram
2211 4726 2738 4800 ecclesiasticam
2796 4728 3252 4825 appellatione
3306 4731 3687 4827 postposita

1055 4841 1164 4904 IV.
1206 4859 1318 4904 Pan
1342 4859 1385 4902 2
3287 4859 3365 4912 98

3821 1307 3972 1350 Aesim

3805 1340 4090 1415 septembris.
