4842 5802
917 615 1112 675 Innio-r.
1145 614 1233 690 9.]
1809 608 2203 669 HISTORIA
2258 610 2843 674 mPLOMATIcA.
3617 608 3737 670 875

922 750 1167 821 iterum
1212 746 1301 820 de
1346 744 1632 817 consilio
1677 744 2053 816 beatissimi
2104 746 2315 840 patris
2364 747 2577 819 nostri
2619 747 2925 841 Gregorii
2967 747 3217 818 summi
3251 743 3591 841 pontificis
3624 745 3732 815 in-

920 872 1228 945 diximus
1255 868 1519 941 curiam
1541 868 1956 961 generalem,
1975 869 2109 940 sub
2132 870 2374 942 inermi
2400 872 2875 943 tantummodo
2900 880 2968 943 et
2983 870 3358 944 domestico
3375 870 3724 961 comitatu,

919 1006 996 1067 ut
1031 998 1235 1066 timor
1266 1014 1609 1066 armorum
1645 1002 1714 1064 et
1753 991 2023 1065 occasio
2047 993 2292 1066 frivola
2328 995 2700 1068 tolleretur.
2744 996 2820 1065 In
2853 1017 2992 1088 qua
3027 995 3284 1067 nedum
3314 994 3506 1088 quod
3532 996 3729 1066 Lom-

919 1120 1113 1191 bardi
1150 1117 1438 1213 predicti
1477 1116 1863 1189 devotionis
1889 1125 1958 1190 et
1985 1094 2377 1190 ohedientie
2403 1119 2605 1190 nobis
2635 1118 2834 1211 signa
2869 1117 3382 1213 pretenderent,
3417 1118 3629 1191 immo
3657 1120 3728 1190 in

916 1243 1136 1316 oculis
1168 1243 1416 1315 nostris
1452 1242 1594 1314 fere
1629 1240 1976 1313 civitatem
2027 1243 2294 1315 Verone
2349 1254 2418 1313 et
2450 1244 2799 1316 Ezelinum
2853 1240 2943 1313 de
2978 1242 3308 1333 Romano,
3348 1252 3513 1315 tunc
3542 1254 3731 1316 tem-

917 1367 1103 1462 poris
1153 1366 1245 1439 ad
1302 1375 1531 1439 nostre
1593 1364 1943 1438 fidelitatis
2002 1365 2411 1459 obsequium
2468 1366 2736 1438 noviter
2794 1375 3150 1437 revocatos
3212 1364 3353 1461 (l),
3403 1367 3730 1439 extractis

916 1511 1156 1565 eorum
1215 1490 1584 1563 carrochiis
1643 1489 1980 1562 violenter
2033 1490 2361 1562 invadere
2410 1491 2826 1581 nitebantur,
2864 1490 2955 1561 ad
2999 1491 3448 1562 reverentiam
3504 1500 3733 1564 nostre

915 1617 1257 1711 presentie
1289 1615 1479 1686 nullo
1531 1613 1766 1686 habito
1813 1614 2096 1686 omnino
2145 1623 2506 1708 respectu3
2573 1635 2924 1685 accessum
2979 1614 3186 1688 etiam
3228 1611 3351 1686 filii
3386 1614 3597 1686 nostri
3638 1613 3731 1686 ad

916 1760 1041 1812 nos
1087 1741 1207 1812 ‚vel
1245 1747 1553 1812 nostrum
1603 1737 1693 1810 ad
1727 1759 1886 1810 eum
1918 1760 2041 1833 per
2093 1746 2304 1810 terras
2353 1748 2423 1810 et
2470 1738 2620 1810 vias
2656 1739 2923 1833 imperii
2974 1760 3112 1832 que
3149 1738 3273 1811 etsi
3318 1747 3546 1811 nostre
3595 1739 3734 1809 sint

917 1865 1226 1959 proprie,
1288 1873 1513 1935 tamen
1554 1862 1877 1935 omnibus
1931 1871 2093 1933 sunt
2144 1882 2581 1953 communes,
2642 1862 2873 1935 denuo
2905 1863 3377 1958 prohibentes,
3421 1862 3514 1934 ita
3539 1860 3729 1955 qnod

918 1988 1128 2081 patris
1151 1987 1394 2059 oculus
1429 1995 1599 2057 tunc
1624 1987 1951 2079 temporis
1975 1986 2180 2057 etiam
2215 1984 2433 2058 filium
2466 2007 2601 2059 non
2623 1986 2919 2059 vidisset
2947 1986 3079 2058 nisi
3116 1985 3306 2079 quod
3325 1986 3556 2057 navali
3579 2006 3731 2079 pre·

915 2110 1128 2203 sidio,
1175 2132 1406 2183 amore
1444 2119 1725 2205 paterno
1759 2110 1882 2204 qui
1912 2110 2242 2182 contineri
2277 2131 2414 2182 non
2451 2119 2709 2205 poterat
2744 2111 3103 2200 stimulati,
3144 2132 3269 2183 nos
3294 2110 3727 2204 Aquilegiam

915 2235 1048 2306 sub
1073 2237 1280 2307 maris
1300 2235 1514 2307 dubia
1538 2244 1717 2306 sorte
1741 2235 2183 2324 contulimus,
2211 2244 2286 2305 ut
2309 2234 2695 2328 predictum
2724 2234 2941 2307 filium
2969 2246 3273 2307 nostrum
3298 2244 3366 2307 et
3389 2234 3731 2329 principes

914 2358 1035 2450 qui
1072 2356 1165 2429 ad
1198 2379 1323 2429 nos
1358 2358 1608 2430 devote
1631 2379 1707 2429 se
1738 2359 2167 2430 contulerant
2198 2357 2621 2431 videremus,
2661 2359 2802 2431 Nec
2827 2356 3057 2429 adhuc
3107 2357 3327 2430 defuit
3369 2358 3729 2430 clementie

914 2492 1142 2554 nostre
1200 2482 1577 2554 constantia
1630 2482 1799 2574 quin
1851 2481 2312 2575 aggressionis
2373 2482 2637 2554 hostilis
2694 2483 2922 2554 furore
2973 2481 3319 2576 deposito,
3381 2482 3628 2553 iterum
3660 2491 3731 2555 et

911 2626 1191 2677 causam
1225 2607 1446 2700 ipsam
1469 2606 2048 2679 committeremus
2064 2607 2342 2678 arbitrio
2365 2607 2665 2679 Ecclesie
2692 2606 3218 2679 terminandam.
3246 2608 3353 2677 Ex
3387 2628 3470 2679 eo
3499 2617 3726 2681 tamen

911 2729 1100 2801 unde
1135 2728 1559 2801 credidimus
1591 2730 2036 2801 humanitatis
2081 2730 2339 2803 eisdem
2398 2732 2722 2825 exempla
2766 2729 3209 2825 protendere,
3265 2751 3520 2803 cornua
3563 2732 3729 2826 ipsis

911 2850 1369 2926 indevotionis
1408 2852 1793 2946 ereximus,
1844 2853 2217 2926 referentes
2254 2855 2344 2927 ab
2379 2855 2478 2927 eis
2521 2876 2643 2950 pro
2680 2853 2911 2928 debita
2942 2852 3080 2929 fide
3116 2853 3472 2951 perfidiam
3512 2865 3582 2929 et
3602 2876 3727 2952 pro

911 2975 1281 3050 devotione
1313 2988 1814 3074 contemptum;
1870 3000 2000 3052 nec
2043 2980 2180 3051 ulla
2216 2980 2544 3074 predictis
2582 2981 2852 3053 vexatio
2896 2978 2997 3076 (a)
3035 2981 3277 3054 tribuit
3310 2981 3722 3053 intellectum

905 3102 1074 3194 quin
1111 3103 1204 3175 ob
1228 3103 1373 3194 jam
1402 3103 1623 3175 dictas
1654 3103 1950 3177 offensas
1982 3105 2053 3175 in
2090 3105 2487 3197 quingentis
2539 3107 2908 3196 militibus,
2976 3107 3135 3178 licet
3187 3128 3327 3178 non
3371 3106 3567 3179 nobis
3601 3108 3723 3201 qui

906 3226 1260 3299 fueramus
1295 3228 1575 3316 offensi,
1615 3227 1743 3300 sed
1781 3250 1905 3323 pro
1941 3231 2146 3301 Terre
2174 3231 2419 3301 Sancte
2454 3229 2800 3319 subsidio,
2842 3232 3088 3302 iterum
3127 3230 3601 3318 condemnati,
3642 3231 3724 3302 fl-

907 3346 1181 3419 delibus
1211 3352 1458 3421 nostris
1486 3352 1557 3421 in
1594 3352 1899 3444 partibus
1934 3354 2343 3425 Lombardie
2390 3355 2639 3425 multas
2686 3354 3043 3426 intulerint
3095 3356 3434 3427 molestias
3484 3364 3550 3427 et
3577 3356 3724 3447 Jac-

907 3476 1118 3540 turas.
1150 3470 1398 3543 Ultimo
1431 3474 1746 3565 proinde,
1779 3495 1935 3545 cum
1971 3497 2095 3569 pro
2119 3477 2417 3548 servitiis
2444 3478 2750 3549 Ecclesie
2780 3478 2853 3547 in
2889 3478 3198 3572 partibus
3223 3479 3466 3551 Tuscie
3492 3499 3725 3551 mora-

904 3612 1172 3682 remur,
1209 3593 1302 3666 ad
1335 3596 1848 3688 persuasionem
1875 3608 1942 3669 et
1976 3600 2340 3671 consilinm
2378 3601 2601 3693 primo
2635 3602 3054 3674 venerabilis
3080 3602 3290 3695 patris
3319 3601 3720 3674 Sabinensis

904 3715 1209 3810 episcopi
1275 3729 1343 3789 et
1398 3719 1684 3790 aliorum
1745 3721 1937 3815 apud
1991 3744 2117 3794 nos
2179 3725 2375 3796 Sedis
2432 3723 2819 3818 Apostolice
2881 3725 3291 3818 legatorum,
3368 3726 3717 3820 negotium

985 3901 1070 3983 (a)
1116 3906 1215 3968 Sic
1242 3910 1304 3967 in
1333 3908 1609 3972 omnibns
1643 3928 1659 3969 ε
1691 3909 1939 3971 forsitan
1965 3912 2270 3972 veneratio.

917 4110 1618 4122 --0·--—-----—.----——·-.
3144 4114 3279 4122 ⁸⁹—-

970 4251 1041 4323 (4)
1076 4250 1355 4308 Eccelinus
1375 4251 1443 4309 de
1464 4253 1719 4324 Romane,
1741 4260 1803 4310 ut
1831 4255 2021 4312 scribit
2043 4255 2365 4313 Muratorius
2388 4256 2445 4312 in
2471 4254 2585 4312 suis
2602 4253 3119 4325 Annalibus,mense
3137 4257 3387 4328 januario
3415 4260 3553 4316 ⁴232
3572 4261 3715 4333 apud

898 4350 1204 4407 Ravennam
1230 4356 1284 4406 et
1308 4349 1471 4406 frater
1495 4351 1611 4422 ejus
1634 4350 1941 4423 Albericus,
1971 4359 2108 4410 teste
2135 4359 2423 4410 coaetaneo
2446 4352 2717 4421 Maurisio,
2735 4367 2923 4409 mense
2940 4355 3081 4409 maio
3106 4353 3249 4426 apud
3277 4353 3492 4409 Portum
3516 4356 3716 4413 Naonis

897 4444 1221 4502 Fridericum
1239 4446 1615 4518 imperatorem
1633 4448 1897 4518 adierunt,
1922 4450 2184 4522 imperiali
2202 4450 2340 4523 parti
2357 4465 2502 4505 nunc
2520 4454 2705 4522 aperte
2723 4449 3091 4505 adhaerentes.
3108 4449 3204 4505 Die
3221 4455 3402 4506 autem
3425 4453 3492 4506 tt
3514 4454 3714 4510 mensis

895 4540 1094 4612 aprilis,
1126 4543 1400 4599 Eccelinus
1422 4544 1628 4600 Verona
1660 4546 1861 4618 potitus
1895 4554 2005 4618 est,
2033 4548 2254 4620 expulso
2281 4547 2523 4604 Gnidone
2549 4547 2617 4603 de
2649 4546 2793 4618 Rho,
2810 4552 2938 4603 tunc
2963 4547 3217 4618 temporis
3238 4562 3337 4619 pro
3363 4553 3515 4621 parte
3546 4541 3757 4607 Guel-51

895 4636 1070 4692 iorum
1115 4645 1397 4710 potestate.
1431 4640 1508 4698 cf.
1556 4643 1741 4700 Pms.
1787 4659 1860 4701 nr.
1896 4645 2141 4715 Canen,
2178 4644 2376 4702 chron.
2421 4647 2610 4702 Veron.
2648 4660 2737 4718 ap.
2775 4645 3092 4714 Menneu„
3133 4645 3360 4717 Ser-ipe„
3392 4652 3433 4701 t.
3472 4647 3614 4718 vm,
3654 4656 3713 4706 et

894 4746 1054 4804 supra
1082 4751 1136 4806 p.
1167 4739 1270 4795 362
1298 4745 1351 4793 et
1382 4740 1518 4810 4074
