4842 5802
1220 632 1341 694 910
2217 629 2645 692 mmmmm
2695 629 3043 692 SECUNDI
3665 631 3825 710 [Ant.
3861 632 4031 696 1236.

1218 763 1684 839 munificentia
1738 764 2057 858 religiosa
2118 766 2521 856 contulerit,
2584 766 2751 839 satis
2819 775 3101 861 possent
3164 765 3579 838 utilitatibus
3647 769 3898 841 nostris
3964 769 4033 839 in

1219 890 1470 963 talibus
1503 889 1769 982 absque
1794 887 1971 980 juris
2000 888 2260 962 offensa
2295 899 2369 962 et
2401 898 2662 962 remoto
2701 888 2973 963 subtilis
3010 889 3427 962 conscientie
3465 892 3816 985 scrupulo,
3852 913 4036 965 oom-

1219 1015 1523 1109 placere;
1581 1019 1858 1107 propter
1910 1010 2103 1105 quod
2149 1012 2354 1085 etiam
2415 1014 2729 1107 querelas
2791 1013 3063 1085 illorum
3117 1012 3587 1086 cisterciensis
3628 1013 3894 1086 ordinis
3930 1013 4036 1109 (l)

1219 1135 1715 1231 ingratissimas
1761 1144 2197 1229 reputamus,
2238 1136 2497 1230 quibus
2531 1158 2690 1209 cnm
2725 1156 2852 1209 nos
2899 1135 3229 1232 precipue
3261 1145 3419 1231 post
3448 1137 3825 1211 adventum
3865 1159 4040 1210 nos-

1218 1276 1398 1334 trum
1438 1262 1509 1332 in
1549 1280 1840 1354 regnum
1891 1259 1961 1329 in
2008 1258 2384 1353 privilegiis
2442 1270 2512 1332 et
2558 1259 3109 1334 immunitatibus
3148 1262 3556 1335 eorumdem
3607 1262 4040 1336 extiterimus

1215 1385 1526 1478 gratiosi,
1563 1405 1693 1455 nec
1731 1382 2141 1474 injuriosum
2175 1383 2262 1455 iis
2307 1384 2451 1456 fore
2489 1384 2913 1459 credidimus
2943 1406 3072 1458 nec
3111 1376 3476 1458 molestum
3517 1386 3577 1458 si
3615 1386 3902 1481 quando
3947 1388 4038 1460 ad

1218 1531 1458 1607 preces
1491 1517 1757 1580 nostras
1799 1507 1873 1577 in
1908 1507 2535 1580 constructionibus
2582 1508 2949 1582 domorum
3002 1519 3389 1582 nostrarum
3437 1531 3514 1581 se
3561 1510 3768 1582 nobis
3806 1510 4040 1583 faciles

1217 1633 1554 1706 exhibent
1596 1641 1663 1703 et
1718 1630 2007 1703 devotos
2024 1682 2045 1720 ,
2097 1630 2453 1724 presertim
2507 1654 2664 1704 oum
2704 1633 2910 1705 nullis
2960 1633 3241 1705 omnino
3276 1633 3542 1706 clericis
3592 1643 3715 1706 aut
3765 1634 4040 1729 prelatis

1215 1756 1339 1854 qui
1389 1766 1615 1828 tamen
1658 1777 1700 1827 a
1744 1753 1945 1827 nobis
1988 1753 2197 1827 feuda
2255 1775 2393 1827 non
2451 1765 2721 1848 tenent,
2778 1778 2959 1829 onus
3012 1756 3414 1849 hujusmodi
3471 1756 3605 1828 nisi
3655 1758 4036 1852 precarium

1220 1883 1681 1975 imponamus.
1722 1880 1825 1949 De
1854 1877 2332 1972 personatibus
2366 1900 2535 1952 sane
2569 1901 2693 1974 per
2726 1900 2852 1954 nos
2877 1880 3164 1971 collatis,
3206 1890 3285 1951 ut
3312 1880 3639 1971 scribitis,
3664 1881 4041 1973 juvenibus

1217 2016 1287 2079 et
1321 2003 1658 2097 indignis,
1702 2002 1867 2074 satis
1908 2011 2087 2074 esset
2130 2002 2201 2072 in
2254 2011 2576 2097 promptu
2634 2004 3027 2098 responsio,
3074 2003 3245 2076 dum
3283 2004 3342 2075 si
3386 2025 3616 2076 sacros
3652 2015 3879 2098 posset
3918 2028 4039 2078 sa-

1216 2128 1479 2221 crilegii
1510 2135 1674 2199 nota
1709 2123 2151 2219 perfundere,
2193 2125 2282 2197 de
2316 2123 2785 2199 munificentie
2819 2136 3051 2200 nostre
3077 2127 3336 2200 meritis
3382 2127 3814 2222 disputantes
3846 2149 4041 2202 sacra

1209 2255 1367 2345 jura
1408 2249 1778 2343 sacrilegos
1821 2256 2258 2343 reputarent,
2307 2248 2635 2323 videlicet
2677 2272 2768 2324 an
2817 2251 3011 2344 digni
3062 2252 3201 2322 sint
3246 2251 3296 2322 ii
3348 2272 3524 2345 quos
3565 2252 3759 2345 eligit
3806 2252 4040 2347 impe-

1215 2383 1399 2447 rator
1423 2370 1557 2470 (2);
1593 2371 1727 2445 nisi
1762 2372 2030 2463 forsan,
2072 2371 2262 2465 quod
2303 2371 2584 2446 credere
2618 2394 2757 2447 non
2794 2373 3166 2463 debemus,
3220 2373 3372 2447 illos
3407 2384 3765 2469 propterea
3818 2396 4039 2469 repu-

1216 2499 1371 2570 tetis
1408 2495 1735 2589 indignos
1771 2516 1947 2589 quos
1980 2494 2184 2567 nobis
2228 2496 2535 2590 ipsorum
2571 2497 3099 2591 obsequentium
3139 2495 3311 2570 fides
3338 2506 3570 2589 gratos
3608 2498 3930 2570 exhibuit
3971 2508 4041 2571 et

1213 2642 1522 2694 suorum.
1563 2619 1678 2691 Sic
1722 2621 2049 2714 episcopo
2090 2620 2457 2692 Geracensi
2497 2621 2621 2715 qui
2655 2642 2793 2693 non
2840 2622 3195 2693 camerarii
3229 2621 3534 2708 scutifer,
3580 2621 3702 2693 sed
3736 2622 4041 2695 notarius

1219 2766 1490 2818 camere
1547 2753 1779 2817 nostre
1817 2742 1980 2832 fuit,
2040 2764 2246 2836 quem
2297 2754 2619 2838 aspectus
2667 2744 3012 2839 corporiS‚
3075 2746 3267 2817 nullo
3317 2746 3602 2839 probato
3659 2748 4033 2835 contrari0‚

1627 2967 2070 2975 ————-——-

3366 2969 4029 2981 m—-m—-—-—

1294 3106 1368 3178 (4)
1406 3104 1490 3161 Ad
1534 3104 1590 3160 id
1626 3103 1759 3161 satis
1803 3108 1929 3176 apte
1969 3103 2236 3177 pertinere
2271 3102 2484 3160 videtur
2514 3101 2735 3176 epistola
2767 3103 2970 3162 autoris
3007 3104 3260 3178 anonymi
3304 3119 3467 3177 quam
3509 3104 3734 3177 legimus
3774 3104 3829 3161 iu
3859 3106 4043 3163 codice

1221 3200 1473 3259 Biblioth.
1499 3201 1691 3272 Paris,
1723 3217 1844 3257 unc.
1881 3198 2038 3272 fonds
2075 3200 2234 3268 latin,
2266 3209 2328 3254 n⁰
2352 3200 2515 3270 8604,
2547 3197 2641 3256 fol.
2668 3202 2736 3256 59
2769 3205 2936 3270 recto,
2965 3216 3090 3257 cum
3114 3201 3216 3258 hoc
3245 3201 3395 3258 titulo
3426 3219 3441 3256 τ
3477 3221 3504 3257 α
3535 3202 3705 3275 Rogat
3725 3202 3956 3259 amicum
3982 3209 4043 3259 ut

1220 3299 1438 3355 inducat
1462 3297 1754 3370 principem
1780 3296 1921 3369 quod
1945 3295 2215 3368 religiosos
2236 3300 2292 3352 et
2309 3294 2689 3352 Cisteroienses
2712 3297 2963 3368 precipue
2990 3313 3095 3354 non
3120 3297 3420 3369 perturbet.
3445 3316 3472 3350 n
3503 3298 3668 3369 Cujus
3697 3298 3858 3354 etiam
3888 3304 4042 3356 tenor

1219 3401 1344 3453 est:
1376 3415 1403 3449 ι
1430 3395 1642 3452 Scimus
1673 3394 1817 3466 quod
1850 3391 1984 3450 estis
2013 3391 2221 3450 Cesaris
2256 3391 2547 3449 debitores.
2579 3393 2778 3450 Solvite
2810 3392 3049 3450 debitum
3084 3393 3257 3451 saltim
3286 3393 3461 3451 saltim
3496 3393 3826 3468 (salvatori‘l)
3857 3395 3910 3450 in
3939 3397 4041 3453 hoc

1224 3513 1254 3547 s
1287 3501 1346 3549 ut
1369 3490 1679 3567 temperetis
1700 3490 1962 3564 quosdam
1986 3489 2259 3547 ministros
2284 3489 2339 3546 in
2364 3489 2472 3547 hiis
2493 3506 2600 3563 que
2620 3496 2809 3548 contra
2833 3492 3000 3548 Deum
3027 3497 3085 3549 et
3104 3491 3360 3549 honorem
3385 3491 3727 3565 imperatoris
3755 3498 4035 3549 attentant.

1223 3614 1251 3644 a·
1285 3590 1439 3662 Quod
1464 3591 1511 3647 si
1546 3589 1682 3646 sorte
1709 3588 1826 3646 illos
1862 3593 2016 3660 urget
2046 3588 2329 3661 imperium
2363 3587 2435 3644 ad
2464 3602 2744 3645 excessum
2760 3629 2774 3658 ,
2811 3589 2952 3663 apud
2997 3589 3292 3663 principem
3327 3588 3807 3663 supplicationibus
3844 3590 4039 3648 irreve-

1224 3709 1250 3742 1·
1284 3695 1466 3746 renter
1490 3687 1697 3743 instetis
1721 3690 1780 3743 ut
1803 3684 2119 3742 reformetur
2147 3683 2354 3740 ratione
2378 3683 2712 3740 mandatum.
2740 3683 2881 3742 Ecce
2906 3683 3109 3742 clamor
3129 3685 3367 3742 ascendit
3391 3686 3535 3760 quod
3563 3692 3688 3759 post
3712 3685 4041 3759 Templarios

1220 3807 1248 3841 x·
1282 3791 1338 3843 et
1368 3783 1746 3858 Hospitalarios
1763 3825 1778 3853 ‚
1819 3787 1946 3855 post
1980 3781 2269 3839 Casinense
2305 3785 2362 3838 et
2390 3781 2621 3853 quedam
2659 3779 2763 3837 alia
2795 3781 3117 3838 monasteria
3156 3781 3399 3838 molestia
3433 3781 3852 3856 [cistercienses]
3884 3798 4040 3840 oom-

1222 3904 1250 3938 ω
1283 3883 1562 3957 prehendit
1587 3886 1649 3937 ut
1670 3879 1825 3936 sicin
1860 3894 2023 3952 regno
2046 3877 2193 3935 nulla
2216 3883 2496 3934 remaneat
2517 3876 2714 3934 intacta
2744 3876 2955 3949 religio,
2989 3876 3229 3950 exceptis
3249 3876 3506 3934 fratribus
3529 3877 3956 3935 Predicatoribus
3987 3885 4041 3933 et

1219 4001 1248 4037 n
1278 3979 1571 4039 Minoribus
1607 3978 1663 4035 in
1700 3977 1897 4050 quibus
1938 3992 2131 4034 manus
2159 3975 2490 4049 inquisitoris
2511 3975 2879 4050 possessiones
2916 3991 3027 4033 non
3054 3975 3257 4033 invenit
3292 3975 3434 4031 unde
3478 3974 3678 4033 turbet.
3716 3976 3884 4033 Porro
3915 3990 4039 4031 cum

1216 4097 1246 4131 s
1276 4075 1640 4134 cisterciensis
1679 4075 1815 4132 inter
1846 4073 1977 4130 alias
2021 4073 2300 4145 religiones
2335 4071 2628 4145 prefulgeat
2659 4071 2714 4128 in
2744 4079 3034 4146 conspectu
3061 4072 3232 4129 eterni
3257 4071 3461 4155 Patris,
3493 4071 3775 4144 gloriosius
3801 4085 3922 4129 esse
3946 4071 4038 4127 de-

1217 4197 1246 4226 »
1277 4175 1431 4231 beret
1456 4174 1511 4228 in
1542 4172 1708 4230 oculis
1734 4171 1932 4228 domini
1968 4170 2275 4244 temporalis
2309 4175 2549 4242 accepta.
2574 4170 2777 4226 Instate
2820 4184 2947 4242 ergo
2982 4176 3243 4243 oportune
3273 4176 3330 4226 et
3354 4170 3657 4243 importune
3695 4175 3756 4224 ut
3794 4167 3847 4224 in
3875 4184 4039 4241 regno

1217 4291 1246 4326 s
1277 4271 1421 4328 dicta
1448 4270 1631 4342 religio
1657 4285 1765 4325 non
1787 4268 2058 4338 turbetur3
2084 4267 2383 4324 detrahitur
2404 4267 2549 4323 enim
2567 4266 3181 4337 Cesari,cont’unduntur
3199 4267 3445 4338 amici,et
3461 4268 3507 4324 si
3525 4267 3617 4341 qui
3635 4266 3834 4323 fuerint
3853 4266 4037 4334 emuli,

1217 4389 1245 4423 n
1274 4373 1526 4442 poterunt
1551 4367 1810 4424 exultare.
1844 4367 1956 4421 llec
1980 4370 2158 4421 autem
2192 4379 2300 4435 que
2333 4363 2617 4421 scribimus
2646 4364 2715 4420 de
2748 4363 2909 4421 corde
2944 4379 3080 4436 puro
3115 4370 3171 4420 et
3210 4363 3316 4421 fide
3352 4379 3461 4421 non
3489 4362 3611 4420 ticta
3638 4362 3953 4437 prooedunt,
3983 4369 4037 4418 et

1217 4485 1244 4518 ι
1276 4465 1495 4539 quidem
1518 4465 1623 4521 nisi
1650 4462 1875 4519 multum
1903 4461 1975 4518 illi
2000 4476 2108 4518 non
2131 4459 2439 4533 displiceat,
2466 4475 2573 4517 non
2599 4460 2926 4517 intendimus
2944 4461 2996 4516 in
3023 4460 3219 4518 talibus
3246 4460 3508 4518 desistere
3535 4476 3568 4517 a
3593 4460 3899 4531 scribendo,
3921 4474 4039 4515 ma—

1217 4582 1245 4616 »
1278 4563 1446 4620 lentes
1473 4561 1542 4617 ad
1566 4575 1690 4618 eum
1721 4558 1950 4615 clamare
1978 4557 2032 4613 in
2056 4557 2188 4614 facie
2213 4572 2377 4630 quam
2401 4564 2592 4614 contra
2617 4572 2740 4614 eum
2769 4573 3102 4615 murmurare
3126 4562 3250 4632 post
3273 4551 3503 4631 tergum.
3531 4578 3560 4608 n

1287 4660 1360 4733 (Ξ)
1397 4658 1478 4717 Cf.
1509 4673 1693 4731 supra,
1718 4673 1775 4730 p.
1804 4659 1859 4726 9,
1882 4656 2023 4730 regis
2047 4654 2257 4728 Rogerii
2282 4653 2452 4728 legem
2479 4669 2641 4728 quam
2670 4654 2809 4712 inter
2828 4655 3232 4713 constitutiones
3259 4655 3407 4727 regni
3440 4653 3733 4711 Fridericus
3760 4653 3877 4728 ipse
3898 4652 4032 4709 inse·

1215 4756 1342 4825 ruit,
1366 4755 1459 4813 lib.
1490 4756 1533 4826 1,
1561 4755 1697 4812 titul.
1726 4755 1814 4813 lV.
