4842 5802
783 643 975 702 Iunior.
1009 636 1096 719 5.]
1686 632 2078 694 HISTORIA
2132 632 2715 695 DIPLOMATICA.
3487 630 3608 691 565

887 1140 1296 1245 HenriouS,
1337 1142 1859 1226 Romanorum
1895 1170 2067 1251 rex,
2110 1143 2474 1255 Gregorio
2510 1168 2751 1252 papae
2784 1141 3086 1250 nuntiat
3139 1166 3220 1222 se
3274 1146 3604 1249 sponta-
3697 1154 3971 1260 sigffigm

786 1298 924 1355 nee
950 1273 1329 1381 juravisse
1363 1276 1571 1385 quod
1608 1276 1986 1384 quidquid
2039 1286 2115 1357 et
2166 1276 2464 1386 quoties
2517 1280 2924 1384 imperator
2975 1283 3187 1383 pater
3238 1298 3422 1355 suus
3475 1296 3607 1354 ore
3754 1262 3921 1316 ‘¹²‘¹¹¹·³

786 1404 903 1486 vel
939 1403 1210 1488 litteris
1244 1407 1721 1491 mandaverit
1755 1407 2187 1491 faciendum
2204 1468 2229 1515 ,
2268 1408 2349 1490 id
2383 1406 2807 1493 voluntarie
2841 1418 2912 1491 et
2947 1407 3150 1492 hona
3191 1406 3342 1488 fide
3371 1431 3601 1490 com-

791 1534 1023 1643 plebit
1037 1599 1059 1641 ,
1092 1550 1237 1619 eto.

950 1749 1284 1830 (Memorat.
1316 1754 1379 1812 in
1409 1752 1707 1813 Summar.
1751 1751 2021 1834 privileq.
2052 1752 2213 1815 Eccl.
2245 1756 2438 1830 Rom„
2478 1772 2553 1816 ex
2599 1756 2733 1818 eod.
2763 1754 2928 1816 eard.
2958 1752 3272 1829 Ottohoni,
3300 1769 3398 1831 ap.
3423 1751 3604 1813 Maa-

1026 1874 1201 1931 παι,
1233 1855 1506 1937 Ampliss.
1536 1856 1776 1933 collect„
1807 1866 1856 1920 t.
1886 1861 1971 1939 11,
1994 1861 2110 1921 ool.
2144 1859 2346 1939 1248.)

886 2041 1133 2115 Littera
1165 2044 1438 2117 Henrici
1469 2046 1653 2140 regis
1687 2046 2153 2119 Romanorum
2190 2045 2474 2119 domino
2509 2046 2831 2138 Gregorio
2865 2066 3046 2141 pape
3079 2043 3335 2116 directa
3344 2096 3599 2115 .....

795 2216 1116 2237 ......
1169 2168 1525 2239 continens
1570 2168 1762 2263 quod
1810 2169 1999 2242 idem
2036 2191 2161 2241 rex
2194 2168 2476 2242 domino
2516 2191 2694 2265 pape
2724 2178 2967 2240 notum
3014 2167 3176 2239 facit
3221 2166 3412 2261 quod
3458 2167 3608 2261 ipse

789 2296 977 2358 motu
1011 2289 1286 2384 proprio
1327 2299 1396 2363 et
1443 2300 1825 2387 spontanea
1864 2293 2222 2365 voluntate
2256 2292 2521 2384 juravit
2563 2291 2755 2385 quod
2795 2288 3143 2384 quidquid
3186 2300 3256 2361 et
3288 2290 3606 2382 quotiens

794 2408 1108 2484 dominus
1160 2412 1572 2487 Fredericus
1628 2417 2091 2488 Romanorum
2147 2416 2546 2510 imperator,
2598 2436 2728 2485 rex
2787 2412 3157 2486 Jerusalem
3221 2421 3291 2482 et
3338 2412 3600 2503 Sicilie,

787 2544 979 2627 pater
1011 2558 1206 2627 suus,
1246 2559 1408 2609 cum
1438 2537 1682 2612 eodem
1724 2559 1889 2630 rege
1926 2540 2241 2634 disponet
2275 2540 2387 2611 vel
2430 2559 2549 2611 ore
2585 2559 2713 2610 suo
2747 2545 2867 2610 aut
2897 2535 3138 2607 litteris
3176 2533 3608 2609 mandaverit

791 2658 1208 2750 faciendum,
1243 2661 1391 2752 ipse
1415 2683 1544 2735 rex
1573 2662 1957 2735 voluntarie
1984 2672 2052 2735 et
2080 2663 2261 2735 bona
2296 2662 2434 2735 fide
2460 2661 2852 2756 complebit,
2887 2669 2956 2732 et
2981 2658 3177 2754 quod
3202 2680 3339 2730 non
3370 2660 3499 2730 erit
3533 2659 3606 2731 in

793 2779 998 2872 dicto,
1033 2784 1346 2875 oonsilio,
1389 2786 1568 2860 facto
1596 2788 1708 2859 vel
1750 2808 2088 2859 consensu
2129 2796 2249 2860 aut
2287 2786 2529 2859 litteris
2557 2784 2855 2881 publicis
2891 2785 3004 2856 vel
3044 2783 3325 2855 occultis
3357 2803 3604 2878 procu·

789 2907 966 2978 rabit
991 2909 1254 3003 aliquid
1287 2911 1399 2983 vel
1436 2911 1820 3006 quidquam
1848 2912 2052 2985 saciet
2084 2911 2275 3006 quod
2306 2912 2398 2985 ad
2439 2910 2955 2984 incommodum
2990 2919 3057 2980 et
3089 2908 3417 3004 damnum
3444 2930 3605 3003 per-

792 3048 954 3102 sone
1001 3052 1167 3118 sue,
1214 3040 1426 3123 terre,
1474 3033 1779 3125 honoris,
1826 3035 2178 3130 dignitatis
2217 3035 2439 3129 ipsius
2485 3036 2697 3129 patris
2742 3033 2963 3105 cedat.
3018 3032 3103 3101 Et
3145 3031 3205 3102 si
3250 3031 3498 3125 aliquis
3542 3032 3606 3103 ei

793 3152 1172 3247 quidquam
1210 3164 1447 3229 contra
1479 3156 1707 3249 ipsum
1736 3167 1995 3253 patrem
2032 3167 2356 3251 suggeret
2389 3158 2665 3252 publice
2699 3158 2810 3228 vel
2847 3156 3140 3246 occulte,
3176 3154 3401 3227 eidem
3438 3155 3608 3248 patri

794 3278 1312 3368 suggerentium
1348 3279 1585 3349 talium
1618 3280 1963 3352 nuntiabit
1994 3290 2066 3352 et
2099 3281 2484 3352 nominabit
2513 3302 2867 3376 personas.

888 3393 1175 3494 [Datum
1216 3400 1410 3496 apud
1452 3402 1842 3475 Sibidatum
1890 3404 1962 3475 in
2015 3404 2188 3476 Foro
2244 3404 2448 3496 Julii,
2491 3426 2673 3477 anno
2730 3403 3073 3477 dominice
3123 3399 3611 3475 incarnationis

799 3520 891 3591 Μ.
921 3520 1046 3592 CC.
1076 3523 1366 3618 XXXII,
1407 3547 1642 3599 mense
1678 3527 1951 3623 aprilis,
1988 3528 2050 3601 V
2084 3527 2481 3600 indictionis
2509 3524 2675 3624 (⁴).]

802 4107 807 4114 .
897 4041 1307 4150 HenrieuS,
1345 4045 1868 4130 Romanorum
1920 4031 2054 4128 rex
2070 4106 2093 4152 ,
2134 4045 2389 4129 abbati
2428 4045 2717 4151 [Sancti
2773 4045 3104 4156 Georgii]
3135 4046 3344 4154 ‚apud
3402 4043 3609 4127 Stein

3780 4071 3814 4114 Δ
3846 4072 3906 4115 ud

799 4174 1042 4282 [super
1075 4176 1485 4283 Rhenum],
1545 4179 1645 4260 ad
1698 4178 2198 4261 imitationem
2242 4178 2603 4261 Friderioi
2635 4178 3108 4287 imperatoris
3166 4177 3402 4287 patris
3456 4176 3606 4285 sui,
3703 4084 3983 4179 salbum,

3722 4179 3771 4221 17
3799 4181 3969 4233 aprilio.

868 4437 937 4511 (4)
971 4440 1142 4497 Notae
1181 4441 1587 4514 chronologicae
1610 4443 1829 4501 omnino
1855 4443 2068 4501 desunt.
2100 4444 2347 4517 Inspecta
2381 4449 2565 4500 tamen
2600 4459 2765 4517 quam
2802 4458 2967 4517 supra
2990 4443 3164 4500 denuo
3189 4442 3451 4500 edidimus
3473 4441 3615 4499 Gre-

797 4534 926 4605 gorii
951 4539 1127 4609 papae
1149 4537 1398 4610 epistola,
1412 4555 1472 4612 p.
1500 4541 1624 4610 474,
1645 4539 1777 4595 nihil
1801 4539 1951 4596 dubii
1974 4546 2221 4615 superest
2246 4540 2377 4613 quin
2402 4541 2535 4598 istae
2556 4541 2779 4597 eaedem
2804 4541 2914 4597 sint
2938 4538 3079 4612 regis
3095 4539 3303 4596 litterae
3325 4538 3393 4597 de
3416 4540 3614 4612 quibus

796 4629 992 4689 ibidem
1016 4633 1216 4690 mentio
1239 4632 1318 4689 fit.
1339 4635 1496 4692 Unde
1508 4635 1694 4693 datum
1717 4635 1872 4694 facile
1894 4637 2227 4712 supplemus,
2248 4637 2441 4695 collato
2457 4637 2791 4712 patriarchae
2807 4636 3191 4711 Aquilegiensis
3212 4642 3267 4693 et
3282 4644 3616 4696 caeterorum

797 4725 1049 4786 nobilium
1071 4730 1461 4804 instrumento,
1492 4732 1635 4806 quod
1667 4749 1831 4807 supra
1847 4778 1862 4804 ‚
1892 4750 1948 4808 p.
1982 4737 2109 4792 325.
