4842 5802
1717 610 1970 670 INDEX
2021 610 2714 674 DOCUMENTORUM.
3513 611 3634 673 983

837 810 1043 885 1231

820 945 891 995 27
924 942 1076 1011 sept.
1227 936 1432 998 Beate.
1578 969 1656 982 --
1695 936 1929 999 Eisdem
1958 938 2032 998 de
2052 937 2259 997 eodem
2285 946 2636 1016 argumento
2663 940 2884 1012 scribit,
2916 939 3140 999 addens
3164 938 3325 1016 quod
3350 954 3484 998 cum
3518 942 3632 999 im-

1655 1041 1885 1110 perator
1936 1035 2285 1111 magistrum
2329 1035 2830 1097 Theutonicorum
2881 1053 2987 1113 pro
3032 1052 3178 1113 pace
3219 1035 3526 1095 tractanda
3573 1038 3636 1094 in

1651 1129 2069 1192 Lombardiam
2104 1132 2330 1204 mittat,
2360 1132 2474 1208 ipsi
2498 1133 2689 1192 eidem
2715 1134 2995 1210 magistro
3022 1133 3326 1208 assistant,
3356 1132 3438 1190 ita
3466 1135 3536 1190 ut
3561 1131 3636 1190 de

833 1207 1057 1284 1232
1656 1226 1947 1302 colloquio
1973 1226 2273 1301 praedicto
2300 1225 2492 1287 bonus
2520 1227 2768 1289 effectus
2786 1229 3112 1305 proveniat.
3520 1235 3635 1287 936

807 1344 879 1394 12
916 1336 1077 1412 julii.
1207 1328 1448 1406 Spoleti.
1578 1363 1659 1375 -
1697 1330 1915 1391 Scribit
1945 1331 2276 1404 Friderico,
2313 1332 2715 1394 Romanorum
2759 1335 3118 1411 imperatori,
3147 1332 3308 1409 quod
3340 1348 3477 1393 cum
3518 1333 3637 1394 Ge—

1655 1427 1877 1487 bardus
1903 1428 2132 1506 legatus
2171 1431 2298 1504 ejus
2331 1431 2396 1488 in
2435 1429 2650 1491 Tuscia
2689 1446 2809 1490 non
2848 1431 3241 1506 comparuerit
3280 1429 3439 1505 apud
3476 1430 3636 1489 Lau-

1655 1522 1795 1583 dam
1823 1524 1898 1583 de
1923 1540 2065 1601 pace
2088 1540 2225 1583 cum
2254 1524 2599 1586 Lombardis
2636 1532 3024 1598 tractaturus,
3052 1541 3255 1586 coram
3293 1541 3358 1585 se
3396 1541 3635 1586 causam

1659 1622 1928 1679 evocavit
1952 1620 2031 1679 ad
2056 1622 2393 1696 proximum
2419 1621 2634 1682 festum
2661 1624 2942 1684 Omnium
2968 1622 3339 1682 Sanctorum.
3519 1630 3633 1682 366

1059 1777 1074 1793 .
1205 1725 1451 1800 Spoleti.
1578 1756 1658 1768 —
1698 1724 1889 1801 Regni
1914 1725 2148 1785 Siciliae
2182 1726 2456 1801 praelatis
2491 1728 2736 1787 mandat
2768 1743 2844 1788 ne
2879 1731 3015 1805 quis
3047 1744 3250 1788 eorum
3284 1726 3636 1789 officialibus

1654 1822 2023 1895 imperatoris
2038 1823 2344 1881 occasione
2361 1820 2714 1882 defendendi
2731 1825 3150 1899 patrimonium
3163 1823 3457 1884 Ecclesiae
3476 1826 3635 1901 ipsos

1655 1931 1903 1993 gravare
1931 1916 2282 1990 volentibus,
2313 1918 2708 1994 respondeant
2735 1926 2797 1979 et
2822 1920 3146 1980 intendant.
3244 1927 3384 1992 367,
3409 1925 3536 1979 not.
3568 1929 3629 1981 2.

802 2033 877 2084 24
914 2027 1075 2103 julii.
1229 2024 1435 2084 Beate.
1574 2052 1654 2066 —
1694 2020 2056 2081 Fridericum
2097 2022 2502 2082 Romanorum
2538 2024 2948 2099 imperatorem
2993 2023 3263 2084 hortatur
3296 2030 3366 2084 ut
3398 2025 3465 2083 in
3498 2040 3636 2085 suc·

1652 2132 1892 2177 cursum
1919 2117 2213 2177 Ecclesiae
2237 2124 2443 2178 contra
2466 2119 2709 2179 rebelles
2735 2125 3007 2197 exurgat.
3517 2129 3631 2181 376

802 2239 878 2290 26
912 2231 1073 2308 julii.
1227 2197 1432 2286 Reate.
1576 2254 1656 2266 -—
1691 2222 2065 2282 Patrlarehae
2091 2222 2461 2283 Antiocheno
2499 2223 2747 2283 mandat
2790 2231 2858 2283 ut
2892 2223 3094 2284 habito
3132 2226 3374 2285 consilio
3413 2228 3629 2302 magis-

1651 2325 1878 2380 trorum
1906 2320 2136 2395 Templi
2165 2327 2226 2379 et
2264 2320 2609 2396 Hospitalis,
2640 2320 2868 2380 nobiles
2902 2323 3070 2398 regni
3094 2321 3631 2399 Hierosolymitani,

1652 2419 1810 2477 cives
1836 2417 2204 2477 Acconenses
2243 2425 2304 2478 et
2340 2418 2487 2478 alios
2525 2418 2602 2477 ad
2643 2419 3011 2479 devotionem
3047 2420 3344 2481 Frlderico
3378 2423 3637 2498 impera-

1651 2516 1767 2574 tori
1789 2520 1850 2573 et
1871 2513 1997 2574 filio
2024 2518 2152 2592 ejus
2175 2514 2571 2574 exhibendam
2597 2515 2862 2575 inducat.
3520 2527 3591 2578 37
3598 2527 3634 2578 6

802 2636 879 2688 26
919 2628 1074 2705 julii,
1225 2622 1428 2682 Reate.
1574 2651 1654 2665 —
1693 2618 1975 2695 Magistro
2002 2626 2061 2680 et
2085 2619 2369 2680 fratribus
2405 2621 2714 2696 hospitalis
2739 2621 3256 2699 Hierosolymitani
3293 2622 3539 2685 mandat
3566 2632 3635 2686 ut

1653 2717 1933 2777 assistant
1955 2719 2029 2776 iis
2065 2718 2167 2793 qui
2207 2719 2274 2776 in
2311 2732 2496 2793 regno
2532 2718 3065 2795 Hierosolymitano
3087 2721 3230 2794 jura
3266 2719 3635 2795 imperatoris

1653 2812 1935 2873 adversus
1961 2812 2205 2873 rebelles
2232 2819 2497 2873 tuentur.
3520 2825 3591 2878 37
3600 2828 3635 2879 8

800 2936 875 2988 26
916 2929 1072 3007 Juni.
1182 2958 1188 2964 ·
1221 2922 1425 2982 Reate.
1576 2951 1655 2964 —
1695 2918 2015 2980 Geroldum
2040 2919 2436 2995 patriarcham
2464 2919 3063 2998 Hierosolymitanum
3085 2963 3101 2992 ,
3130 2920 3500 2998 Apostolicae
3528 2922 3632 2983 Se-

1653 3017 1747 3077 dis
1772 3017 2055 3094 legatum,
2086 3022 2326 3076 revocat
2356 3033 2431 3076 ne
2474 3018 2728 3093 suspicio
2765 3032 2945 3093 quam
2975 3020 3037 3075 in
3075 3019 3269 3094 ipsum
3306 3018 3638 3080 Fridericus

1652 3116 1972 3189 imperator
1996 3114 2282 3189 concepit,
2313 3112 2539 3190 aliquid
2563 3114 2902 3173 nocumenti
2929 3114 3267 3174 tractandae
3291 3115 3636 3175 concordiae

1651 3209 1864 3270 afferre
1888 3212 2095 3286 possit.
3243 3218 3381 3283 379,
3411 3216 3538 3270 not.
3575 3219 3632 3272 ι.

829 3330 898 3381 21
929 3330 1042 3384 oct.
1163 3317 1490 3395 Anagniae.
1575 3346 1657 3362 —
1694 3316 1991 3376 Friderico
2038 3315 2441 3375 Romanorum
2500 3316 2836 3391 imperatori
2889 3318 3127 3375 nuntiat
3176 3318 3252 3377 R.
3305 3318 3633 3377 Ostiensem

1655 3412 1901 3472 electum
1929 3417 1990 3470 et
2027 3413 2097 3472 T.
2132 3413 2379 3471 Sanctae
2406 3412 2661 3471 Sabinae
2698 3411 3102 3488 presbyterum
3128 3413 3483 3472 cardinalem
3509 3429 3545 3472 a
3571 3430 3635 3474 se

1654 3506 1985 3568 viterbium
2010 3506 2194 3566 fuisse
2228 3509 2440 3566 missos
2454 3550 2474 3585 ‚
2501 3509 2877 3583 postulatque
2901 3514 2972 3568 ut
3001 3508 3078 3567 ad
3105 3508 3500 3571 viterbienses
3527 3525 3636 3586 pro

1655 3604 1917 3663 coeunda
1943 3619 2082 3663 cum
2105 3603 2388 3663 Romanis
2413 3619 2558 3679 pace
2584 3606 2710 3679 ipse
2735 3604 2975 3664 scribat.
3515 3613 3625 3665 401

831 3728 905 3780 27
932 3725 1051 3780 oct,
1165 3707 1498 3784 Anagniae.
1577 3742 1660 3757 —
1697 3709 1992 3771 Friderico
2018 3709 2424 3769 Romanorum
2450 3709 2786 3784 imperatori
2812 3716 3007 3786 grates
3033 3709 3156 3785 agit
3180 3709 3341 3786 quod
3367 3709 3636 3770 referen-

1656 3808 1814 3867 tibus
1858 3809 1987 3882 ejus
2028 3807 2286 3877 nuntiis,
2333 3807 2500 3882 pium
2538 3807 2901 3882 propositum
2949 3807 3281 3881 conceperit
3323 3812 3384 3866 et
3427 3808 3633 3884 spiritu

1658 3902 1961 3963 charitatis
1998 3901 2290 3962 Ecclesiae
2324 3902 2401 3960 sit
2437 3903 2671 3972 unitus;
2704 3900 2862 3960 unde
2890 3901 3179 3976 promittit
3217 3900 3379 3977 quod
3416 3903 3480 3961 in
3526 3920 3635 3964 ne-

1660 3999 1819 4076 gotio
1861 3997 1998 4056 fidei
2038 4002 2098 4057 et
2132 3998 2195 4055 in
2235 3998 2660 4056 restauratione
2687 3997 2915 4073 jurium
2953 3995 3183 4072 imperii
3217 3997 3331 4072 ipsi
3371 3997 3633 4058 Ecclesia

1655 4112 1774 4155 non
1802 4096 2010 4155 deerit.
3343 4102 3485 4172 401,
3514 4103 3629 4154 402

845 4222 879 4274 8
908 4213 1038 4274 (ιω,
1166 4199 1493 4279 Anagniae.
1576 4232 1659 4247 —
1698 4201 1995 4261 Friderico
2030 4200 2430 4260 Romanorum
2466 4197 2802 4274 imperatori
2836 4196 3211 4272 conqueritur
3249 4197 3411 4273 quod
3455 4198 3634 4258 Sara-

1656 4299 1789 4357 ceni
1815 4296 2067 4373 Apuliae
2093 4296 2396 4357 ecclesiam
2426 4295 2625 4355 Sancti
2651 4293 2808 4354 Petri
2836 4294 2899 4351 in
2924 4292 3148 4370 Bangio
3175 4293 3457 4369 Fojetano
3491 4293 3633 4354 fun-

1656 4394 1818 4454 ditus
1854 4393 2172 4466 diruerint,
2220 4392 2443 4470 lapides
2479 4398 2541 4451 et
2575 4391 2893 4468 lignamina
2935 4393 3064 4467 ejus
3097 4389 3460 4466 deportando
3509 4391 3633 4451 Lu-

835 4468 1058 4545 {255
1655 4493 1871 4550 ceriam
1899 4507 2005 4567 pro
2030 4492 2154 4550 suis
2191 4488 2474 4549 aedificiis
2500 4486 2925 4548 construendis.
3515 4495 3632 4548 405

837 4606 870 4656 3
903 4597 1054 4656 febr.
1164 4596 1495 4675 Anagniae.
1576 4627 1658 4645 —
1696 4596 2060 4656 Fridericum
2085 4596 2484 4655 Romanorum
2511 4597 2920 4670 imperatorem
2956 4592 3244 4651 instanter
3268 4590 3538 4652 bortatur
3564 4599 3634 4653 ut

1658 4693 1736 4753 ad
1768 4694 1898 4754 loca
1936 4692 2050 4757 sibi
2091 4694 2288 4752 vicina
2325 4694 2454 4751 sine
2495 4706 2661 4750 mora
2704 4695 2763 4748 et
2806 4688 3081 4749 omnibus
3126 4689 3259 4748 aliis
3298 4690 3634 4766 postpositis
