4842 5802
1244 577 1366 638 900
2253 571 2682 637 rmnssmcl
2728 566 3072 632 sncumm
3684 562 3843 642 [Anu.
3882 561 4058 626 1236.

3244 851 3456 861 0-———-—-
3464 850 3542 859 ..-

910 1140 1136 1236 ¹253?
1360 1140 1784 1226 Fridericus
1809 1205 1833 1250 ,
1890 1143 2078 1225 Rom
2086 1167 2408 1224 anorum
2472 1140 2912 1249 imperator,
2966 1137 3272 1221 Aldrico
3324 1137 3674 1246 episcopo
3727 1135 4063 1218 Triden-

890 1244 1155 1352 RQ.
1256 1273 1417 1355 tino
1453 1274 1814 1382 praecipit
1849 1273 1993 1356 sub
2036 1299 2281 1381 poena
2325 1272 2613 1383 gratiae
2658 1298 2839 1354 suae
2891 1296 2988 1353 ne
3037 1269 3327 1379 aliquid
3362 1271 3458 1351 de
3500 1267 3723 1351 bonis
3757 1267 4064 1375 episco-

1254 1413 1479 1512 patus
1521 1431 1660 1513 per
1692 1405 2281 1488 infeodationem
2296 1465 2320 1513 ,
2357 1404 2965 1515 pignorationem
3002 1428 3137 1486 seu
3172 1401 3432 1511 aliquo
3468 1401 3700 1485 modo
3737 1400 4066 1483 alienare

1255 1549 1715 1646 praesumat.

1425 1750 1782 1829 (Ediderunt
1802 1752 2094 1830 Bonan,
2118 1751 2346 1815 Notizt'e
2370 1750 2529 1811 istor.
2558 1750 2736 1810 critic.
2766 1750 2881 1810 int.
2908 1746 2976 1809 al
2994 1744 3303 1828 Adelpreto
3327 1765 3533 1809 vescon.
3559 1746 3623 1808 di
3655 1747 3890 1823 Tremo,
3913 1755 3959 1810 t.
3981 1749 4062 1826 Π,

1502 1854 1850 1932 documenti,
1882 1867 1947 1917 n⁰
1974 1867 2082 1931 84,
2112 1874 2175 1933 p.
2208 1866 2348 1930 577,
2395 1873 2473 1917 ex
2510 1856 2846 1918 authentico
2881 1857 2945 1914 in
2979 1854 3141 1916 arch.
3183 1856 3360 1916 castri
3393 1854 3737 1915 Tridentini.
3774 1887 3857 1900 -
3890 1855 4066 1916 Hon—

1501 1980 1696 2038 ψη,
1726 1964 1928 2041 Beytr.
1957 1980 2071 2023 zur
2096 1961 2295 2023 δισσὴ.
2335 1957 2552 2033 Tio-uls,
2581 1969 2628 2023 t.
2659 1963 2751 2030 11,
2777 1978 2840 2037 p.
2873 1969 3097 2021 247.--
3122 1961 3460 2035 Romu,
3496 1959 3690 2021 Gaea.
3715 1977 3826 2021 von
3858 1957 4067 2040 πνοι,

1499 2074 1549 2129 t.
1581 2070 1633 2143 I,
1660 2086 1723 2145 p.
1756 2078 1896 2131 208.
1926 2102 2009 2114 —
2031 2070 2243 2144 Vnct,
2274 2069 2435 2130 Stor.
2466 2065 2611 2149 deql.
2641 2063 2918 2139 Emeum,
2946 2073 2995 2127 t.
3025 2067 3136 2140 111,
3166 2085 3229 2144 p.
3262 2074 3402 2143 260,
3429 2078 3494 2127 n⁰
3521 2066 3748 2142 CXLI.)

1358 2256 1563 2331 Anno
1592 2258 1866 2329 Domini
1895 2257 2372 2346 MCCXXXVI,
2407 2256 2782 2330 indictione
2817 2256 3021 2344 VIIII,
3046 2255 3162 2328 die
3186 2255 3422 2327 martis
3452 2256 3576 2328 Xll
3610 2256 3907 2329 intrante
3940 2280 4066 2330 au·

1261 2390 1505 2477 gusto,
1560 2382 1631 2452 in
1668 2404 1912 2477 campo
1956 2382 2202 2453 martio
2250 2382 2383 2453 sito
2438 2379 2629 2476 apud
2676 2379 3020 2452 civitatem
3059 2379 3364 2452 Tridenti
3415 2378 3547 2474 (⁴),
3601 2379 3673 2450 in
3723 2383 4070 2476 presentia

1265 2506 1700 2580 dominorum
1754 2506 2020 2577 comitis
2068 2503 2364 2577 Gebardi
2411 2504 2500 2576 de
2546 2502 2982 2591 Hernestain,
3034 2502 3334 2573 Eccelini
3399 2505 3526 2591 [et]
3580 2501 3883 2576 Alberici
3934 2505 4069 2577 fra·

1259 2640 1442 2699 trum
1477 2627 1567 2700 de
1611 2628 1953 2717 Romano,
2002 2627 2354 2722 Adelpreti
2390 2625 2660 2698 comitis
2704 2624 2793 2698 de
2842 2625 3153 2719 Tyroli0,
3195 2624 3456 2697 Nicolai
3492 2625 3582 2697 de
3619 2626 3900 2718 Ultimo,
3941 2629 4070 2699 Το-

1259 2752 1405 2823 relli
1458 2751 1547 2824 de
1591 2751 1800 2846 Papia
1822 2803 1841 2839 ,
1888 2748 2183 2824 Olderici
2235 2750 2594 2843 Pellegrini
2650 2748 2740 2820 de
2792 2746 3207 2838 RambaldO,
3255 2747 3629 2820 Archiboni
3683 2749 3929 2823 Zachei
3983 2750 4072 2823 de

1260 2878 1506 2960 Dosse,
1537 2874 1793 2948 Mathei
1819 2868 2060 2948 notarii
2097 2875 2534 2969 pluriumque
2569 2874 2841 2946 testium
2884 2872 3160 2968 ibique,
3211 2872 3534 2946 dominus
3577 2874 4070 2946 invictissimus

1263 2998 1683 3088 Fridericus,
1741 2999 1865 3069 Dei
1919 2997 2137 3090 gratia
2187 2999 2643 3069 Romanorum
2701 2997 3074 3092 imperator
3125 3018 3396 3090 semper
3444 3008 3821 3092 augustus,
3873 3000 4069 3071 Jeru-

1267 3120 1481 3192 salem
1514 3129 1582 3190 et
1611 3120 1841 3191 Sicilie
1887 3141 2039 3209 rex,
2081 3120 2386 3213 precepit
2418 3119 2699 3191 domino
2732 3117 3013 3192 Aldrico
3052 3119 3177 3190 Dei
3223 3120 3441 3210 gratia
3486 3121 3885 3194 Tridentino
3922 3122 4072 3216 epi-

1267 3263 1475 3337 scopo
1501 3241 1798 3336 presenti
1831 3251 1901 3314 et
1932 3242 2002 3312 in
2034 3262 2214 3336 pena
2244 3262 2371 3312 sue
2400 3241 2620 3334 gratie
2653 3251 2722 3311 et
2760 3260 2882 3335 pro
2921 3239 3246 3315 fidelitate
3276 3265 3415 3336 qua
3450 3243 3516 3316 ei
3552 3253 3849 3335 tenetur,
3881 3245 4070 3339 quod

1268 3368 1417 3461 ipse
1456 3365 1779 3438 dominus
1816 3366 2182 3460 episcopus
2215 3386 2336 3458 per
2383 3386 2458 3436 se
2502 3385 2631 3437 nec
2682 3386 2806 3459 per
2844 3366 3146 3459 aliquam
3199 3367 3666 3462 interpositam
3714 3389 4072 3463 personam

1267 3491 1519 3565 debeat
1555 3489 1935 3578 infeodare,
1980 3489 2252 3582 pignori
2294 3488 2601 3582 obligare
2642 3508 2772 3560 nec
2801 3489 3033 3583 aliquo
3079 3488 3289 3562 modo
3329 3489 3628 3563 alienare
3667 3493 3800 3564 snb
3842 3493 4074 3588 aliqua

1269 3616 1627 3689 occasione
1653 3635 1779 3686 nec
1813 3613 1946 3685 sub
1979 3614 2209 3707 aliqua
2247 3613 2481 3708 specie
2507 3612 2774 3706 aliquid
2812 3612 2900 3686 de
2938 3614 3140 3686 bonis
3181 3613 3290 3685 sui
3330 3615 3760 3710 episcopatus
3791 3616 4075 3689 Triden-

1270 3741 1431 3828 tini;
1481 3748 1550 3810 et
1596 3739 1653 3809 si
1706 3739 1969 3830 aliquid
2021 3739 2185 3812 inde
2234 3739 2503 3829 fecerit,
2549 3737 3080 3830 obligationem,
3132 3738 3699 3829 infeodationem,
3746 3741 4073 3835 pignora-

1274 3864 1526 3934 tionem
1556 3883 1678 3933 seu
1707 3861 2009 3953 aliquam
2036 3861 2516 3933 alienationem
2545 3862 2764 3956 ipsam
2793 3873 2863 3935 et
2889 3862 3073 3955 ipsas
3099 3861 3247 3956 ipse
3272 3861 3593 3934 dominus
3618 3864 4075 3937 Romanorum

1272 3986 1641 4078 imperator
1668 3985 1943 4078 penitus
1975 3984 2296 4071 cassavit,
2337 3983 2624 4057 irritavit
2653 3993 2721 4055 et
2753 3984 2977 4056 nullas
3006 4005 3159 4056 esse
3187 3988 3679 4080 pronuntiavit.

1377 4106 1817 4203 (Chrismon.)
1852 4107 1999 4199 Ego
2034 4106 2328 4177 Obertus
2369 4105 2461 4179 de
2486 4106 2866 4199 Placentia,
2905 4107 3210 4181 notarius
3252 4109 3426 4180 sacri
3469 4111 3732 4206 palatii,
3773 4112 3935 4185 huic
3966 4113 4075 4184 in-

1273 4232 1475 4305 terfui
1509 4240 1577 4302 et
1611 4230 1876 4324 scripsi.
1916 4230 2152 4321 (Locus
2187 4226 2424 4322 siqui.)

1349 4490 1418 4561 (l)
1459 4507 1487 4541 ι
1526 4488 1587 4543 ln
1621 4485 1897 4543 vicinanza
1932 4483 2070 4541 della
2103 4482 2234 4541 citta
2260 4482 2400 4540 dalla
2434 4489 2588 4557 parte
2623 4485 2965 4544 meridionale
2989 4502 3148 4544 verso
3177 4488 3386 4546 Verona
3415 4507 3513 4564 per
3544 4492 3630 4549 cui
3654 4499 4078 4567 presentemente

1279 4586 1333 4642 di
1356 4592 1596 4642 traverso
1623 4597 1781 4656 passa
1812 4582 1860 4638 la
1892 4581 2130 4638 Fersina.
2159 4601 2185 4632 ι·
2212 4581 2294 4636 lta
2319 4580 2511 4652 legitur
2543 4581 2599 4636 in
2624 4588 2751 4638 nota
2777 4598 2865 4656 ap.
2894 4583 3096 4641 Bonelli
3134 4584 3334 4642 ibidem
3368 4587 3596 4662 inserta,
3620 4588 3713 4648 ubi
3748 4606 4079 4652 commemo·

1281 4688 1466 4740 rantur
1489 4681 1640 4753 plura
1668 4679 1772 4735 alia
1795 4680 2110 4736 documenta
2128 4678 2267 4752 apud
2294 4693 2432 4752 quae
2454 4678 2522 4737 de
2547 4678 2651 4736 hoc
2676 4679 2875 4754 Campo
2903 4681 3095 4739 Martio
3112 4683 3313 4741 mentio
3339 4682 3417 4742 fit.
