4842 5802
1202 645 1325 707 908
2198 637 2626 698 munemel
2676 639 3020 701 SECUNDI
3642 643 3800 728 [Am.
3840 646 4007 708 1236.

1203 782 1337 852 sub
1371 776 1674 850 Ecclesie
1704 777 1981 848 nomine
2021 775 2365 869 postulant
2402 796 2441 845 a
2491 777 2825 870 suspectis
2852 777 2923 849 iu
2967 775 3133 868 fide,
3178 778 3361 852 bona
3397 775 3703 850 fidelium
3740 790 4007 853 nostro·

1201 926 1392 988 rum,
1441 902 1641 973 villas
1686 908 1754 971 et
1802 907 2024 970 castra
2069 919 2198 992 pro
2247 897 2614 969 securitate
2649 898 2783 969 sibi
2826 899 3161 993 assignari
3207 909 3601 994 procurant.
3647 901 3760 972 Sic
3811 904 4017 975 frater

1200 1029 1495 1099 Ioannes
1533 1024 1605 1095 in
1654 1022 1955 1094 marchia
1996 1021 2365 1093 Veronensi
2404 1022 2640 1093 castris
2681 1024 2979 1118 acceptis
3023 1046 3098 1095 se
3144 1022 3397 1096 ducem
3447 1025 3715 1098 Verone
3749 1035 3820 1097 et
3854 1047 4013 1098 rec-

1201 1162 1419 1221 torem
1455 1155 1860 1241 perpetuum
1908 1145 1981 1214 in
2032 1144 2178 1215 suis
2229 1143 2470 1214 litteris
2511 1145 2804 1238 propriis
2838 1146 3250 1241 appellabat.
3292 1147 3407 1219 Sic
3441 1148 3512 1218 in
3551 1144 3804 1242 Apulia
3848 1148 4006 1242 qui-

1201 1274 1362 1346 dam
1401 1271 1606 1342 frater
1648 1288 2005 1341 assumens
2040 1288 2082 1338 a
2120 1287 2491 1361 puerorum
2545 1267 2983 1361 simplicitate
3029 1269 3516 1363 primordium,
3569 1272 3711 1363 jam
3763 1273 4011 1344 multos

1198 1396 1458 1469 ibidem
1493 1392 1625 1465 sub
1656 1391 1917 1464 vexillo
1949 1390 2231 1485 proprio
2283 1401 2732 1484 congregarat
2761 1390 2889 1487 (l).
2933 1394 3076 1464 Hoc
3110 1394 3238 1466 etsi
3266 1395 3429 1467 boni
3462 1396 3632 1467 forte
3661 1396 3750 1467 sit
3790 1396 4002 1485 zeina,

1196 1519 1368 1613 quia
1424 1527 1653 1587 tamen
1703 1514 1864 1586 mali
1910 1513 2207 1606 speciem
2267 1533 2407 1584 non
2458 1513 2707 1604 evitat,
2749 1518 2984 1607 procul
3033 1516 3249 1589 dubio
3289 1517 3624 1610 jussimus
3671 1518 4000 1606 inhiberi3

1196 1640 1539 1737 predicari
1592 1646 2068 1710 verumtamen
2099 1636 2388 1707 verbum
2420 1637 2580 1726 Dei,
2612 1637 2993 1711 dummodo
3041 1640 3502 1734 predicatores
3549 1640 3803 1713 finibus
3847 1663 4005 1737 pro-

1196 1764 1364 1859 priis
1411 1762 1548 1834 sint
1600 1761 1900 1833 contenti
1924 1814 1944 1848 ,
1975 1761 2263 1832 libenter
2313 1760 2561 1832 nostris
2596 1760 2918 1834 fidelibus
2970 1763 3414 1837 concedimus
3454 1773 3523 1836 et
3562 1764 3797 1856 nobis;
3849 1787 4003 1860 per-

1192 1910 1398 1962 sonas
1460 1888 1662 1959 etiam
1724 1897 2106 1958 nostrorum
2167 1882 2478 1958 fidelium
2536 1908 2713 1978 quos
2774 1888 3067 1960 cariores
3120 1886 3499 1979 habemus,
3559 1889 4005 1963 libentissime

1190 2014 1514 2087 volumus
1575 2009 1709 2082 sub
1773 2009 1996 2081 crucis
2049 2007 2405 2102 signaculo
2459 2008 2664 2080 Terre
2733 2010 2980 2082 Sancte
3041 2012 3374 2084 subsidiis
3430 2013 3761 2106 obligari3
3823 2013 4001 2085 bona

1189 2147 1417 2209 tamen
1454 2136 1758 2229 ipsorum
1793 2152 2086 2226 quorum
2117 2131 2645 2204 subventionem
2683 2132 2988 2227 predicto
3026 2136 3303 2228 negotio
3333 2136 3522 2230 quod
3554 2146 3660 2208 est
3696 2147 4001 2209 nostrum

1187 2281 1316 2355 pro
1341 2266 1648 2353 tempore
1683 2275 2142 2345 reservamus,
2192 2254 2616 2347 requisitioni
2661 2265 2892 2329 nostre
2937 2258 3413 2352 relinquimus,
3446 2258 3619 2331 illud
3654 2259 4003 2353 inelegans

1184 2383 1582 2479 reputantes
1617 2388 1684 2452 et
1732 2378 2035 2473 reputari
2079 2377 2439 2449 credentes
2484 2399 2526 2450 a
2577 2379 2777 2450 vobis
2824 2380 2880 2451 si
2921 2402 3340 2475 quacunque
3395 2383 3757 2455 occasione
3808 2384 4003 2455 lai'cis

1183 2507 1432 2579 nostris
1485 2504 1763 2576 collecte
1804 2502 1915 2574 vel
1953 2500 2389 2572 collectarum
2436 2501 2700 2595 species
2744 2522 2868 2596 per
2915 2504 3198 2576 clericos
3236 2504 3651 2577 indicantur.
3701 2506 3998 2577 Verbum

1179 2641 1409 2704 autem
1443 2628 1534 2700 de
1569 2624 1955 2697 christianis
1991 2624 2063 2694 in
2111 2644 2324 2717 regno
2371 2644 2793 2718 paganorum
2835 2624 3140 2698 dominio
3179 2628 3284 2698 vel
3323 2627 3788 2718 jurisdictioni
3828 2630 3996 2701 sub-

1171 2753 1414 2848 Jectis,
1466 2748 1721 2822 nostris
1765 2745 2434 2819 detestabilissimum
2487 2747 2774 2820 auribus
2823 2747 3276 2839 haberemus,
3331 2749 3466 2820 nisi
3525 2750 3691 2843 quia
3740 2750 3914 2823 illud
3954 2774 3997 2824 a

1178 2876 1465 2951 veritate
1518 2892 1797 2969 prorsus
1844 2890 1996 2942 esse
2050 2870 2530 2961 cognoscimus
2577 2870 2915 2963 alienum3
2967 2880 3088 2944 aut
3133 2872 3191 2943 si
3234 2882 3391 2967 post
3439 2894 3780 2947 recessum
3829 2895 3999 2949 nos-

1175 3010 1358 3071 trum
1434 2997 1567 3068 hoc
1631 2994 1921 3088 aliquia,
1962 2994 2153 3087 quod
2216 2994 2495 3065 omnino
2573 3014 2713 3066 non
2783 2994 3168 3085 credimus,
3233 3005 3739 3092 attemptasset,
3805 3000 3996 3094 quod

1178 3145 1318 3195 non
1351 3119 1496 3216 (sic)
1532 3126 1926 3212 attemptata
1957 3117 2364 3211 displiceant
2399 3118 2708 3191 vindicte
2731 3119 3074 3212 judicium
3126 3120 3488 3194 indicabit.
3514 3122 3718 3207 Quod
3760 3133 3992 3197 autem

1177 3255 1417 3319 contra
1457 3242 1648 3339 pacis
1680 3241 1913 3314 federa
1947 3240 2213 3313 nobiles
2258 3241 2331 3311 in
2376 3243 2691 3335 personis
2730 3252 2853 3315 aut
2892 3244 3093 3316 bonis
3124 3244 3214 3316 ab
3247 3246 3479 3339 aliquo
3516 3247 3981 3338 molestantur,

1176 3393 1269 3443 ex
1299 3390 1383 3442 eo
1416 3368 1658 3440 saltem
1691 3365 1892 3438 nobis
1930 3364 2480 3437 manifestissime
2516 3366 2866 3460 percipere
2901 3368 3181 3461 potestis
3223 3367 3570 3462 ingratum
3612 3370 3805 3463 quod
3848 3371 3991 3443 hu-

1169 3493 1474 3589 jusmodi
1509 3491 1841 3563 scelerum
1869 3497 2246 3584 patratores
2282 3489 2400 3583 qui
2423 3541 2445 3577 ‚
2484 3488 2653 3561 dum
2700 3489 2972 3583 placere
3020 3491 3222 3563 nobis
3265 3492 3637 3586 opinantur
3676 3514 3769 3566 ex
3806 3491 3979 3585 fide,

1173 3628 1403 3691 nostre
1438 3614 1598 3688 fidei
1644 3612 2045 3703 detrahunt,
2088 3612 2589 3705 subsequenter
2632 3613 2830 3705 gravi
2866 3613 3353 3687 mandavimus
3387 3614 3989 3690 animadversione

1171 3742 1444 3839 puniri,
1485 3748 1555 3810 et
1593 3736 1685 3810 ad
1717 3757 1997 3831 presens
2029 3756 2155 3828 per
2191 3736 2467 3808 iteratos
2502 3744 2731 3808 nostre
2767 3736 3195 3810 celsitudinis
3225 3739 3457 3834 apices
3490 3738 3794 3812 districte
3827 3762 3986 3836 pre·

1173 3865 1470 3961 cipimus
1502 3860 1678 3933 illud
1714 3860 1928 3932 idem.
1963 3861 2602 3932 Beneventanorum
2640 3860 2931 3953 injurias
2980 3862 3160 3933 sicut
3202 3861 3637 3934 dissimulare
3674 3885 3812 3937 non
3851 3884 3989 3936 vo-

1172 3992 1430 4079 lumuS‚
1481 3987 1583 4058 sic
1611 3988 1729 4077 jus
1762 3993 2073 4057 nostrum
2109 3983 2182 4053 in
2220 3983 2323 4055 eis
2350 3983 2546 4077 quod
2575 3983 2777 4056 nobis
2809 3983 3373 4078 predecessorum
3410 3994 3796 4058 nostrorum
3828 4009 3985 4059 suc·

1244 4270 1319 4343 (l)
1356 4269 1490 4325 Rem
1512 4264 1682 4322 fusius
1702 4270 1887 4321 narrat
1903 4263 2047 4320 Riec.
2068 4263 2137 4319 de
2157 4263 2213 4320 S.
2238 4261 2525 4332 Germano,
2539 4267 2601 4318 ut
2620 4262 2886 4335 sequitur:
2904 4283 2930 4317 α
2950 4263 3153 4322 Eodem
3172 4279 3361 4322 mense
3380 4264 3531 4336 junio
3549 4265 3751 4339 (⁴233),
3767 4266 3985 4340 quidam

1147 4367 1340 4433 ‚frater
1362 4363 1511 4420 J.vi1i
1533 4367 1809 4420 conmotus
1831 4360 2062 4432 tegmine
2077 4364 2329 4431 tanquam
2351 4359 2419 4416 de
2436 4358 2621 4416 ordine
2641 4358 2863 4416 fratrum
2887 4361 3171 4432 minorum,
3186 4361 3255 4418 ad
3274 4361 3531 4419 Sanctum
3549 4363 3873 4420 Germanum
3889 4379 3983 4421 ve-

1168 4464 1325 4521 niens
1349 4476 1474 4519 cum
1498 4474 1667 4516 cornu
1693 4458 1925 4531 quodam
1948 4455 2279 4512 convocabat
2296 4454 2573 4529 populum,
2602 4461 2657 4512 et
2678 4454 2788 4512 alta
2813 4471 2946 4514 voce
2968 4456 3220 4514 cantabat
3243 4458 3400 4515 tertio
3421 4458 3658 4516 Alleluia
3666 4478 3690 4531 ,·
3715 4465 3773 4516 et
3796 4475 3981 4518 omnes

1168 4556 1562 4632 respondebant
1576 4554 1832 4622 Alleluia,
1845 4553 2030 4626 etipse
2051 4558 2440 4625 consequenter
2462 4552 2674 4608 dicebat
2702 4552 3043 4626 :Bmedictu,
3068 4554 3294 4611 laudata
3315 4561 3365 4612 ct
3387 4553 3696 4628 qlorificatu
3720 4555 3780 4611 lu
3794 4557 3976 4614 Patre.

1167 4655 1488 4726 Benedicta,
1518 4652 1745 4709 laudata
1766 4659 1817 4707 et
1832 4651 2139 4724 ylorificatu
2161 4648 2220 4704 lu
2247 4647 2411 4705 Fine.
2441 4649 2755 4719 Benedicta,
2782 4648 3006 4707 laudata
3028 4656 3078 4707 et
3101 4651 3406 4724 qlorificatu
3432 4651 3488 4709 lu
3507 4652 3729 4725 Spiritu
3748 4652 3975 4710 Sancta.

1165 4753 1422 4815 Alleluia.
1451 4750 1696 4808 Gloriosa
1719 4747 1961 4805 domina.
1991 4747 2104 4804 Hoc
2128 4745 2271 4803 idem
2303 4745 2409 4802 alta
2436 4761 2568 4805 voce
2594 4746 3040 4821 respondentibus
3068 4747 3254 4821 pueris
3278 4747 3371 4822 qui
3409 4754 3567 4807 erant
3589 4754 3923 4823 praesentes.
3947 4768 3973 4801 ι
