4842 5802
1208 605 1329 667 912
2205 601 2632 664 FRIDERICI
2687 599 3034 661 summm
3653 603 3812 681 [Anu.
3854 603 4023 666 1236.

1203 742 1387 832 juste
1435 746 1755 812 verentes
1808 759 1897 811 ne
1944 739 2308 834 utriusque
2361 736 2653 833 perfidia
2711 735 2956 808 fideles
3024 733 3334 809 inficeret
3380 746 3723 811 contactu.
3775 740 4022 813 Eccle-

1208 865 1464 938 siarum
1491 871 1722 936 tamen
1758 884 2037 934 suarum
2066 861 2543 957 proventibus,
2575 869 2780 956 prout
2813 860 2883 931 in
2919 858 3241 954 episcopo
3267 862 3669 955 supradicto
3694 873 4025 936 statutum

1209 988 1435 1059 extitit
1477 986 1666 1082 apud
1699 987 1958 1058 Fanum
2011 995 2078 1058 et
2117 1008 2243 1081 per
2276 985 2736 1059 venerabilem
2786 983 3189 1076 magistrum
3236 983 3489 1056 domus
3536 987 3784 1058 Sancte
3818 988 4029 1059 Marie

1209 1111 1785 1184 Thentonicorum
1816 1109 2225 1182 officialibus
2255 1110 2509 1181 nostris
2552 1109 2965 1200 injunctum,
3001 1107 3186 1201 ipsos
3231 1107 3422 1180 nullo
3468 1109 3676 1183 modo
3709 1111 4028 1181 volumus

1211 1236 1629 1309 defraudari.
1673 1235 2015 1329 Reputare
2053 1242 2361 1329 preterea
2397 1255 2535 1305 non
2570 1231 2842 1304 debetis
2871 1230 3253 1303 absurdum
3287 1230 3347 1303 si
3384 1233 3682 1305 notarios
3717 1233 4031 1327 publicos

1209 1362 1572 1457 episcopos
1613 1361 1840 1431 facere
1885 1368 2115 1432 nostra
2148 1359 2542 1431 constitutio
2578 1377 2717 1429 non
2763 1355 3122 1449 permittit,
3166 1376 3323 1426 cum
3375 1378 3418 1427 a
3476 1357 3675 1428 nobis
3721 1365 4031 1427 tantum-

1210 1482 1419 1555 modo
1451 1482 1731 1577 publica
1770 1481 2065 1553 debeant
2115 1480 2341 1554 officia
2374 1479 2744 1575 postulari,
2780 1478 2852 1548 in
2896 1497 3106 1570 quem
3150 1478 3302 1570 lege
3350 1478 3539 1569 regia
3590 1477 3862 1573 prodita
3892 1480 4027 1550 Ro-

1212 1628 1461 1679 manus
1500 1606 1801 1701 populus
1833 1605 2253 1678 auctoritatis
2300 1613 2369 1676 et
2402 1604 2664 1696 justitie
2691 1601 2967 1697 publice
2996 1601 3283 1673 contulit
3309 1610 3739 1694 potestatem.
3774 1602 4028 1675 ludeos

1213 1740 1485 1818 autem,
1536 1731 1659 1802 etsi
1718 1741 1855 1801 tam
1904 1729 1975 1799 in
2026 1729 2313 1823 imperio
2347 1749 2559 1821 quam
2607 1728 2677 1797 in
2713 1746 2926 1820 regno
2959 1726 3162 1798 nobis
3195 1727 3540 1797 communi
3579 1728 3739 1818 jure
3785 1723 4026 1799 imme·

1214 1854 1399 1927 diate
1444 1853 1873 1945 subjaceant,
1919 1874 1962 1923 a
2000 1852 2187 1923 nulla
2239 1863 2469 1922 tamen
2512 1850 2800 1922 ecclesia
2847 1849 3000 1921 illos
3052 1849 3462 1921 abstulimus
3495 1871 3634 1942 que
3670 1871 3881 1944 super
3927 1850 4027 1922 eis

1203 1980 1320 2071 jus
1355 1977 1651 2073 speciale
1682 1974 2139 2072 pretenderet,
2168 1973 2357 2068 qnod
2396 1972 2742 2046 communi
2761 1973 2900 2064 juri
2928 1982 3161 2045 nostro
3187 1973 3427 2045 merito
3453 1975 3865 2067 preferretur
3897 1973 4017 2068 (a).

1209 2106 1430 2199 Super
1482 2110 1733 2197 nepote
1778 2121 1950 2172 vero
2007 2099 2187 2193 regis
2242 2098 2479 2170 Tunisi
2534 2097 2876 2191 captivato
2944 2096 3429 2169 conscientiam
3500 2106 3799 2169 vestram
3863 2098 4028 2170 satis

1208 2236 1438 2300 nostre
1486 2224 1866 2299 serenitatis
1912 2222 2197 2317 epistola
2241 2222 2576 2318 premissa
2626 2220 2982 2315 perdocuit
3014 2220 3160 2314 (⁴);
3203 2219 3330 2292 sed
3378 2220 3435 2291 si
3482 2220 3681 2291 vobis
3723 2220 3814 2291 ad
3869 2242 4026 2315 pre-

1206 2372 1365 2425 sens
1402 2351 1819 2423 contrarium
1861 2346 2219 2434 suadetur,
2268 2344 2593 2417 videlicet
2640 2342 2831 2438 quod
2885 2353 3109 2437 preter
3162 2342 3450 2436 predicti
3486 2344 3668 2436 regis
3699 2343 4025 2415 offensam

1204 2478 1597 2562 ultroneus,
1659 2494 1797 2545 non
1859 2471 2188 2544 seductus
2244 2469 2338 2542 ad
2393 2470 2849 2563 Apostolicam
2908 2468 3154 2540 Sedem
3210 2468 3570 2541 accederet
3627 2480 4029 2564 recepturus

1200 2598 1631 2693 baptismatis
1661 2604 2188 2685 sacramentnm,
2222 2593 2669 2687 inquiremus,
2688 2591 2978 2663 libenter
3011 2591 3245 2663 denuo
3267 2592 3628 2664 veritatem
3661 2613 3743 2664 ac
3772 2593 4027 2665 deinde

1209 2724 1430 2797 taliter
1473 2721 1923 2818 procedemus
1978 2719 2167 2813 quod
2205 2720 2275 2789 in
2336 2740 2421 2791 eo
2472 2717 2717 2789 honori
2775 2724 3009 2787 sancte
3052 2715 3355 2788 Romane
3404 2716 3710 2789 Ecclesie
3761 2717 4027 2789 satisfa-

1209 2849 1472 2921 ciemus
1510 2856 1576 2919 et
1610 2854 1865 2918 nostro.
1923 2843 2130 2917 Porro
2169 2842 2362 2937 quod
2406 2863 2448 2914 a
2489 2842 2737 2914 comite
2779 2841 3113 2914 Tolosano
3161 2840 3282 2934 qui
3330 2840 3530 2913 nobis
3570 2851 3640 2913 et
3687 2839 4029 2913 fidelitatis

1208 2972 1493 3044 vinculo
1541 2979 1611 3043 et
1655 2968 2007 3041 affinitatis
2046 2968 2206 3060 jure
2253 2976 2520 3040 tenetur
2566 2967 2917 3055 astrictus,
2967 2973 3326 3059 propterea
3383 2963 3574 3058 quod
3623 2966 4028 3036 sententiam

1209 3094 1947 3168 excommunicationis
1981 3092 2370 3181 incurrerit,
2410 3090 2767 3163 servitium
2795 3088 3107 3159 debitum
3134 3109 3260 3183 pro
3293 3087 3505 3160 feudo
3533 3089 3726 3183 quod
3766 3089 3857 3161 ab
3901 3089 4028 3158 im-

1212 3220 1405 3315 perio
1449 3228 1679 3289 tenere
1717 3216 2098 3288 dinoscitur
2146 3212 2430 3285 minime
2480 3213 2943 3306 requiramus,
2995 3231 3133 3283 non
3191 3213 3446 3304 injuste
3493 3213 3696 3283 nobis
3748 3233 4027 3284 causam

1212 3341 1687 3416 admirationis
1738 3338 2039 3412 adduxit
2089 3338 2279 3434 quod
2331 3358 2456 3432 per
2501 3336 3277 3409 excommunicationem
3326 3337 3593 3408 comitis
3651 3336 4032 3431 supradicti

1206 3467 1349 3561 juri
1389 3475 1623 3538 nostro
1668 3463 2123 3559 prejudicium
2176 3471 2567 3556 generetur,
2614 3459 2967 3554 presertim
3015 3481 3175 3531 cum
3227 3460 3539 3532 nondum
3597 3459 3686 3531 sit
3732 3481 3855 3553 per
3903 3480 4031 3530 nos

1216 3593 1306 3666 de
1336 3591 1668 3664 sententia
1716 3588 2103 3684 principum
2150 3586 2360 3658 feudo
2410 3586 2746 3680 privatus.
2798 3584 2884 3654 Et
2930 3583 3033 3655 sic
3076 3583 3536 3655 emolumento
3575 3582 3768 3654 feudi
3813 3603 4028 3676 penes

1212 3717 1439 3812 ipsum
1478 3715 1794 3787 comitem
1831 3718 2265 3796 remanente,
2302 3729 2518 3804 quare
2555 3716 2835 3803 propter
2881 3705 3660 3779 excommunicationem
3701 3705 4027 3776 immuni-

1215 3850 1354 3912 tate
1388 3839 1637 3912 debeat
1671 3835 1976 3931 gaudere
2006 3834 2266 3907 servitii
2308 3854 2446 3905 non
2480 3831 2836 3917 videmus,
2883 3851 3041 3901 cum
3080 3829 3813 3902 excommunicationis
3845 3849 4025 3923 pena

1211 3963 1383 4036 nulli
1427 3961 1839 4034 beneficium
1890 3959 2139 4032 debeat
2177 3956 2630 4028 immunitatis
2671 3954 2940 4026 afferre.
2986 3954 3302 4047 Denique
3336 3953 3524 4046 quod
3569 3974 3691 4048 per
3737 3951 4026 4046 inquisi-

1295 4192 1379 4273 (a)
1420 4193 1494 4254 In
1518 4193 1652 4255 cod.
1681 4192 1870 4253 Paris.
1890 4188 2287 4270 preferuntur.

1288 4538 1362 4612 (t)
1391 4539 1582 4595 Utrum
1606 4537 1745 4594 haec
1770 4535 1992 4610 epistola
2014 4532 2233 4607 papales
2256 4531 2460 4588 litteras
2483 4546 2619 4603 quas
2644 4544 2829 4603 supra,
2852 4547 2909 4603 p.
2933 4532 3057 4600 872,
3080 4528 3367 4599 edidimus,
3388 4534 3629 4601 tempore
3650 4523 4022 4600 praecesserit,

1217 4651 1286 4693 an
1310 4641 1495 4709 postea
1516 4634 1620 4692 sub
1640 4633 1811 4690 forma
1835 4630 2076 4705 responsi
2100 4630 2298 4702 scripta
2324 4628 2511 4699 suerit,
2539 4643 2648 4685 non
2667 4627 2870 4684 scimus
2901 4627 3029 4683 dum
3061 4626 3249 4683 eadem
3282 4624 3505 4698 epistola
3533 4639 3632 4682 nos
3652 4638 3826 4697 usque
3851 4621 4025 4678 adhuc

1212 4733 1428 4791 omnino
1462 4733 1692 4790 latuerit.
