4842 5802
818 667 1014 726 lnmcr.
1043 664 1132 742 6.]
1716 662 2107 724 flls‘romA
2156 662 2740 724 mPLOMATch.
3524 662 3646 723 609

818 800 1221 872 horreorum
1248 818 1389 891 que
1418 795 1550 892 ipsi
1589 797 1829 869 fratres
1861 798 2156 869 fatentur
2179 798 2307 868 vix
2338 796 2433 870 ad
2463 809 2728 892 septem
2759 794 3015 891 pedum
3041 797 3171 868 sita
3207 795 3636 888 distantiam,

823 923 1110 1017 gratiam
1148 929 1453 993 nostram
1481 942 1693 1014 quam
1720 921 1943 993 facere
1973 930 2044 992 et
2075 921 2229 992 aliis
2266 921 2750 994 consuevimus
2787 920 3234 992 sacrosanctis
3282 919 3645 993 ordinibus

827 1055 896 1119 et
929 1045 1101 1140 ipsis
1127 1042 1533 1116 subtrahere
1563 1064 1702 1116 non
1738 1064 2105 1138 possumus
2130 1065 2262 1117 nec
2293 1044 2654 1117 debemus.
2689 1044 2942 1115 Notum
2975 1042 3184 1137 igitur
3212 1044 3301 1114 sit
3322 1043 3646 1116 omnibus

824 1180 966 1243 tam
997 1167 1431 1264 presentibus
1460 1187 1672 1261 quam
1703 1167 1996 1262 posteris
2021 1167 2212 1262 quod
2239 1167 2721 1263 proprietatem
2750 1166 3149 1239 horreorum
3181 1166 3644 1261 predictorum

820 1301 890 1366 et
925 1291 1123 1364 fundi
1155 1300 1226 1364 et
1257 1311 1416 1364 aree
1440 1291 1728 1363 ecclesie
1755 1289 2131 1363 Salvatoris
2182 1291 2395 1363 nostri
2430 1292 2501 1362 in
2531 1291 2929 1384 Ratispona,
2966 1290 3038 1360 in
3079 1311 3219 1384 qua
3262 1289 3640 1385 supradicti

823 1416 1064 1487 fratres
1089 1413 1385 1486 Domino
1413 1413 1871 1500 famulantur,
1920 1421 2252 1509 perpetuo
2292 1413 2710 1485 contulimus
2748 1410 3243 1485 adherendam.
3292 1413 3380 1484 Ut
3412 1422 3644 1486 autem

826 1538 955 1612 hec
990 1546 1224 1612 nostra
1258 1537 1536 1610 donatio
1573 1538 1645 1609 in
1683 1537 1949 1610 irritum
1984 1560 2124 1611 non
2156 1547 2557 1627 revocetur,
2613 1536 2874 1609 stabilis
2909 1557 3078 1609 vero
3127 1558 3208 1609 ac
3243 1534 3440 1609 firma
3488 1558 3645 1632 per-

824 1670 1139 1751 maneat,
1211 1661 1534 1733 volumus
1598 1681 1752 1733 eam
1833 1662 2128 1756 presenti
2218 1661 2478 1758 pagina
2536 1669 2606 1733 et
2684 1661 2894 1754 sigilli
2967 1661 3182 1733 nostri
3265 1660 3645 1735 munimine

820 1784 1154 1859 roborari.

921 1909 1171 1980 Datum
1223 1906 1511 1994 Werde,
1566 1928 1751 1980 anno
1789 1906 2277 1980 incarnationis
2324 1907 2669 1981 dominice
2709 1907 2805 1979 M⁰
2852 1907 2976 1980 CC⁰
3023 1908 3359 1999 xxxmo,
3420 1908 3644 1981 indic·

825 2030 1011 2104 tione
1044 2027 1220 2128 [v1].

1293 2304 1879 2317 mm

937 2547 1342 2657 HenricuS,
1376 2550 1896 2633 Romanorum
1933 2577 2105 2659 rex,
2139 2550 2501 2661 Gregorio
2536 2575 2777 2659 papae
2809 2549 3111 2631 nuntiat
3145 2576 3264 2657 se,
3297 2551 3394 2632 ad
3422 2576 3654 2633 man-

838 2679 1097 2761 datum
1164 2682 1639 2791 imperatoris
1703 2684 1941 2792 patris
1992 2684 2150 2791 sui,
2191 2694 2545 2792 paratum
2604 2709 2769 2765 esse
2817 2682 2898 2763 in
2951 2682 3407 2766 conferendo
3462 2683 3658 2767 sub—

845 2810 1033 2895 sidio
1066 2812 1445 2897 Ecclesiae
1479 2824 1555 2897 et
1589 2815 1765 2897 forti
1809 2816 2081 2898 militia
2125 2817 2203 2896 in
2242 2816 2541 2898 Italiam
2576 2815 2973 2898 mittenda.

996 3024 1338 3104 (Mo-orat.
1371 3043 1468 3105 ap.
1492 3026 1714 3087 Summ.
1736 3024 1944 3106 pmii.
1974 3024 2128 3088 Eccl.
2159 3028 2406 3090 Roman.
2438 3045 2515 3089 ex
2540 3029 2676 3089 eod.
2702 3028 2866 3088 card.
2895 3026 3178 3088 Ottobonl
3197 3007 3289 3107 ap.
3324 3028 3622 3089 Mun-mm
3636 3071 3652 3102 ,

1066 3131 1346 3214 'Ampliss-
1369 3131 1611 3210 collect„
1631 3141 1679 3197 t.
1701 3135 1785 3208 11,
1810 3137 1918 3196 eol.
1948 3144 2123 3197 1249.
2151 3136 2415 3198 Extract.
2434 3153 2671 3214 quoque
2683 3138 2749 3196 ln
2766 3131 3040 3215 Cataloqo
3053 3133 3238 3195 chart.
3267 3132 3456 3198 eccles.
3485 3136 3652 3198 Rom.

1070 3256 1168 3318 ap.
1192 3242 1553 3316 Mnauom,
1582 3239 1790 3322 Antiq.
1819 3239 1960 3303 Ital.
1981 3240 2133 3303 med.
2160 3243 2323 3315 aevi,
2352 3248 2400 3302 t.
2432 3244 2545 3321 VI,
2575 3258 2638 3320 p.
2672 3250 2789 3315 865
2820 3240 2926 3301 ubi
2949 3247 3145 3302 tamen
3173 3244 3423 3318 pessime
3448 3259 3657 3305 sensus

1070 3348 1403 3409 litterarum
1429 3348 1818 3422 subvertitur,
1844 3349 1981 3410 licet
2004 3356 2181 3410 notae
2207 3350 2651 3429 chronologicae
2676 3350 2819 3409 anni
2844 3353 2905 3409 et
2920 3351 3141 3409 mensis
3161 3348 3546 3428 indicentur.)

936 3504 1184 3578 Littera
1213 3507 1515 3599 Henrici,
1556 3508 2021 3582 Romanorum
2063 3510 2270 3603 regie,
2303 3507 2586 3582 domino
2617 3506 2944 3601 Gregorio
2979 3528 3156 3603 pape
3187 3506 3480 3594 directa,
3518 3505 3658 3601 qua

846 3624 1072 3698 eidem
1108 3628 1448 3722 significat
1481 3631 1699 3727 quod,
1736 3632 1898 3705 licet
1924 3633 2013 3705 ab
2046 3632 2352 3705 Ecclesia
2380 3631 2641 3728 pluries
2680 3652 2808 3703 suo
2835 3623 3094 3704 nomini
3127 3631 3216 3703 sit
3246 3630 3648 3720 detractum,

844 3751 999 3822 vult
1049 3759 1274 3824 tamen
1323 3754 1414 3827 ad
1464 3755 1911 3829 monitionem
1960 3766 2031 3830 et
2083 3755 2488 3829 mandatum
2532 3756 2957 3850 imperatoris
3006 3756 3218 3849 patris
3265 3755 3375 3825 sui
3420 3754 3657 3826 inten-

845 3872 1048 3967 dere,
1090 3884 1168 3946 ut
1199 3875 1271 3946 in
1308 3880 1724 3954 conferendo
1768 3880 2082 3953 subsidio
2109 3879 2413 3952 Ecclesie
2447 3879 2752 3951 Romane
2790 3886 2859 3950 et
2900 3877 3236 3951 mittendo
3282 3879 3354 3949 in
3390 3879 3656 3951 ltaliam

844 3994 1083 4070 fortem
1121 4000 1433 4074 militiam
1480 4002 1574 4075 ad
1608 4004 1939 4077 honorem
1984 4003 2250 4099 imperii
2295 4012 2363 4077 et
2410 4002 2851 4076 commodum
2890 4001 3198 4074 Ecclesie
3227 4001 3370 4099 (l),
3423 3997 3659 4076 deser-

843 4117 986 4190 viat
1028 4119 1458 4215 beneplacito
1505 4123 1671 4196 dicti
1720 4126 1957 4221 patris.
2017 4127 2104 4197 Et
2145 4134 2338 4220 rogat
2383 4124 2576 4221 quod
2628 4123 2952 4205 dominus
2997 4147 3180 4221 papa
3225 4125 3490 4199 dictum
3530 4148 3659 4221 pa-

846 4247 1014 4312 trem
1052 4265 1260 4316 suum
1300 4255 1370 4318 et
1404 4267 1566 4320 eum
1607 4257 1895 4345 paterno
1944 4271 2178 4324 amore
2222 4252 2589 4324 confovere
2637 4250 2983 4340 dignetur.
3027 4245 3310 4347 [Incipit
3340 4249 3441 4323 sic
3476 4276 3492 4321 :
3526 4251 3655 4322 Re-

849 4367 1120 4438 verendo
1165 4369 1237 4439 in
1276 4369 1540 4444 Christo
1576 4374 1768 4466 patri
1815 4385 1879 4447 et
1913 4376 2194 4466 dominu,
2238 4377 2356 4449 fol.
2390 4377 2606 4464 XXV,
2646 4398 2808 4471 pag.
2851 4370 2957 4470 l.]

930 4662 997 4736 (l)
1030 4667 1108 4725 Cf.
1127 4685 1292 4745 supra
1309 4672 1377 4730 de
1395 4673 1648 4733 subsidiis
1671 4677 1740 4734 ab
1757 4677 2074 4752 imperatore
2090 4685 2276 4736 contra
2292 4678 2521 4737 rebelles
2537 4677 2805 4737 Ecclesiae
2822 4693 3032 4737 summo
3049 4677 3280 4753 pontiflci
3300 4679 3654 4759 conferendis,

859 4770 918 4828 p.
948 4762 1064 4833 376,
1085 4767 1207 4837 394,
1227 4775 1338 4826 not.
1366 4773 1419 4843 4,
1450 4772 1573 4844 ⁴02,
1594 4775 1717 4845 409,
1749 4777 1871 4846 422,
1898 4776 2023 4848 423,
2050 4778 2172 4834 457.

1044 4863 1150 4927 lV.
1188 4880 1298 4926 Pan
1321 4885 1368 4927 2.
3267 4885 3299 4938 7
3308 4887 3337 4938 7
