4842 5802
1158 634 1284 696 810
2154 631 2585 695 rainerum
2624 630 2974 694 succum
3614 634 3773 714 [Au.
3805 636 3984 702 12³6.

1163 767 1392 842 Parati
1438 767 1725 862 quidem
1773 789 1933 840 cum
1988 766 2346 841 affectione
2398 766 2665 841 sincera
2698 766 2772 839 in
2808 766 2944 839 hiis
2974 788 3115 861 que
3148 778 3382 843 nostre
3415 781 3580 842 sunt
3626 772 3987 867 possibili-

1164 892 1361 984 tatiS,
1400 902 1627 966 vestre
1666 913 1792 988 per
1820 890 2050 966 omnia
2085 891 2519 989 beneplacito
2568 891 2942 964 voluntatis
2973 891 3430 988 respondere,
3473 892 3654 968 duos
3701 893 3792 969 de
3827 897 3988 970 dis-

1165 1015 1574 1088 cretioribus
1625 1013 1995 1110 neophytis
2043 1013 2166 1109 qui
2212 1013 2488 1109 reperiri
2524 1020 2893 1108 potuerunt
2942 1013 3014 1086 in
3067 1036 3282 1111 regno
3327 1024 3583 1108 nostro,
3628 1015 3719 1090 ad
3756 1029 3988 1093 vestre

1165 1139 1544 1232 majestatis
1574 1139 1984 1234 presentiam
2020 1137 2473 1228 destinamus,
2523 1138 2863 1233 preceptis
2896 1138 3142 1210 vestris
3175 1138 3249 1210 in
3274 1138 3598 1212 omnibus
3627 1161 3753 1239 pro
3785 1163 3987 1238 posse

1162 1285 1290 1336 suo
1324 1264 1693 1361 parituros.
1740 1261 1881 1335 Nec
1913 1270 2272 1336 moveatur
2305 1262 2362 1334 si
2396 1263 2622 1357 placet
2653 1260 3024 1357 imperialis
3056 1260 3389 1337 celsitudo
3419 1261 3610 1360 quod
3656 1263 3984 1343 dilectum

1163 1386 1365 1461 nobis
1408 1385 1817 1480 magistrum
1870 1384 2218 1458 Galterum
2256 1385 2361 1483 (l)
2415 1385 2738 1459 clericum
2788 1393 3098 1458 vestrum
3146 1385 3378 1459 adhuc
3419 1408 3641 1483 penes
3688 1409 3816 1461 nos
3860 1411 3983 1462 re·-

1165 1511 1522 1599 tinuimus,
1560 1511 1890 1609 quoniam
1927 1532 2050 1607 per
2082 1511 2312 1607 ipsum
2347 1509 2439 1584 ad
2476 1530 2602 1583 vos
2646 1508 2930 1583 demum
2973 1519 3466 1603 revertentem,
3495 1534 3708 1609 super
3757 1535 3983 1609 nego—

1162 1635 1279 1707 tiis
1307 1656 1447 1730 que
1476 1633 1679 1707 nobis
1723 1634 2048 1731 exposuit
2084 1656 2177 1709 ex
2228 1643 2419 1730 parte
2468 1643 2733 1726 vestra,
2788 1633 3061 1730 plenius
3105 1634 3511 1710 excellentie
3549 1642 3784 1710 vestre
3838 1659 3983 1711 res·

1154 1756 1463 1855 pondere
1494 1758 1914 1831 curabimus,

1263 1885 1462 1956 Teste
1513 1903 1678 1979 rege
1723 1880 1916 1979 apud
1965 1879 2444 1971 Windsoram,
2489 1879 2712 1952 XXIV
2744 1879 2862 1953 die
2900 1880 3258 1973 februarii,
3308 1902 3490 1954 anno
3522 1878 3753 1981 [regni
3795 1882 3983 1978 ejus]

1153 2006 1512 2081 vicesimo.

1652 2228 2207 2242 m

753 2492 1061 2593 „vggggffiu'
1272 2473 1684 2588 Gregorius
1736 2500 1938 2585 papa
1989 2470 2368 2557 Friderico
2425 2471 2948 2559 Romanorum
3004 2474 3444 2586 imperatori
3495 2479 3985 2590 conqueritur

1160 2607 1371 2718 quod
1407 2606 1487 2689 in
1525 2633 1765 2718 regno
1802 2604 2100 2690 Siciliae
2133 2605 2490 2690 ecclesiae
2527 2633 2573 2691 a
2608 2606 2976 2690 ministris
3012 2607 3539 2720 imperialibus
3569 2610 3985 2723 privilegiis

1160 2738 1526 2851 spoliatae
1561 2739 1716 2822 sint
1750 2749 1824 2823 et
1870 2738 2307 2852 pastoribus
2350 2739 2626 2824 viduae
2673 2750 3122 2824 remaneant
3142 2770 3169 2849 3
3211 2751 3606 2851 praeterea
3634 2769 3723 2827 se
3755 2770 3986 2829 excu-

1160 2899 1341 2958 sans
1392 2898 1623 2983 super
1672 2872 2162 2959 renovatione
2212 2871 2592 2957 societatis
2637 2870 3146 2959 Lombardiae
3194 2883 3275 2959 et
3324 2900 3570 2984 poena
3613 2876 3692 2959 in
3738 2876 3984 2962 Vero-

1160 3032 1433 3089 nenses
1467 3007 1675 3115 pacis
1729 3005 2131 3090 violatores
2164 3005 2562 3113 imposita,
2601 3015 2862 3088 monet
2896 3018 2982 3089 ut
3025 3031 3377 3090 excessus
3412 3008 3688 3118 corrigi
3722 3008 3980 3116 faciat,

1163 3162 1406 3248 quum
1441 3163 1573 3222 eos
1609 3136 1927 3220 ulterius
1961 3136 2446 3219 dissimulare
2480 3162 2636 3219 non
2670 3137 2938 3248 possit.

1322 3350 1559 3431 (Edidit
1583 3349 1936 3430 Bavium„
1966 3347 2182 3413 annal.
2217 3347 2549 3423 ecclesiast„
2579 3356 2726 3412 tom.
2753 3349 2935 3426 XXI,
2965 3349 3042 3411 ad
3089 3368 3230 3412 ann.
3265 3361 3456 3433 1236,
3487 3350 3540 3437 5
3575 3353 3687 3418 XV
3719 3359 3782 3415 et
3806 3352 3981 3430 XVI,

1399 3455 1500 3520 sed
1549 3475 1670 3518 non
1714 3457 2004 3537 integram
2048 3455 2325 3518 exhibuit
2360 3456 2690 3534 epistolam.
2738 3457 3248 3534 complementum
3292 3459 3566 3524 addimus
3601 3477 3680 3522 ex
3714 3460 3981 3534 Horma,

1408 3563 1571 3626 Kais.
1604 3563 1841 3627 ffledr.
1871 3565 1959 3646 11,
1994 3565 2278 3644 append„
2302 3575 2374 3627 11⁰
2402 3574 2513 3641 23,
2547 3582 2580 3627 e
2599 3571 2819 3642 regest.
2849 3563 3122 3645 Gregor„
3149 3565 3260 3629 nb.
3282 3566 3408 3642 IX,
3431 3577 3505 3630 η’
3531 3576 3686 3643 898,
3712 3573 3781 3630 et
3802 3583 3987 3648 prae-

1403 3677 1673 3753 cipueex
1698 3672 1926 3736 collect.
1955 3672 2210 3752 Laporte
2235 3673 2319 3735 du
2344 3672 2512 3736 Thau
2540 3675 2602 3735 ln
2623 3672 2780 3735 ΒΜ.
2808 3674 3015 3751 imper.
3042 3671 3264 3752 Paris.)

1264 3859 1669 3953 Gregorius,
1718 3869 1887 3951 etc„
1928 3857 2308 3951 Friderico,
2358 3869 2492 3933 etc.
2540 3859 2717 3932 Dum
2763 3859 3238 3954 preteritorum
3275 3858 3824 3934 consideratione
3859 3861 3987 3932 su-

1171 3994 1326 4057 tura
1361 3983 1774 4078 colligimus,
1798 3981 1972 4056 dnm
2006 3991 2300 4056 ventura
2334 3982 2407 4053 in
2437 3990 2690 4054 statera
2718 3982 3234 4078 precedentium
3271 3982 3760 4079 ponderamus,
3787 4003 3983 4076 spem

1170 4264 1395 4340 quievit.
1424 4283 1453 4318 s
1478 4263 1559 4322 cf.
1594 4261 2054 4322 Rxcnnssmtort.
2072 4304 2088 4332 ‚
2114 4261 2356 4333 Ibidem,
2383 4267 2428 4320 t.
2451 4262 2555 4335 m,
2585 4279 2646 4336 p.
2674 4265 2765 4321 58.
2793 4261 3110 4336 Neophytos
3145 4265 3326 4321 am
3356 4260 3425 4319 de
3450 4259 3644 4334 quibus
3665 4258 3828 4334 paulo
3861 4269 3988 4334 poet

1177 4365 1233 4420 in
1271 4362 1494 4437 epistola
1522 4361 1737 4420 Henrici
1777 4361 1921 4434 regis
1943 4359 2165 4434 Angliae
2203 4359 2402 4418 mentio
2437 4359 2526 4426 fit.
2545 4360 2720 4419 fuisse
2739 4360 3011 4420 credimus
3043 4360 3280 4420 Jndaeos
3307 4357 3521 4417 noviter
3549 4373 3844 4419 conversos
3860 4401 3876 4432 ‚
3912 4360 3987 4420 d·

1171 4475 1401 4534 quorum
1439 4474 1534 4516 om
1566 4458 1845 4516 veritatem
1872 4457 2246 4531 requirendam
2276 4457 2569 4532 imperator
2595 4457 2653 4515 in
2678 4458 2859 4516 animo
2896 4456 3154 4516 habebat.

1245 4557 1314 4630 (1)
1353 4555 1566 4615 Scilicet
1586 4555 1901 4615 Gualterum
1924 4555 1993 4613 de
2015 4555 2184 4626 Ocra,
2213 4570 2309 4628 pro
2332 4570 2445 4629 quo
2470 4554 2627 4630 paulo
2649 4560 2777 4629 post
2793 4556 2848 4614 in
2871 4553 3411 4629 augum-redeunte,
3429 4568 3526 4613 rex
3553 4551 3762 4612 salvum
3779 4552 3836 4612 ei
3859 4567 3987 4612 con·

1165 4655 1384 4712 ductum
1416 4652 1724 4711 faciendum
1749 4652 1966 4711 ballivis
1988 4653 2104 4713 suis
2122 4651 2303 4726 iussit,
2340 4673 2367 4705 α
2392 4658 2535 4711 teste
2557 4668 2687 4726 rege
2707 4652 2857 4727 apud
2878 4653 3229 4725 wintoniam.
3257 4650 3468 4712 decimo
3493 4666 3633 4711 mo
3656 4650 3750 4710 die
3779 4650 3931 4709 msii.
3947 4668 3984 4705 υ

1164 4751 1245 4809 Cf.
1275 4751 1488 4824 Brun,
1521 4749 1690 4823 lbid„
1710 4766 1768 4824 p.
1798 4752 1923 4808 227.
