4842 5802
1158 617 1282 682 834
2156 623 2583 686 anssmcl
2638 624 2986 687 SECUNDI
3602 626 3764 705 [Anu.
3800 626 3972 693 1236.

1166 752 1430 827 tificum
1469 755 1582 828 vel
1618 755 2037 852 principum,
2093 758 2442 834 oblatione
2493 759 2801 835 fidelium
2853 780 2979 833 seu
3031 758 3189 831 aliis
3239 758 3462 832 modis
3496 762 3640 834 Deo
3686 764 3979 857 propitio

1164 877 1413 973 poterit
1447 877 1765 974 adipisci,
1807 878 2005 953 firma
2040 889 2110 953 et
2141 882 2399 958 illibata
2431 885 2564 979 ipsi
2598 891 3066 981 permaneant.
3107 882 3185 953 In
3218 883 3476 976 quibus
3516 884 3646 957 bec
3684 886 3980 979 propriis

1166 1001 1498 1076 duximus
1543 1004 2002 1099 exprimenda
2039 1007 2430 1100 vocabulis,
2464 1008 2729 1085 scilicet
2772 1007 2935 1081 villa
2981 1015 3051 1081 et
3106 1005 3394 1083 ecclesia
3440 1007 3981 1082 Paterniacensis

1165 1149 1327 1201 cum
1363 1126 1651 1201 decimis
1682 1137 1749 1201 et
1788 1130 2033 1203 ceteris
2071 1131 2524 1225 pertinentiis,
2566 1132 2757 1206 curia
2791 1131 2878 1205 de
2914 1132 3200 1203 Kercers
3230 1138 3300 1204 et
3340 1132 3626 1204 ecclesia
3662 1146 3823 1204 cnm
3855 1131 3976 1206 de-

1165 1251 1362 1324 cimis
1368 1304 2112 1328 ..........
2154 1253 2282 1352 (a),
2321 1255 2513 1329 ouria
2555 1256 2645 1329 de
2686 1256 2966 1329 Puliaco
3004 1253 3106 1350 (t)
3153 1275 3314 1328 cum
3364 1256 3791 1351 pertinentiis
3833 1258 3979 1329 suis

1162 1386 1231 1448 et
1278 1376 1566 1449 ecclesia
1619 1398 1776 1448 cum
1834 1376 2159 1469 decimis,
2222 1380 2383 1451 villa
2435 1378 2524 1452 de
2570 1380 2828 1455 Balmis
2877 1378 2973 1474 (2)
3026 1400 3185 1451 cum
3235 1379 3665 1473 pertinentiis
3717 1380 3862 1453 suis
3909 1388 3979 1454 et

1163 1501 1454 1572 ecclesia
1490 1521 1647 1572 cum
1680 1499 1991 1591 decimis,
2021 1502 2310 1575 ecclesia
2337 1502 2428 1575 de
2456 1503 2636 1575 Urba
2672 1504 2774 1599 (3)
2805 1526 2961 1575 cum
3001 1503 3289 1576 decimis
3320 1501 3412 1575 ad
3443 1524 3596 1576 eam
3631 1504 3978 1599 pertinen-

1165 1623 1377 1712 tibus,
1427 1624 1617 1695 curia
1662 1622 1753 1695 de
1785 1623 2160 1698 Privissino
2187 1626 2277 1722 (b)
2328 1649 2487 1699 cum
2539 1627 2956 1722 appenditiis
3000 1626 3183 1717 suis,
3225 1626 3391 1699 villa
3439 1636 3508 1699 et
3554 1627 3842 1700 ecclesia
3889 1627 3979 1700 de

1167 1746 1482 1820 Ornacbo
1532 1746 1631 1841 (4)
1682 1769 1838 1820 cum
1889 1750 2317 1844 pertinentiis
2363 1753 2536 1831 suis,
2589 1753 2709 1823 llla
2751 1752 2955 1824 etiam
3007 1772 3145 1845 que
3193 1750 3607 1823 venerabilis
3647 1749 3793 1823 dux
3844 1752 3977 1823 Ro-

1168 1869 1403 1944 dulfus
1450 1882 1986 1967 sepememorate
2043 1874 2334 1947 ecclesie
2379 1877 2451 1946 in
2503 1876 2838 1949 territorio
2874 1875 3134 1948 Alsatie
3181 1876 3468 1951 contulit
3512 1875 3701 1969 regia
3741 1885 3979 1948 aucto·

1163 1995 1363 2068 ritate
1389 1995 1828 2068 corroborare
1860 1996 2323 2089 decrevimus,
2355 1998 2614 2070 curiam
2653 1998 2980 2073 videlicet
2998 1997 3632 2071 Columbariensem
3661 2018 3978 2069 unacum

1162 2117 1477 2205 edificiis,
1529 2119 1925 2214 mancipiis,
1969 2121 2172 2194 terris
2216 2122 2419 2193 cultis
2455 2132 2526 2195 et
2557 2122 2835 2195 incultis
2871 2132 2942 2194 et
2972 2144 3214 2195 earum
3248 2119 3635 2194 redditibus
3656 2173 3675 2209 ,
3717 2120 3977 2193 curiam

1164 2243 1254 2316 de
1299 2243 1694 2316 Hittinheim
1732 2265 1892 2315 cum
1930 2245 2354 2338 pertinentiis
2391 2247 2572 2337 suis,
2614 2257 2827 2319 terras
2860 2255 2929 2318 et
2959 2246 3200 2318 vineas
3235 2267 3410 2340 quas
3444 2244 3807 2316 Luzelinus
3832 2244 3980 2317 vil-

1161 2368 1339 2440 licus
1388 2377 1459 2441 et
1519 2389 1773 2443 uxores
1830 2370 1977 2461 ejus
2029 2371 2328 2465 Hymeza
2393 2386 2463 2444 et
2517 2372 2811 2444 Riobeza
2879 2371 3244 2444 dederunt.
3299 2371 3388 2442 Et
3441 2378 3518 2440 ut
3565 2369 3696 2440 hec
3749 2368 3980 2442 omnia

1159 2501 1390 2565 eterna
1434 2492 1588 2586 lege
1631 2493 1931 2568 valitura
1977 2494 2322 2590 sepedicte
2377 2495 2665 2569 ecclesie
2719 2496 2956 2589 ibique
3008 2497 3152 2569 Deo
3210 2492 3666 2567 servientibus
3713 2500 3858 2564 rata
3911 2501 3981 2565 et

1158 2616 1565 2690 inconcussa
1623 2627 2104 2712 permaneant,
2171 2628 2556 2713 presentem
2615 2620 2939 2714 paginam
2987 2618 3390 2692 auctoritate
3447 2626 3678 2690 nostra
3734 2613 3980 2688 confir-

1157 2748 1412 2813 matam
1439 2739 1647 2832 sigilli
1686 2742 1899 2813 nostri
1946 2742 2396 2837 impressione
2433 2742 2751 2834 insigniri
2783 2743 3154 2836 jussimuS,
3212 2742 3617 2836 adjicientes
3667 2749 3748 2813 ut
3795 2739 3981 2812 nulla

1158 2886 1363 2961 parva
1426 2885 1769 2958 magnave
1838 2885 2127 2961 persona
2181 2875 2435 2941 temere
2494 2877 2728 2941 contra
2779 2888 2930 2942 eam
3006 2867 3248 2942 venire
3315 2873 3690 2963 presumat.
3777 2863 3982 2950 Quod

1157 2990 1217 3061 si
1261 2990 1414 3084 quis
1457 3011 1612 3063 eam
1657 2991 2019 3063 temerario
2052 3012 2230 3063 ausu
2264 2992 2552 3086 aggredi
2590 2992 3069 3086 temptaverit,
3111 2991 3302 3084 regio
3346 2991 3580 3063 banno
3630 2989 3985 3080 subjaceat

1163 3123 1232 3186 et
1293 3116 1365 3185 in
1424 3115 1572 3206 ejus
1641 3114 2134 3209 compositione
2192 3124 2468 3187 centum
2514 3116 2724 3188 libras
2788 3115 2940 3188 auri
3002 3135 3277 3188 camere
3321 3123 3551 3186 nostre
3606 3112 3974 3207 persolvat.

1166 3239 1398 3311 Testes
1451 3238 1910 3311 interfuerunt
1959 3259 2253 3332 quorum
2301 3239 2586 3311 nomina
2646 3240 3115 3313 subternotata
3158 3246 3534 3312 cernuntur
3572 3260 3590 3306 :
3633 3232 3983 3310 Amoldus

1168 3361 1589 3437 coloniensis
1673 3362 2232 3458 archiepiscopus
2251 3416 2271 3454 ,
2335 3364 2753 3436 Humbertus
2815 3361 3318 3435 Bisuntinensis
3378 3357 3936 3454 archiepiscopus
3957 3410 3978 3445 ,

1168 3486 1520 3559 Amedeus
1566 3488 2070 3560 Lausannensis
2120 3487 2519 3583 episcopus,
2576 3488 2878 3562 Ortlibus
2929 3485 3325 3559 Basiliensis
3365 3483 3767 3580 episcopus,
3821 3482 3986 3554 Her·

1170 3634 1469 3686 mannus
1514 3612 2052 3685 constantiensis
2096 3613 2504 3708 episcopus,
2563 3611 2898 3686 Henrious
2949 3610 3107 3684 dux
3164 3609 3501 3696 Saxonie,
3552 3608 3986 3679 Hermannus

1171 3737 1475 3811 marchio
1525 3738 1615 3811 de
1673 3738 1975 3811 Saxonia
1994 3790 2015 3829 ,
2081 3735 2429 3810 Amedeus
2477 3758 2704 3811 comes
2762 3735 3227 3810 Gebennensis
3245 3787 3265 3825 ,
3315 3732 3710 3804 Willermus
3758 3748 3988 3802 comes

1258 3912 1344 3993 (a)
1382 3912 1727 3976 Gulchenon
1752 3914 1852 3974 bic
1882 3914 2047 3975 addit
2075 3915 2248 3974 totius
2257 3910 2532 3994 parochie
2556 3919 2612 3975 et
2636 3913 2833 3975 ceter&
2856 3908 3235 3994 appendiciis,
3265 3924 3417 3988 quae
3439 3910 3503 3968 ln
3525 3904 3861 3985 apographo
3880 3904 3985 3966 de-

1172 4020 1524 4082 siderantur.

1260 4124 1341 4205 (b)
1385 4127 1504 4203 Ap.
1537 4125 1883 4188 Gulchenon
1907 4124 2220 4186 Perusino
2250 4123 2421 4204 (olim
2451 4122 2807 4203 Pibim'n7).

1251 4392 1323 4466 (4)
1361 4392 1565 4450 Forsan
1584 4389 1762 4462 Pully,
1785 4389 1936 4446 vicus
1954 4389 2166 4445 dimidia
2189 4389 2322 4446 bora
2343 4389 2547 4446 distans
2566 4387 2635 4446 ab
2656 4388 2790 4444 urbe
2813 4388 3110 4444 Lausanna.
3128 4384 3325 4442 Extant
3347 4395 3560 4456 quoque
3577 4379 3684 4437 duo
3705 4375 3828 4447 vici,
3847 4388 3987 4432 unus

1179 4491 1357 4549 Polie:
1381 4490 1428 4547 le
1454 4489 1671 4558 Grand,
1700 4488 1834 4545 alter
1857 4488 2031 4544 Poliez
2060 4488 2102 4543 le
2119 4489 2275 4555 Petit,
2300 4488 2354 4543 in
2379 4487 2714 4562 praefectura
2732 4486 3079 4544 Eschallensi.

1249 4589 1321 4661 (2)
1361 4588 1518 4644 Balm
1544 4587 1598 4643 in
1624 4586 1956 4660 praefectura
1980 4584 2260 4658 Laupensi.

1247 4685 1321 4758 (3)
1359 4685 1526 4742 Hodie
1547 4683 1704 4742 Orbe.

1248 4782 1322 4856 (4)
1358 4783 1560 4840 Forsan
1583 4781 1755 4855 Omy.
