4842 5802
1159 638 1285 700 604
2200 641 2546 702 Humum
2597 642 2931 703 SEPTml
3611 646 3772 722 [Axs'.
3813 646 3982 709 1233.

771 1211 1093 1320 Βορςεᾶῗω,
1270 1204 1676 1307 HenricuS‚
1718 1206 2237 1289 Romanorum
2292 1231 2464 1312 rex,
2505 1204 3127 1287 ministerialibus
3164 1205 3322 1288 suis
3357 1207 3454 1288 de
3489 1206 3778 1319 Sintzig
3821 1235 3981 1293 no-

821 1316 852 1357 ⁸
872 1322 1041 1365 'mm'
1166 1348 1334 1420 tum
1370 1337 1548 1419 facit
1592 1339 1801 1446 quod
1837 1364 2012 1419 cum
2051 1337 2252 1420 bona
2298 1364 2437 1419 sua
2476 1336 2900 1419 conservari
2945 1337 3126 1419 velit
3167 1337 3486 1446 imperio
3531 1351 3606 1422 et
3657 1340 3980 1424 fermam

1164 1497 1384 1553 suam
1422 1470 1657 1553 banni
1695 1472 2079 1554 custodiae
2117 1470 2544 1581 subjacere,
2589 1471 2978 1554 Gerhardo
3013 1471 3108 1553 de
3146 1471 3433 1581 Sintzig
3467 1475 3860 1557 mandavit
3895 1487 3981 1558 ut

1162 1614 1761 1713 transgressores
1797 1605 2171 1686 emendet.

1326 1808 1535 1882 (Edid.
1567 1808 1839 1882 Gumm„
1893 1805 2035 1869 Cod.
2066 1804 2229 1887 Dipl.
2278 1807 2585 1888 Maqunt„
2613 1813 2661 1868 t.
2699 1806 2790 1881 11,
2821 1824 2958 1885 pars
2989 1808 3080 1887 11,
3108 1824 3171 1886 p.
3205 1817 3353 1883 939,
3395 1826 3475 1871 ex
3500 1811 3867 1889 autographo
3912 1813 3974 1872 ln

1398 1915 1636 1976 archivo
1659 1913 1971 1994 Landscr.)

1252 2102 1638 2187 Heinricus‚
1673 2101 1796 2173 Dei
1835 2099 2051 2194 gratia
2071 2100 2536 2172 Romanorum
2564 2120 2690 2173 rex
2704 2109 2773 2172 et
2801 2121 3073 2196 semper
3094 2109 3460 2194 augustus,
3483 2100 3800 2175 fidelibus
3826 2104 3974 2176 suis

1158 2226 1503 2299 universis
1530 2223 2092 2296 ministerialibus
2116 2223 2206 2295 de
2226 2223 2556 2296 Sinzeche
2587 2224 2875 2317 gratiam
2908 2246 3107 2296 suam
3149 2235 3218 2297 et
3251 2246 3456 2297 omne
3486 2225 3771 2298 bonum.
3820 2228 3970 2299 Vo-

1152 2352 1369 2422 lentes
1397 2348 1726 2422 universa
1762 2347 1944 2419 bona
1972 2356 2041 2419 et
2065 2367 2174 2418 res
2210 2346 2456 2419 ditioni
2487 2355 2715 2419 nostre
2740 2347 3104 2420 attinentes
3143 2356 3279 2419 tam
3320 2348 3388 2418 in
3424 2350 3969 2445 possessionibus

1148 2495 1359 2567 quam
1392 2473 1465 2543 in
1492 2472 1724 2544 fermis
1758 2472 1983 2544 illesas
2011 2470 2211 2543 nobis
2228 2479 2298 2542 et
2324 2470 2613 2567 imperio
2637 2452 3029 2543 'conservari
3057 2493 3325 2545 necnon
3355 2474 3640 2546 fermam
3667 2483 3969 2548 nostram

1148 2597 1362 2669 banni
1400 2595 1713 2668 custodie
1749 2595 2139 2687 subjacere,
2193 2592 2379 2665 fideli
2416 2601 2650 2666 nostro
2687 2593 3037 2667 Gerhardo
3080 2595 3170 2668 de
3211 2596 3494 2669 Sinzech
3539 2596 3861 2670 dedimus
3897 2598 3968 2669 in

1149 2719 1495 2792 mandatis
1522 2728 1598 2790 ut
1623 2718 1681 2789 si
1720 2718 1840 2812 qui
1874 2716 2182 2789 mandati
2205 2717 2418 2789 nostri
2457 2726 2988 2810 transgressores
3018 2718 3403 2809 extiterint,
3445 2720 3725 2793 eosdem
3758 2724 3967 2813 juxta

1150 2845 1480 2916 honorem
1509 2853 1815 2914 nostrum
1847 2850 1915 2913 et
1951 2840 2221 2937 imperii
2260 2839 2507 2913 debeat
2536 2840 2932 2915 emendare.
2972 2841 3148 2914 Hinc
3179 2852 3283 2914 est
3318 2841 3508 2935 quod
3536 2842 3966 2917 universitati

1146 2977 1374 3040 vestre
1401 2964 1811 3037 mandamus
1838 2985 1962 3060 per
1984 2964 2273 3053 gratiam
2306 2975 2607 3037 nostram
2643 2964 2926 3037 firmiter
2960 2966 3416 3061 precipientes
3449 2975 3796 3058 quatenus
3833 2968 3964 3062 ipsi

1149 3089 1330 3161 circa
1356 3087 1667 3182 predicta
1702 3087 2040 3159 auxilium
2079 3086 2554 3182 impendentes
2596 3088 2934 3183 impedire
2961 3089 3352 3161 nullatenus
3385 3090 3813 3184 presumatis.

1244 3212 1494 3281 Datum
1529 3209 1721 3303 apud
1746 3209 2155 3305 Bopardiam
2176 3266 2197 3302 ‚
2242 3212 2301 3281 ΙΙ
2328 3232 2546 3283 nonas
2574 3212 2833 3302 martii,
2879 3211 3253 3285 indictione
3284 3214 3419 3285 V1·.

768 3835 1063 3946 nopffldm,
1246 3810 1615 3895 Henricus
1641 3870 1664 3915 ‚
1720 3808 2242 3891 Romanorum
2307 3832 2439 3888 rex
2456 3868 2479 3913 ‚
2538 3807 3031 3891 Bertholdum
3094 3807 3530 3917 episcopum
3586 3811 3961 3921 Argenti-

806 3946 836 3990 ⁸
862 3942 1029 3988 ww.
1140 3970 1454 4029 nensem
1479 4005 1502 4050 ‚
1562 3941 1933 4023 familiam
1988 3940 2153 4049 ejus
2174 4001 2199 4044 ,
2269 3941 2668 4024 consilium
2733 3951 2809 4023 et
2878 3941 3269 4025 universos
3333 3942 3532 4024 cives
3597 3943 3964 4053 Argenti-

1142 4103 1449 4181 nenseS‚
1489 4101 1583 4156 ex
1618 4074 1887 4155 intimo
1931 4072 2254 4155 foederis
2298 4072 2601 4156 vinculo
2647 4096 2803 4181 quo
2840 4073 2983 4155 sibi
3021 4084 3201 4155 sunt
3237 4075 3605 4179 adstricti,
3640 4075 3784 4156 sub
3821 4102 3961 4158 sua

1140 4208 1445 4317 speciali
1490 4204 1949 4314 protectione
1985 4204 2284 4311 recipit,
2326 4204 2430 4285 ita
2483 4213 2569 4286 ut
2604 4202 3065 4313 ubicumque
3117 4231 3253 4314 per
3302 4206 3703 4313 imperium
3749 4207 3960 4316 regio

1135 4339 1554 4452 patrocinio
1590 4336 2122 4420 defendantur.

1306 4553 1515 4634 (Edid.
1547 4555 1889 4625 Wsncnn,
1916 4549 2251 4631 Apparatus
2276 4549 2657 4628 archivorum,
2687 4570 2749 4632 p.
2784 4561 2920 4627 162,
2949 4552 3180 4632 n01H.)

1249 4740 1620 4831 Henricus,
1674 4741 1797 4814 Dei
1844 4742 2063 4835 gratia
2099 4741 2559 4814 Romanorum
2589 4763 2711 4815 rex
2770 4751 2839 4814 et
2889 4763 3159 4837 semper
3196 4750 3561 4837 δαμείω,
3614 4741 3958 4815 universis
