4842 5802
1176 608 1298 670 958
2145 609 2649 673 DOCUMENTA
2702 610 3008 673 SPURIA.

1185 752 1391 838 atque
1415 740 1829 816 mandamus
1848 751 1927 814 ut
1947 742 2069 815 tibi
2092 743 2279 817 dicto
2297 755 2529 819 nostro
2552 747 2748 820 militi
2775 746 3159 841 Guglielmo
3175 746 3500 841 babeant,
3518 755 3819 837 teneant,
3839 747 3995 821 obe·

1183 867 1378 940 diant
1408 874 1477 937 et
1509 865 1844 938 honorent
1876 875 2110 962 utpote
2147 878 2450 941 nostram
2488 871 2848 965 ipsamque
2877 892 3275 966 personam,
3313 882 3642 966 tanquam
3685 880 3994 944 nostrum

1182 990 1682 1085 vicegerentem
1711 998 1782 1062 et
1811 990 2147 1063 vicarium
2165 1045 2185 1083 ,
2218 1000 2286 1064 et
2316 993 2452 1065 boc
2478 994 2610 1065 sub
2636 1016 2816 1088 pena
2845 1003 3115 1067 nostrae
3147 994 3642 1089 indignationis
3674 1004 3741 1068 et
3787 997 3995 1090 puni-

1183 1116 1387 1189 tionis
1422 1116 1556 1211 ipsi
1589 1115 1968 1209 Guglielmo
1998 1125 2230 1188 nostro
2279 1117 2542 1190 vicario
2578 1119 2934 1192 benevisa.
2982 1120 3056 1190 ln
3102 1121 3302 1213 cujus
3337 1120 3765 1194 certitudinis
3796 1120 3993 1192 veri-

1181 1251 1390 1313 tatem
1441 1250 1823 1334 presentem
1858 1240 2301 1335 diplomatem
2348 1241 2497 1314 fieri
2542 1241 2876 1333 jussimus
2927 1252 3160 1315 nostro
3200 1244 3533 1338 imperiali
3579 1243 3807 1338 sigillo
3858 1244 3988 1314 im·

1178 1365 1502 1461 pendenti
1539 1364 1905 1438 munitum.

1276 1493 1522 1561 Datum
1570 1490 1641 1560 in
1707 1498 1935 1561 nostra
1997 1490 2273 1562 civitate
2332 1490 2654 1585 Neapolis
2677 1544 2697 1582 ,
2772 1489 2887 1561 die
2949 1491 3285 1584 vigesimo
3356 1500 3601 1584 quarto
3665 1490 3983 1583 augusti,

1184 1616 1372 1689 ⁴232
1405 1611 1535 1710 (l).

1278 1739 1375 1808 De
1407 1735 1727 1808 mandato
1756 1736 2224 1828 augustissimi
2250 1736 2431 1830 regis
2466 1737 2787 1811 Friderici
2824 1736 3003 1810 vidit
3037 1737 3127 1810 de
3156 1737 3416 1811 Carall'a
3444 1735 3777 1809 Rinaldus
3804 1738 3988 1808 Bona

1176 1861 1799 1934 vicecancellarius.

1672 2187 3105 2200 —————-——-—--—--——-——--00—-—01-0
3116 2187 3492 2198 mne—.-

824 2478 1043 2575 vggggm
1285 2452 1710 2538 Fridericus
1725 2510 1750 2556 ,
1814 2450 2336 2533 Romanorum
2391 2450 2829 2558 imperator,
2904 2446 3258 2557 Ugutioni
3332 2457 3410 2530 et
3481 2446 3830 2531 Zuffredo
3898 2447 3996 2527 de

785 2563 1114 2640 ⁴⁸¹’“¹¹⁸¹²²³⁶·
1147 2587 1520 2670 ‘Trissino
1572 2583 1924 2667 fidelibus
1981 2582 2139 2666 suis
2191 2583 2585 2694 privilegia
2640 2611 2686 2666 a
2747 2581 3452 2692 praedecessoribus
3508 2582 3667 2663 suis
3727 2605 3995 2665 eorum

1180 2719 1601 2829 majoribus
1653 2717 1951 2799 indulta
2001 2715 2447 2823 confirmat,
2487 2740 2875 2825 novasque
2920 2713 3440 2797 concessiones
3476 2712 3761 2822 adjicit,
3804 2712 3999 2794 inter

1185 2878 1380 2963 quas
1408 2850 1537 2961 jus
1572 2850 1897 2933 ornandi
1943 2857 2243 2932 scutum
2298 2874 2692 2932 armorum
2736 2846 3148 2957 imperialis
3181 2846 3479 2957 aquilae
3514 2845 3786 2955 effigie.

1340 3075 1605 3150 (Edider.
1634 3073 1947 3147 Uarium,
1977 3068 2107 3132 Ital.
2134 3087 2310 3150 raon,
2337 3078 2386 3132 t.
2420 3071 2500 3144 V,
2539 3088 2603 3148 p.
2638 3059 2814 3145 1051,
2844 3087 2922 3132 ex
2956 3070 3126 3132 Pauli
3153 3070 3320 3131 Benli
3345 3069 3609 3130 Trisslna
3634 3069 3999 3130 historia.—

1331 3262 1339 3265 ⁴
1420 3181 1657 3252 Lumo,
1692 3174 1830 3239 Cod.
1862 3173 2001 3238 Ital.
2032 3173 2358 3258 diplomat,
2386 3182 2437 3238 t.
2470 3176 2567 3256 11,
2591 3192 2653 3254 p.
2687 3185 2824 3237 655.
2851 3176 2981 3252 Hoc
3017 3176 3394 3256 privilegium
3419 3176 3536 3236 nisi
3571 3176 3810 3235 omnino
3850 3191 3997 3251 spu-

1253 3472 1328 3546 (t)
1366 3469 1522 3527 Aliud
1553 3483 1767 3541 quoque
1794 3465 2109 3540 gentilitium
2138 3464 2473 3539 privilegium
2508 3463 2725 3522 omnino
2755 3463 2949 3521 falsum
2987 3470 3044 3521 et
3079 3464 3323 3537 spurium
3361 3463 3633 3521 invenisse
3659 3463 4001 3522 meminimus

1182 3587 1271 3645 ap.
1303 3569 1665 3636 Scumrrrno,
1705 3562 1907 3621 Annal.
1948 3562 2125 3620 eccles.
2156 3561 2293 3619 della
2319 3561 2580 3634 Liquria,
2618 3561 2766 3619 MSS.
2795 3561 2851 3616 in
2878 3560 3011 3618 bibl.
3039 3560 3179 3618 Berii
3207 3560 3350 3634 apud
3378 3561 3631 3632 Januam,
3673 3577 3706 3618 a
3734 3561 4001 3620 Friderico

1183 3675 1366 3726 nostro
1393 3681 1519 3738 rege
1543 3664 1901 3722 Romanorum
1939 3666 1996 3718 et
2019 3659 2225 3718 Siciliae
2248 3675 2389 3717 anno
2419 3661 2582 3728 ⁴2⁴4,
2610 3663 2673 3714 ut
2709 3657 2919 3728 dicunt,
2948 3657 3129 3716 ottoni
3156 3657 3442 3727 Belmosto,
3470 3657 3700 3715 Rubaldi
3738 3657 3846 3716 filio
3860 3702 3875 3729 ,
3908 3659 4003 3716 Ja-

1179 3765 1370 3824 nuensi
1409 3778 1742 3820 concessum.
1774 3760 1939 3833 Cujus
1974 3758 2271 3833 fragmenta
2305 3756 2562 3815 exhibere
2582 3771 2724 3813 nunc
2750 3755 2883 3814 satis
2908 3755 3037 3826 erit,
3066 3761 3128 3812 ut
3159 3755 3329 3813 fusius
3352 3754 3682 3829 explicemus
3705 3769 3816 3828 qua
3851 3762 3997 3826 arte,

1181 3879 1287 3938 quo
1314 3862 1437 3920 dolo
1467 3862 1536 3917 ad
1562 3875 1719 3916 suam
1745 3864 1958 3930 gentem
1986 3857 2348 3915 exornandam
2371 3855 2591 3929 quidam
2617 3854 2827 3912 nobiles
2854 3859 3166 3911 uterentur:
3193 3874 3221 3908 α
3344 3852 3751 3910 considerantes
3772 3867 4002 3926 preser-

1178 3961 1275 4017 tim
1303 3959 1357 4015 iu
1381 3955 1617 4031 presenti
1642 3954 1783 4012 bello
1810 3970 1918 4027 quo
1939 3960 2094 4028 pacto
2117 3960 2171 4010 te
2194 3952 2426 4026 gesseris
2451 3952 2543 4009 hic
2568 3958 2772 4009 etcum
2795 3951 2887 4007 diu
2913 3950 2969 4007 in
2991 3967 3052 4008 re
3074 3949 3289 4007 militari
3316 3948 3561 4023 peritiam
3589 3947 3779 4024 [tuam]
3799 3949 4000 4023 optime

1178 4055 1583 4129 conspeximus,
1617 4052 1738 4125 jure
1777 4051 1938 4107 etiam
1974 4051 2092 4123 ipso
2141 4049 2343 4106 incitati
2386 4053 2548 4123 atque
2582 4048 2790 4106 advecti
2824 4063 3012 4106 sumus
3041 4053 3104 4105 ut
3137 4047 3369 4122 teipsum
3399 4046 3745 4120 egregiasque
3773 4045 4000 4104 virtutes

1177 4163 1301 4213 tuas
1334 4151 1627 4211 honoribus
1663 4162 1982 4206 exornemus
2003 4152 2061 4203 et
2101 4146 2265 4203 titulis
2291 4145 2637 4204 illustremus.
2668 4147 2985 4220 Quanquam
3027 4149 3206 4202 autem
3239 4143 3497 4218 ampliora
3520 4143 3915 4218 insignioraque
3942 4141 3999 4198 in

1179 4255 1408 4328 teipsum
1425 4248 1750 4307 conserenda
1772 4245 2016 4304 voluntas
2033 4249 2216 4302 nostra
2239 4243 2479 4300 intendat
2495 4243 2790 4316 meritaque
2811 4249 2904 4299 tua
2926 4242 3283 4316 postulent,...
3309 4240 3380 4298 de
3399 4247 3548 4299 certa
3569 4247 3754 4301 nostra
3773 4241 3999 4298 scientia

1177 4350 1485 4427 propriique
1519 4345 1681 4403 animi
1704 4349 1873 4414 motu,
1903 4341 2109 4398 meritis
2132 4340 2348 4413 quidem
2376 4340 2483 4397 tuis
2501 4340 2605 4398 hoc
2631 4340 3061 4414 exposcentibus,
3091 4339 3148 4395 in
3174 4338 3487 4397 familiarem
3512 4343 3569 4396 et
3591 4337 3846 4395 familiam
3870 4353 3995 4395 nos·

1177 4454 1319 4505 tram
1347 4444 1445 4521 [te]
1465 4442 1751 4509 adscimus,
1781 4439 2136 4497 adscribimus
2162 4443 2219 4494 et
2244 4453 2661 4495 annumeramus
2684 4437 2737 4493 in
2762 4436 2977 4495 civitate
3006 4441 3188 4495 nostra
3214 4436 3485 4510 Neapolis,
3509 4452 3575 4493 ac
3600 4435 3838 4494 volentes
3854 4435 4000 4507 quod

1176 4560 1274 4618 pro
1312 4558 1455 4599 nunc
1479 4540 1551 4598 ob
1575 4537 1935 4596 testimonium
1960 4539 2017 4593 et
2041 4529 2355 4593 memoriam
2376 4533 2517 4592 bone
2543 4534 2829 4593 voluntatis
2851 4541 3030 4594 nostre
3055 4534 3354 4609 insignibus
3381 4535 3488 4592 tuis
3511 4534 3735 4606 effigiem
3760 4538 3999 4591 nostram

1180 4641 1354 4696 cincto
1374 4645 1535 4711 atque
1553 4640 1806 4694 coronato
1825 4633 2001 4707 capite
2022 4632 2302 4706 figuratam
2325 4633 2508 4692 valeas
2535 4630 2880 4707 [adJungere],
2907 4634 3296 4691 etc.-Datum
3318 4633 3373 4690 in
3391 4637 3566 4691 castro
3586 4631 3842 4705 Capuano
3870 4629 3909 4702 (l
3924 4631 3938 4686 l
3954 4630 3997 4703 ),

1179 4736 1265 4792 die
1286 4735 1412 4793 xm
1438 4732 1638 4792 mensis
1664 4730 1892 4804 augusti.
1916 4750 1944 4783 n
