4842 5802
1760 603 2014 664 INDEX
2062 599 2758 663 nocuMEN'ronUM.
3559 597 3681 660 989

878 809 1102 885 1256

862 944 939 996 29
956 918 1116 997 nov?
1189 935 1548 996 Interamne.
1620 965 1702 978 —
1736 931 2118 1009 Aquilegensi
2145 937 2206 992 et
2240 929 2526 992 Gradensi
2552 930 2925 1007 patriarchis,
2955 929 3288 991 Ravennati
3316 932 3376 986 et
3397 927 3681 987 Januensi

1698 1029 2146 1105 archiepiscopis
2178 1042 2502 1103 eorumque
2536 1025 2928 1104 suffraganeis
2969 1026 3309 1102 episcopum
3346 1023 3679 1084 Ostiensem

1697 1132 1758 1186 et
1781 1127 2030 1188 Sanctae
2049 1125 2303 1184 Sabinae
2322 1124 2732 1202 presbyterum
2758 1122 3115 1185 cardinalem
3133 1121 3528 1192 commendat,
3545 1123 3678 1197 qui-

1696 1221 1811 1283 bus
1849 1224 1915 1281 ln
1952 1221 2307 1282 Lombardia
2321 1264 2342 1295 ,
2373 1219 2638 1281 Marchia
2664 1221 2971 1281 Tervisina
2985 1261 3004 1292 ,
3043 1217 3390 1278 Romanioia
3436 1222 3497 1276 et
3536 1233 3675 1292 par-

1694 1319 1855 1379 tibus
1880 1319 2260 1381 venetiarum
2287 1318 2594 1396 legationis
2620 1317 2885 1378 officium
2917 1316 3242 1386 commisit,
3268 1320 3337 1375 ut
3359 1313 3443 1373 lbi
3468 1328 3674 1389 pacem

1695 1414 2014 1475 reformare
2038 1420 2376 1491 procurent.
3556 1418 3673 1470 925

870 1783 1081 1861 1251
2014 1735 2336 1804 Hemicuss
2379 1732 2563 1826 (VH)
2603 1733 3046 1803 Romanorum
3103 1749 3283 1802 rem:

843 1921 903 1973 1⁰
917 1914 1113 1974 octob.
1265 1917 1478 1980 Hallis.
1615 1943 1694 1959 -
1733 1914 2078 1989 Praeposito
2104 1921 2162 1975 et
2186 1916 2506 1976 conventui
2535 1915 2610 1975 de
2633 1912 3021 1975 Denkendorf
3046 1914 3458 1990 proprietatem
3493 1916 3672 1972 unius

1691 2010 1942 2085 patellae
1966 2010 2106 2070 salis
2140 2014 2202 2070 in
2230 2013 2470 2071 civitate
2497 2027 2605 2071 sua
2648 2010 2838 2070 Hallis
2879 2008 3057 2069 libere
3091 2009 3406 2069 tenendam
3442 2014 3503 2068 et
3536 2024 3670 2085 per-

814 2171 817 2176 ,
1689 2111 1867 2181 petuo
1894 2105 2308 2182 possidendam
2334 2105 2575 2167 confert.
3552 2111 3667 2163 555

869 2209 942 2262 19
971 2208 1090 2264 oct.
1275 2206 1454 2284 Apud
1610 2231 1692 2244 —
1731 2200 1952 2260 Notum
1981 2199 2122 2261 iacit
2145 2201 2307 2278 quod
2334 2202 2665 2278 Berngerus
2703 2199 2994 2277 Spirensis
3028 2201 3335 2277 episcopus
3370 2199 3482 2260 sibi
3521 2216 3668 2260 con-

1179 2303 1538 2383 Augustam‚
1691 2298 1828 2357 tulit
1862 2298 2231 2358 advocatiam
2281 2299 2355 2358 de
2393 2299 2670 2359 Luzheim
2712 2300 2776 2357 in
2810 2296 3006 2369 feudo,
3035 2298 3140 2358 tali
3185 2303 3359 2374 pacto
3405 2303 3474 2357 ut
3511 2298 3666 2357 hanc

1689 2395 2060 2456 advocatiam
2087 2396 2251 2456 nullo
2270 2397 2448 2457 modo
2473 2397 2550 2456 ab
2574 2398 2817 2473 imperio
2843 2395 3146 2455 alienaret.
3551 2402 3665 2456 556

878 2504 912 2555 5
934 2511 1076 2557 nov.
1271 2498 1451 2575 Apud
1611 2525 1689 2537 —
1727 2493 1827 2553 Ad
1870 2494 2360 2570 supplicationem
2404 2493 2748 2553 Theoderici
2793 2493 3166 2553 Treverensis
3209 2491 3625 2568 archiepiscopi
3640 2535 3660 2565 ,

1176 2590 1528 2672 Augustam.
1686 2593 2035 2650 monasterio
2060 2590 2138 2651 de
2162 2590 2560 2650 Hemmenrod
2585 2592 2648 2649 in
2670 2588 2907 2649 Eiiralia
2928 2590 3233 2649 ecclesiam
3255 2587 3413 2665 apud
3432 2588 3665 2666 Altripp

1685 2677 1913 2747 confert
1950 2703 2087 2747 cum
2135 2687 2412 2748 omnibus
2455 2689 2822 2764 pertinentiis
2864 2687 2993 2763 ejus
3029 2691 3088 2745 et
3120 2688 3257 2763 jure
3290 2690 3656 2761 patronatus.

3319 2790 3430 2842 557
3462 2789 3523 2842 et
3544 2790 3660 2842 950

846 2887 922 2942 22
950 2896 1091 2945 nov.
1151 2879 1270 2959 Ap.
1290 2882 1548 2947 IJlmam.
1607 2913 1683 2929 —
1720 2881 2017 2942 Ecclesiae
2042 2879 2406 2960 Augustensi
2447 2881 2811 2959 recognoscit
2844 2884 2904 2941 et
2942 2877 3253 2940 confirmat
3286 2878 3660 2940 medietatem

1682 2981 2077 3056 precariarum
2110 2995 2214 3039 seu
2253 2980 2630 3040 collectarum
2667 2995 2818 3055 quas
2843 2980 2969 3055 ipse
2992 2994 3032 3038 a
3066 2977 3295 3039 civibus
3325 2977 3663 3056 Augusteu-

1681 3076 1844 3137 sibus
1871 3075 2145 3154 deinceps
2171 3076 2410 3136 duxerit
2433 3075 2776 3155 exigendas.
3545 3084 3660 3136 557

844 3179 912 3233 21
948 3173 1078 3236 dec.
1260 3174 1437 3254 Apud
1602 3208 1683 3223 —
1721 3177 1983 3238 sculteto
2010 3183 2073 3238 et
2110 3176 2344 3237 civibus
2376 3177 2452 3237 de
2480 3175 2667 3237 Haiiis
2693 3175 2939 3236 mandat
2963 3181 3035 3236 ut
3064 3175 3284 3236 nullam
3311 3175 3388 3235 ab
3420 3175 3665 3236 ecclesia

1178 3272 1531 3350 Haguenau.
1682 3272 1757 3333 de
1782 3273 2101 3335 Schonthal
2127 3277 2452 3352 precariam
2487 3277 2732 3353 exigant
2755 3274 2830 3334 de
2855 3275 3016 3333 omni
3043 3274 3166 3334 sale
3189 3288 3309 3350 quo
3334 3279 3660 3332 conventus

1678 3370 1928 3448 indiget.
3539 3377 3655 3428 558

849 3464 916 3518 81
950 3457 1081 3519 dec.
1264 3463 1440 3538 Apud
1601 3496 1680 3510 —
1720 3465 1938 3527 Villam
1973 3467 2264 3526 Tatinriet
2299 3464 2503 3544 (Delie)
2545 3467 2623 3527 ab
2662 3468 2911 3544 Hugone
2951 3465 3164 3527 abbate
3199 3465 3568 3526 Morbacensi
3593 3467 3655 3525 in

1169 3556 1529 3635 Hagenowe.
1678 3567 1906 3621 rectum
1933 3561 2176 3622 feudum
2205 3568 2486 3639 perpetuo
2520 3564 2931 3639 possidendam
2955 3565 3183 3639 recipit,
3211 3579 3282 3623 ea
3321 3562 3656 3622 conditione

1678 3661 1747 3716 ut
1768 3657 1986 3717 ibidem
2013 3658 2296 3733 oppidum
2315 3664 2625 3719 construat
2643 3662 2813 3736 cujus
2831 3665 3150 3736 proventus
3173 3660 3493 3735 aequaliter
3516 3675 3654 3718 cum

1676 3752 1890 3813 abbate
1915 3753 2170 3827 dividet,
2211 3770 2517 3831 nunquam
2563 3754 2927 3832 praedictum
2963 3755 3244 3834 oppidum
3281 3772 3656 3833 quocumque

851 3813 1068 3890 1232
1673 3851 1846 3910 titulo
1873 3850 1951 3911 ab
1978 3853 2225 3928 imperio
2250 3853 2636 3914 alienaturus.
3535 3860 3651 3914 559

860 3950 919 4002 1⁰
939 3945 1071 4019 jan.
1256 3941 1437 4017 Apud
1594 3979 1675 3994 —
1713 3948 2103 4009 Donationem
2149 3965 2331 4026 quam
2372 3956 2540 4025 pater
2587 3966 2732 4009 suus
2784 3955 2844 4010 et
2888 3951 3016 4026 ipse
3065 3948 3330 4011 fecerunt
3373 3951 3647 4027 hospitali

1165 4039 1528 4118 Hagenowe.
1672 4044 1921 4105 Sanctae
1964 4045 2189 4105 Mariae
2235 4044 2730 4105 'theutonicorum
2769 4045 2845 4105 de
2884 4045 3127 4105 ecclesia
3168 4046 3381 4105 Kunitz
3395 4089 3412 4117 ,
3453 4047 3647 4107 denuo

1671 4136 2003 4210 confirmat,
2026 4154 2147 4198 non
2166 4137 2538 4199 obstantibus
2564 4138 2770 4199 litteris
2795 4155 2902 4215 per
2926 4139 3190 4216 iniquam
3215 4141 3646 4216 suggestionem

1672 4250 1709 4294 a
1733 4249 1796 4295 se
1824 4233 2079 4295 obtentis
2104 4235 2199 4295 vel
2224 4251 2377 4311 quae
2402 4237 2466 4294 in
2494 4242 2793 4312 posterum
2819 4234 3038 4295 fuerint
3062 4235 3356 4297 obtentae.
3385 4227 3390 4233 ’
3527 4244 3643 4297 560

1255 4329 1434 4407 Apud
1593 4360 1673 4373 —
1711 4329 1951 4390 Civibus
1977 4330 2052 4390 de
2078 4330 2490 4405 Frankinfort,
2521 4331 2847 4409 Wepflaria
2860 4375 2880 4410 ,
2907 4330 3225 4410 Friedberg
3258 4337 3320 4390 et
3344 4330 3644 4393 Geinhau-

1148 4426 1532 4506 Nuremberg.
1672 4442 1775 4488 sen
1803 4430 2096 4505 promittit
2122 4429 2282 4506 quod
2317 4445 2625 4506 nunquam
2665 4430 2922 4507 aliquem
2948 4445 3151 4490 eorum
3186 4436 3357 4509 coget
3395 4432 3471 4491 ad
3511 4449 3642 4493 ma-

1668 4524 1960 4586 ritandam
1986 4523 2170 4586 filiam
2194 4542 2364 4586 suam
2391 4527 2568 4587 alicui
2595 4526 2669 4587 de
2696 4530 2859 4588 curia
2893 4528 2986 4588 vel
3013 4533 3181 4588 extra
3207 4531 3428 4589 curiam
3445 4571 3464 4605 ,
3494 4537 3554 4591 et
3581 4534 3641 4592 in

1671 4625 1960 4699 praesenti
2006 4622 2192 4684 filiam
2233 4623 2521 4684 Jobannis
2560 4624 2863 4686 Goldstein
2906 4625 2982 4686 de
3026 4624 3422 4687 Frankenfort
3460 4644 3496 4688 a
3537 4630 3642 4689 tali

1668 4720 1968 4780 coactione
1993 4721 2224 4780 eximit.
3525 4732 3633 4786 561

849 4335 920 4389 15
943 4331 1070 4406 jan.
