4842 5802
1099 607 1219 670 718
2139 606 2483 670 nssnmcl
2531 608 2868 670 SEPTml
3533 611 3692 696 [Λευ.
3728 609 3903 674 1285.

767 1255 967 1363 3133,
1208 1234 1576 1319 Henricus
1590 1296 1615 1342 ,
1669 1234 2188 1319 Romanorum
2240 1260 2374 1318 rex
2391 1298 2416 1344 ,
2466 1236 2954 1320 donationem
3005 1235 3244 1345 partis
3296 1260 3480 1321 suae
3530 1235 3612 1319 in
3665 1245 3915 1321 castro

714 1365 772 1408 ¹⁴
812 1362 1021 1409 “¹²⁸²
1109 1366 1605 1477 Calwenberg
1668 1365 2022 1451 ecclesiae
2078 1367 2600 1479 Herbipolensi
2662 1368 2848 1452 olim
2912 1394 2958 1452 a
3013 1394 3094 1453 se
3145 1369 3427 1453 factam
3469 1369 3782 1455 innovat
3840 1377 3916 1454 et

1102 1501 1527 1587 confirmat.

1267 1742 1462 1819 (Edit.
1487 1758 1586 1820 ap.
1617 1743 1872 1803 Monam.
1904 1740 2090 1814 Boia,
2119 1745 2267 1801 tom.
2293 1739 2530 1814 XXXI,
2558 1756 2700 1818 pars
2726 1749 2802 1815 1⁸,
2834 1757 2896 1819 p.
2930 1749 3071 1817 ⁵8²,
3106 1758 3141 1803 e
3165 1741 3318 1805 libro
3347 1757 3473 1821 cop.
3503 1742 3713 1805 eccles.
3745 1743 3916 1805 Win-

1341 1848 1584 1926 ceburg.
1626 1878 1707 1893 —
1745 1847 2082 1921 Scuunrss,
2131 1842 2374 1926 Coburq.
2424 1843 2836 1929 Landuqack.
2878 1844 3276 1929 wkundena,
3322 1867 3384 1928 p.
3431 1858 3537 1924 ιο,
3592 1857 3662 1911 n·
3703 1857 3793 1911 ιο.
3835 1879 3915 1894 -

1343 1955 1565 2030 hon,
1595 1951 1785 2016 Gesch.
1817 1951 1914 2013 des
1937 1950 2408 2030 Frankenlands,
2439 1959 2489 2015 t.
2517 1953 2632 2027 111,
2661 1971 2720 2034 p.
2758 1953 2922 2034 881.)

1203 2167 1538 2239 Henricus
1581 2165 1953 2261 septimus,
1998 2166 2124 2238 Dei
2179 2166 2398 2260 gratia
2443 2166 2904 2240 Romanorum
2945 2189 3069 2242 rex
3122 2178 3190 2242 et
3236 2188 3510 2263 semper
3550 2177 3911 2262 augustus.

1106 2291 1433 2365 Noverint
1468 2289 1774 2363 universi
1803 2299 2152 2385 presentes
2184 2313 2269 2363 ac
2308 2292 2560 2387 posteri
2596 2290 2805 2383 hujus
2840 2291 3093 2386 pagine
3125 2292 3542 2388 inspectores
3570 2291 3763 2386 quod
3794 2314 3921 2366 nos

1109 2416 1270 2488 olim
1289 2414 1382 2487 ad
1396 2414 1788 2486 instantiam
1805 2413 2054 2485 nobilis
2079 2412 2210 2485 viri
2226 2415 2306 2484 B.
2326 2410 2431 2510 (a)
2447 2415 2715 2488 comitis
2734 2416 2823 2488 de
2838 2416 3367 2507 Hennenberch‚
3394 2416 3923 2510 recognovimus

1111 2547 1179 2612 et
1219 2538 1568 2634 protestati
1614 2536 1871 2608 fuimus
1914 2558 2037 2631 per
2069 2536 2328 2610 litteras
2369 2547 2637 2610 nostras
2676 2559 2802 2610 nos
2845 2538 3056 2611 nichil
3083 2541 3261 2631 Juris
3300 2539 3558 2614 habere
3595 2540 3667 2610 in
3704 2548 3926 2613 castro

1111 2661 1564 2754 Calwenberg
1602 2659 1715 2732 vel
1749 2661 1901 2751 ejus
1936 2660 2344 2750 attinentiis,
2385 2669 2455 2733 et
2487 2661 2547 2732 si
2579 2659 2748 2753 quid
2768 2661 2947 2753 juris
2985 2662 3136 2734 sive
3172 2663 3244 2751 in
3286 2670 3425 2734 toto
3452 2661 3702 2734 sivein
3734 2672 3928 2757 parte

1121 2787 1431 2877 ejusdem
1464 2784 1665 2857 castri
1700 2784 1811 2856 vel
1847 2785 1992 2857 suis
2023 2784 2395 2858 attinentiis
2430 2784 2828 2877 habuimus,
2861 2784 3209 2876 dedimus,
3240 2785 3661 2860 donavimus
3688 2795 3757 2863 et
3792 2796 3927 2860 tra-

1111 2909 1417 2983 didimus
1450 2907 1924 3002 Herbipolensi
1972 2908 2293 2993 ecclesie;
2336 2917 2407 2981 et
2441 2930 2630 2980 nunc
2670 2909 2890 3005 ipsam
2933 2909 3465 2999 recognitionem
3498 2918 3566 2981 et
3595 2918 3926 3005 protesta-

1116 3033 1370 3106 tionem
1406 3054 1528 3127 per
1573 3053 1701 3105 nos
1745 3042 1910 3104 tunc
1942 3033 2187 3105 factam
2224 3042 2292 3106 et
2322 3031 2760 3105 donationem
2793 3053 3003 3125 quam
3040 3041 3208 3104 tunc
3240 3032 3555 3104 similiter
3592 3032 3881 3104 fecimus
3902 3084 3925 3123 ,

1114 3180 1236 3253 per
1281 3168 1631 3252 presentes
1669 3156 1923 3229 litteras
1970 3149 2405 3229 innovamus.
2473 3159 2760 3252 Insuper
2804 3157 2895 3229 ob
2947 3157 3249 3229 favorem
3308 3156 3539 3242 dilecti
3606 3155 3932 3251 principis

1115 3281 1329 3353 nostri
1365 3280 1777 3356 venerahilis
1807 3281 2319 3376 Herbipolensis
2358 3280 2692 3376 episcopi,
2720 3281 2898 3352 sicut
2924 3279 3272 3374 quidquid
3293 3279 3467 3371 juris
3498 3281 3648 3354 sive
3684 3280 3755 3352 in
3789 3288 3931 3353 toto

1117 3405 1230 3479 vel
1268 3404 1339 3476 in
1384 3417 1576 3501 parte
1621 3401 1911 3500 predicti
1950 3404 2151 3477 castri
2184 3405 2295 3477 vel
2329 3404 2474 3475 suis
2505 3405 2881 3477 attinentiis
2915 3404 3291 3476 habuimus
3324 3400 3453 3500 [et]
3489 3405 3776 3477 ecclesie
3808 3426 3935 3478 sue

1117 3531 1532 3603 contulimus
1567 3527 2154 3623 quemadmodum
2209 3528 2531 3622 superius
2570 3529 2989 3620 continetur,
3029 3528 3132 3600 sic
3175 3536 3244 3600 et
3293 3549 3446 3600 eam
3481 3540 3740 3622 partem
3775 3549 3936 3601 cum

1119 3653 1265 3725 suis
1299 3651 1728 3749 pertinentiis
1756 3650 2100 3723 universis
2123 3673 2262 3745 que
2281 3647 2372 3723 ad
2408 3673 2537 3722 nos
2563 3650 2953 3725 crederetur
2991 3651 3268 3723 forsitan
3293 3652 3660 3746 pertinere,
3703 3651 3834 3723 sibi
3869 3659 3939 3724 et

1121 3777 1405 3849 ecclesie
1448 3797 1573 3848 sue
1612 3777 1679 3847 in
1738 3775 2220 3871 proprietatem
2262 3785 2329 3847 et
2370 3776 2492 3868 jus
2535 3784 2940 3872 perpetuum
2986 3774 3268 3859 damuS,
3319 3776 3656 3849 tradimus
3693 3785 3760 3848 et
3797 3773 3939 3848 do-

1125 3920 1399 3990 namus,
1435 3899 1615 3970 hanc
1651 3899 1940 3990 gratiam
1973 3898 2106 3969 sibi
2144 3898 2394 3970 factam
2433 3900 2732 3993 presenti
2766 3908 2999 3972 nostro
3027 3898 3394 3992 privilegio
3431 3896 3931 3970 confirmantes.

1221 4025 1454 4095 Testes
1509 4024 1716 4115 hujus
1775 4023 1872 4095 rei
1918 4032 2080 4094 sunt
2126 4048 2143 4092 ε
2196 4022 2269 4094 C.
2327 4024 2691 4117 Spyrensis
2745 4023 3145 4117 episcopus,
3176 4099 3179 4108 ,
3207 4020 3580 4094 Landolfus
3625 4021 3940 4094 Worma·

1125 4148 1374 4220 ciensis
1421 4150 1706 4238 electus,
1744 4145 2282 4238 Thegenhardus
2322 4145 2693 4239 imperialis
2734 4146 2894 4217 aule
2938 4145 3464 4238 protonotarius»,
3496 4142 3816 4213 Albertns
3847 4139 3939 4213 de

1126 4271 1430 4365 Vipeche
1458 4269 2069 4362 magdeburgensis
2112 4264 2557 4365 [prepositus]
2580 4321 2600 4356 ‚
2645 4266 3005 4339 Heinricus
3037 4265 3339 4338 marchio
3387 4265 3477 4337 de
3510 4263 3942 4336 Burchouwe

1126 4393 1490 4489 (Burgau),
1523 4394 1911 4465 Guntherus
1949 4391 2037 4466 de
2054 4393 2527 4484 Kevernberg,
2566 4390 2923 4462 Heinricus
2953 4389 3186 4481 junior
3223 4390 3311 4462 de
3347 4388 3761 4480 Suarzburg,
3797 4384 3943 4458 Fri·

1130 4517 1402 4591 dericus
1441 4517 1531 4589 de
1574 4517 2051 4611 Bichelingen,
2108 4517 2427 4606 comites,
2475 4514 2833 4590 Heinricus
2900 4513 2988 4586 de
3036 4512 3486 4606 Rabensburg
3530 4511 3946 4587 camerarius

1208 4717 1297 4799 (a)
1337 4718 1568 4780 Scilicet
1605 4720 1913 4800 Bopponss.
