4842 5802
1205 550 1364 612 1002
2132 554 2374 616 INDEX
2425 552 3111 615 DOCUMENTORUM.

1205 753 1481 873 Q

1208 921 1948 947 ............
1977 914 2057 929 -
2095 883 2519 944 Monasterium
2545 879 2865 960 dctsancto
2886 881 3126 942 Urbano
3152 879 3266 941 sub
3291 898 3400 941 sua
3425 883 3783 957 protectione
3819 882 4025 958 recipit

2055 987 2116 1041 et
2155 982 2402 1041 sculteto
2439 980 2513 1039 de
2553 979 2834 1041 solodoro
2879 979 3240 1055 caeterisque
3280 977 3656 1055 Burgundiae
3698 978 4024 1038 rectoribus

2053 1077 2297 1137 mandat
2320 1083 2391 1137 ut
2415 1092 2517 1136 eos
2541 1078 2644 1153 qui
2670 1077 3091 1136 monasterium
3120 1074 3348 1135 laedere
3371 1077 3886 1152 praesumpserint,
3927 1092 4023 1135 re-

2053 1177 2306 1251 primere
2328 1190 2449 1234 non
2476 1174 2772 1232 omittant.
3906 1180 4020 1231 714

1232 1273 1308 1326 80
1326 1266 1452 1342 Jan.
1641 1267 1820 1343 Apud
1977 1301 2056 1315 —
2095 1268 2385 1330 Officiatis
2410 1270 2533 1329 suis
2568 1268 2644 1327 de
2674 1265 3064 1326 Dinkelsbfihl
3080 1308 3099 1341 ,
3141 1264 3516 1344 Rotenburg,
3557 1267 3922 1344 Nordlingen
3963 1272 4025 1327 et

1546 1363 1601 1424 N
1604 1363 1917 1443 arimberg.
2053 1365 2278 1426 Werda
2312 1367 2377 1426 in
2414 1364 2678 1426 favorem
2711 1364 3049 1424 monasterii
3087 1362 3166 1423 de
3190 1362 3429 1424 Abusen
3458 1364 3756 1425 interdicit
3787 1380 3864 1425 ne
3888 1381 4021 1442 per-

2052 1482 2227 1526 sonas
2251 1466 2671 1526 ecclesiasticas
2697 1465 2759 1522 in
2784 1478 2961 1523 causa
2985 1462 3272 1522 criminali
3299 1462 3394 1523 vel
3417 1463 3576 1523 civili
3595 1464 3818 1541 judicio
3845 1480 4019 1524 secu-

2049 1562 2163 1622 lari
2189 1568 2345 1622 stare
2370 1565 2586 1638 cogant
2617 1564 2820 1619 contra
2844 1560 3105 1635 ipsarum
3128 1558 3515 1619 voluntatem.
3904 1567 4017 1619 715

1235 1659 1269 1711 8
1296 1649 1447 1712 febr.
1640 1652 1816 1729 Apud
1975 1689 2054 1703 —
2091 1658 2357 1718 Waltero
2407 1655 2608 1717 abbati
2655 1661 2715 1715 et
2758 1656 3075 1716 conventui
3117 1654 3193 1714 de
3230 1653 3586 1715 Heilsbronn
3628 1654 3831 1715 villam
3875 1655 4019 1715 Kel-

1541 1746 1915 1828 Nurimberg.
2050 1755 2241 1814 minze
2279 1770 2460 1830 quam
2486 1751 2777 1812 liudolfus
2802 1751 2876 1811 dc
2901 1750 3258 1811 Lewenrode
3282 1767 3319 1810 a
3344 1766 3479 1829 rege
3511 1750 3575 1809 in
3612 1750 3792 1811 feudo
3818 1768 4021 1828 posse-

2053 1851 2220 1911 derat
2245 1858 2305 1910 ct
2329 1852 2681 1910 monasterio
2706 1848 3072 1919 vendiderat,
3101 1847 3213 1908 sibi
3237 1849 3736 1927 resignatam‚pro
3761 1851 4019 1910 remedio

2052 1950 2285 2008 animae
2311 1964 2453 2008 suae
2474 1953 2536 2007 et
2558 1947 2998 2024 progenitorum
3024 1961 3266 2006 suorum
3290 1943 3615 2006 confirmat.
3905 1955 4018 2006 ⁷16

1217 2045 1299 2097 24
1323 2036 1476 2098 febr.
1534 2038 1650 2117 Ap.
1666 2038 1918 2117 Spiram.
1972 2076 2053 2089 —
2090 2045 2480 2106 Donationem
2533 2046 2715 2119 partis
2766 2059 2905 2103 suae
2955 2045 3018 2102 in
3070 2047 3262 2102 castro
3313 2041 3695 2121 Calwenberg
3744 2044 4020 2104 ecclesiae

2048 2140 2451 2217 Her-bipolensi
2478 2141 2621 2200 olim
2648 2156 2685 2199 a
2706 2156 2767 2199 se
2793 2139 3008 2199 factam
3031 2141 3276 2200 innovat
3301 2145 3363 2199 et
3386 2137 3718 2220 confirmat.
3904 2148 4017 2200 718

1220 2239 1280 2292 1⁰
1299 2237 1475 2292 mart.
1531 2232 1647 2310 Ap.
1668 2233 1920 2311 spiram.
1970 2268 2051 2281 —
2090 2237 2265 2297 Petro
2289 2237 2539 2298 sculteto
2564 2237 2640 2295 de
2669 2236 2856 2296 Berno
2879 2252 2987 2312 pro
3018 2236 3245 2296 devotis
3268 2237 3396 2312 ejus
3427 2237 3683 2297 servitiis
3707 2242 3769 2295 et
3803 2235 3882 2296 ad
3907 2252 4020 2313 pe-

2051 2336 2316 2395 titionem
2342 2337 2472 2412 ejus
2499 2335 2793 2393 vivarium
2821 2348 2995 2394 suum
3026 2338 3165 2393 aute
3190 2333 3489 2392 civitatem
3521 2335 3702 2393 situm
3721 2334 3857 2409 jure
3882 2333 4021 2394 feo-

2050 2435 2171 2495 dali
2198 2436 2492 2496 concedit.
3902 2441 4020 2493 ’119

1206 2527 1278 2580 15
1304 2526 1474 2582 mart·
1643 2520 1818 2600 Apud
1971 2567 2051 2579 —
2088 2533 2407 2593 Abbatiam
2434 2537 2496 2592 et
2520 2532 2819 2592 civitatem
2843 2530 2919 2591 de
2951 2529 3112 2591 Selze
3146 2530 3209 2589 in
3242 2545 3351 2589 sua
3388 2530 3626 2606 speciali
3664 2533 4022 2606 protectione

1546 2618 1910 2697 Hagenowe.
2049 2631 2257 2705 recipit
2281 2634 2485 2689 contra
2511 2627 2904 2688 marchionem
2931 2625 3006 2687 de
3030 2624 3235 2687 Baden
3259 2627 3364 2702 qui
3388 2628 3493 2704 Jus
3519 2626 3861 2688 advocatiae
3898 2627 4023 2687 ibi-

2051 2726 2186 2787 dem
2217 2726 2330 2787 sibi
2358 2709 2730 2787 vendicabat.
3904 2733 4019 2785 719

1203 2818 1276 2872 23
1299 2818 1475 2873 murt·
1643 2812 1820 2890 Apud
1970 2856 2051 2866 —
2089 2824 2308 2883 Basilio
2343 2824 2462 2882 civi
2501 2823 2766 2899 Aquensi
2807 2820 3100 2881 licentiam
3135 2819 3402 2880 concedit
3437 2818 3775 2880 conferendi
3824 2827 3885 2881 et
3923 2820 4022 2881 le-

1546 2909 1903 2989 Hagenowe.
2053 2920 2229 2998 gandi
2266 2920 2509 2979 domum
2542 2920 2726 2994 ipsius
2749 2917 3023 2977 ecclcsiae
3059 2916 3309 2978 Sanctae
3333 2915 3555 2977 Mariae
3578 2916 3654 2976 de
3680 2917 3906 2995 Aquis,
3936 2919 4020 2978 ita

2052 3023 2123 3076 ut
2145 3032 2341 3077 annua
2364 3017 2592 3093 pensio,
2620 3015 2841 3075 scilicet
2863 3015 3105 3092 triginta
3128 3013 3354 3075 denarii
3385 3014 3788 3090 colonienses,
3819 3015 3932 3076 sibi
3957 3022 4018 3075 et

2051 3113 2298 3188 imperio
2320 3110 2708 3187 persolvatur.
3903 3119 4018 3172 720

1202 3206 1277 3259 26
1300 3206 1477 3262 mart.
1640 3200 1819 3279 Apud
1971 3237 2054 3249 -
2090 3203 2308 3264 Domui
2333 3204 2637 3280 hospitalis
2659 3205 2721 3263 in
2748 3204 3076 3281 Haguenau
3108 3202 3184 3263 ab
3219 3203 3682 3264 antecessoribus
3717 3207 3840 3265 suis
3875 3205 4020 3266 fun-

1547 3299 1904 3377 Hagenowe.
2051 3300 2225 3361 datae
2252 3299 2521 3361 concedit
2551 3300 2918 3375 parrochiam
2943 3301 3005 3358 in
3035 3315 3143 3360 sua
3169 3314 3326 3360 nova
3353 3301 3590 3361 civitate
3625 3302 3930 3379 Konigsau
3958 3307 4019 3361 et

2051 3412 2298 3475 augeam
2346 3411 2517 3455 suam
2551 3397 2613 3454 in
2658 3396 3061 3473 Buzlnsheim,
3101 3397 3461 3472 mandatque
3496 3397 3842 3457 custodibus
3881 3413 4020 3458 cas-

2052 3500 2277 3554 trorum
2303 3491 2605 3553 Malberch
2643 3498 2703 3552 et
2740 3492 3172 3554 Weikersheim
3212 3500 3271 3553 et
3303 3494 3561 3553 civitatis
3602 3493 3906 3571 Konigsau
3946 3511 4020 3554 ne

2052 3591 2417 3668 praedictum
2443 3589 2729 3665 hospitale
2756 3590 3127 3668 aliquomodo
3152 3591 3458 3650 molestare
3481 3599 3876 3667 praesumant.

3734 3697 3873 3759 720,
3906 3696 4010 3748 721

1218 3789 1281 3843 1⁰
1304 3784 1476 3860 april.
1637 3780 1817 3857 Apud
1973 3814 2056 3830 —
2092 3786 2311 3846 Notum
2335 3785 2479 3845 facit
2503 3786 2666 3862 quod
2691 3788 2961 3862 episcopo
2987 3782 3428 3863 osnaburgensi
3455 3785 3649 3846 locum
3670 3787 3899 3863 argenti
3926 3785 4020 3845 fo-

1537 3876 1915 3954 Oppenheim.
2053 3878 2226 3941 dinae
2276 3883 2339 3940 in
2394 3882 2634 3958 praedio
2677 3881 2952 3941 ecclesiae
2999 3883 3157 3959 ejus,
3197 3881 3433 3958 Hilggel
3481 3888 3540 3941 et
3577 3881 4020 3942 Stertenbrinkc

2053 3973 2244 4053 dicto,
2275 3977 2387 4051 ipsi
2433 3982 2494 4036 et
2527 3978 2656 4052 ejus
2685 3974 3122 4036 successoribus
3155 3981 3215 4035 et
3255 3976 3530 4035 ecclesiae
3569 3976 3741 4035 titulo
3776 3974 4024 4035 contulit

2052 4068 2267 4131 feudali
2294 4076 2578 4133 eteorum
2607 4073 2900 4149 perpetuis
2925 4071 3130 4132 usibus
3154 4070 3473 4148 deputavit.
3906 4079 4017 4130 ’123

1209 4175 1283 4228 10
1316 4169 1479 4228 maii.
1636 4164 1818 4242 Apud
1975 4197 2054 4212 -
2093 4166 2334 4228 Civibus
2359 4170 2425 4227 in
2450 4170 2846 4230 Frankenfort
2869 4176 3105 4245 propter
3129 4170 3555 4246 reparatlonem
3582 4170 3778 4244 pontis
3815 4183 4020 4227 eorum

1533 4262 1944 4324 Frankenfort.
2053 4266 2158 4341 qui
2197 4281 2273 4324 ex
2315 4266 2704 4327 inundatione
2747 4283 3032 4343 aquarum
3078 4268 3142 4325 in
3181 4268 3443 4326 maxima
3483 4271 3647 4342 parte
3684 4271 4016 4337 corruerat,

2054 4360 2425 4421 medictatem
2463 4368 2854 4438 proventuum
2887 4368 3157 4423 monetae
3179 4377 3323 4421 suae
3356 4361 3418 4421 in
3441 4360 3835 4422 Frankenfort
3859 4366 3921 4420 et
3944 4359 4021 4419 de

2051 4455 2241 4533 sylvis
2270 4458 2393 4517 suis
2417 4457 2574 4534 ligna
2602 4459 2923 4518 necessaria
2948 4457 3234 4518 coneedit.
3903 4462 4016 4514 ⁷25

1213 4559 1285 4612 18
1315 4553 1479 4614 maii.
1650 4549 1829 4629 Apud
1975 4584 2055 4598 --
2092 4553 2187 4614 Ad
2234 4555 2715 4631 suppilcationem
2755 4554 2955 4616 sifridi
2996 4556 3327 4634 Maguntini
3353 4553 3772 4630 archiepiscopi
3790 4595 3807 4623 ,
3837 4551 4020 4612 nobili

1532 4647 1945 4711 Frankenfort.
2050 4652 2179 4711 viro
2206 4649 2484 4730 Philippo
2511 4653 2585 4713 de
2609 4651 2985 4731 Virnenburg
3007 4652 3161 4713 hanc
3185 4652 3454 4713 concedit
3479 4652 3731 4729 gratiam
3759 4655 3829 4710 ut
3852 4649 4022 4711 feoda
