4842 5802
1181 603 1303 666 940
2277 616 2897 679 ABDITAMENTA.

1188 739 1453 834 imperii
1510 740 1830 815 fidelibus
1879 754 2016 816 tam
2074 752 2505 840 presentibus
2550 773 2761 845 quam
2810 750 3059 823 futuris
3103 749 3293 843 quod
3347 749 3638 823 dilectus
3685 751 4002 848 princeps

1188 874 1419 936 noster
1453 865 1540 937 Α.
1584 866 1729 961 (Ε.)
1757 870 2174 942 venerabilis
2212 874 2785 968 Pabinbergensis
2821 875 3190 969 episcopus
3237 882 3469 946 nostro
3512 875 3793 947 culmini
3833 898 4003 972 sup-

1191 988 1476 1081 plicavit
1531 1000 1873 1082 quatenus
1937 993 2263 1066 telonium
2325 997 2514 1090 apud
2572 997 2832 1071 Merket
2897 996 3007 1090 (P)
3068 1006 3137 1068 et
3194 1005 3536 1069 monetam
3598 998 3671 1069 in
3722 999 3996 1090 steine,

1187 1110 1777 1203 quemadmodum
1837 1137 1962 1209 per
2011 1117 2176 1189 dive
2223 1121 2714 1193 recordationis
2768 1129 3142 1213 augustum
3191 1121 3557 1193 Henricum
3615 1122 3998 1195 secundum

1185 1236 1734 1329 predecessorem
1792 1250 2099 1312 nostrum
2153 1242 2373 1337 ipsius
2424 1245 2813 1319 monasterii
2863 1244 3294 1317 fundatorem
3349 1244 3534 1318 dicto
3588 1247 3999 1320 monasterio

1188 1367 1350 1430 sunt
1374 1379 1725 1449 concessa,
1745 1372 1811 1433 et
1835 1361 2022 1435 idem
2054 1368 2543 1441 monasterium
2573 1390 2667 1441 ex
2694 1369 2982 1462 antiquo
3009 1367 3315 1463 possedit
3341 1380 3410 1441 et
3435 1391 3568 1441 usu
3597 1366 3750 1466 (sic)
3771 1370 3998 1442 extitit

1186 1484 1644 1575 usquemodo,
1688 1485 2132 1580 dignaremur
2165 1490 2256 1564 de
2291 1501 2523 1564 nostra
2558 1493 2775 1586 gratia
2810 1491 3238 1566 confirmare.
3273 1490 3538 1589 [Forma
3574 1502 3802 1566 autem
3830 1514 3996 1566 con-

1184 1603 1590 1680 firmationis
1619 1608 1989 1708 sequitur.]

1284 1730 1533 1801 Datum
1588 1731 1778 1826 apud
1835 1733 2308 1829 Aquilegiam‚
2370 1759 2552 1810 anno
2604 1737 2947 1812 dominice
2997 1738 3483 1811 incarnationis
3532 1738 3990 1831 MCCXXXII,

1183 1872 1422 1925 mense
1448 1855 1704 1948 aprilis,
1750 1858 1988 1949 quinte
2024 1858 2443 1932 indictionis.

3369 2152 3523 2163 -.β-

826 2394 1028 2493 μξιῇξῖ,
1286 2389 1749 2494 FridericuS,
1815 2389 2333 2473 Romanorum
2405 2392 2845 2499 imperator,
2922 2392 3021 2473 ad
3110 2392 3733 2502 supplicationem
3795 2395 3995 2478 Vol-

823 2481 1066 2599 ’Ὕὲνῖἓὰ
1179 2523 1396 2651 quini
1456 2524 1800 2632 magistri
1863 2524 2175 2607 militiae
2242 2524 2519 2607 Christi
2573 2525 2652 2606 in
2715 2524 3065 2631 Livonia,
3125 2550 3302 2607 eum
3363 2536 3437 2607 et
3501 2526 3773 2609 fratres
3829 2528 3994 2637 ejus

1179 2681 1356 2736 cum
1432 2655 1791 2738 omnibus
1854 2654 2074 2738 bonis
2129 2681 2393 2737 eorum
2459 2656 2537 2737 in
2594 2655 2939 2764 Livonia,
2997 2656 3271 2764 Lettia,
3342 2658 3581 2742 Osilia
3643 2670 3717 2741 et
3777 2661 3996 2742 terris

1179 2784 1464 2869 ibidem
1499 2787 1873 2894 expressis
1897 2847 1922 2892 ,
1963 2786 2108 2870 sub
2143 2790 2603 2896 protectione
2639 2813 2777 2870 sua
2812 2796 2887 2870 et
2931 2788 3226 2897 imperii
3275 2788 3561 2899 recipit.

1344 2988 1584 3065 (Inedit.
1630 2990 1691 3047 in
1721 2985 2228 3050 Lim—Estheund
2271 2989 2679 3052 Curlandn’scloe
2729 2989 3122 3068 Urlmndenb„
3160 2998 3209 3054 t.
3238 2994 3299 3070 1,
3337 3009 3477 3070 pars
3505 2994 3596 3066 11,
3627 3010 3688 3070 p.
3736 3002 3992 3056 164466

1427 3091 1628 3167 (Revel
1661 3097 1862 3168 1852).
1893 3094 1982 3154 Cf.
2017 3111 2215 3171 supra,
2247 3114 2306 3173 p.
2342 3106 2410 3158 37
2424 3106 2481 3174 5,
2511 3105 2631 3158 not.
2681 3107 2736 3158 ι.
2768 3100 2972 3160 Fuerit
2994 3115 3071 3158 ne
3096 3099 3251 3159 idem
3279 3099 3649 3177 privilegium
3679 3100 3837 3178 quod
3864 3100 3996 3161 Na-

1422 3200 1662 3277 piersky
1702 3200 1780 3260 ad
1816 3216 2078 3263 mensem
2109 3202 2327 3279 julium
2373 3204 2635 3278 ejusdem
2679 3206 2820 3264 anni
2861 3211 3180 3280 memorat,
3218 3221 3296 3266 an
3321 3206 3571 3267 alterum
3613 3206 3776 3283 quod
3817 3206 3995 3282 paulo

1425 3310 1562 3380 post
1608 3306 1922 3381 imperator
1967 3306 2159 3366 ordini
2202 3307 2446 3368 militiae
2490 3308 2703 3369 Christi
2744 3308 2855 3369 sub
2880 3309 3151 3386 ampliori
3175 3308 3365 3369 forma
3389 3309 3585 3371 denuo
3611 3311 3991 3383 concesserit,

1419 3428 1541 3471 non
1566 3411 1739 3487 plane
1767 3409 2041 3491 scimus.)

1277 3595 1355 3666 ln
1397 3594 1674 3667 nomine
1710 3604 1948 3666 sancte
1983 3604 2051 3666 et
2077 3574 2450 3667 ‘individue
2486 3596 2850 3667 Trinitatis.
2899 3595 3291 3669 Fridericus
3332 3597 3715 3687 secunduS,
3752 3597 3994 3674 divina

1181 3722 1455 3793 favente
1487 3721 1850 3793 clementia
1901 3721 2358 3793 Romanorum
2391 3721 2758 3815 imperator
2799 3742 3070 3817 semper
3109 3730 3478 3816 augustuS,
3517 3723 3889 3795 Jerusalem
3926 3734 3998 3796 et

1181 3845 1411 3915 Sicilie
1445 3865 1597 3915 rex.
1638 3844 1808 3915 Cum
1845 3845 2061 3917 simus
2102 3845 2467 3917 christiane
2515 3843 2677 3916 fidei
2730 3846 3055 3917 zelatores
3104 3855 3172 3917 et
3210 3845 3281 3915 in
3325 3867 3411 3917 eo
3445 3853 3587 3917 tota
3617 3845 3993 3917 intentione

1182 3986 1563 4052 versemur,
1618 3967 1807 4060 quod
1855 3967 2074 4063 ipsius
2122 3970 2350 4040 cultus
2397 3968 2691 4061 amplius
2735 3978 2804 4039 et
2852 3969 3217 4062 perfectius
3272 3968 3621 4057 dilatetur,
3681 3978 3994 4041 tenemur

1182 4088 1646 4161 venerabilem
1707 4090 2105 4182 magistrum
2178 4100 2247 4163 et
2317 4092 2556 4163 fratres
2615 4091 2854 4164 militie
2888 4092 3155 4164 -Christi
3220 4092 3309 4164 de
3352 4091 3693 4181 -Livonia,
3756 4088 3994 4164 fideles

1182 4224 1495 4304 nostros,
1556 4213 1678 4306 qui
1742 4212 1948 4285 fidem
2026 4213 2317 4285 eandem
2391 4235 2527 4285 non
2609 4216 2757 4286 sine
2815 4215 3029 4287 multa
3104 4214 3440 4287 effusione
3508 4214 3865 4307 sanguinis
3924 4223 3994 4284 et

1179 4357 1604 4431 paganorum
1651 4346 1876 4429 strage
1929 4337 2000 4407 in
2064 4336 2345 4408 Livonia
2407 4346 2477 4409 et
2539 4339 2738 4409 terris
2796 4337 3272 4429 adjacentibus
3326 4337 3730 4427 dilatarunt,
3789 4336 3992 4409 solli-

1181 4461 1511 4534 citudinis
1568 4461 1890 4533 instantia
1944 4463 2343 4555 confovere,
2407 4472 2475 4534 et
2538 4463 2898 4556 petitiones
2958 4457 3194 4536 e'orum
3256 4464 3355 4535 sic
3428 4460 3797 4534 clementer
3855 4460 3986 4533 ad-

1183 4586 1485 4674 mittere,
1531 4585 1726 4678 quod
1775 4586 2191 4678 presentium
2247 4585 2333 4656 sit
2378 4585 2470 4659 ad
2525 4587 2859 4679 gaudium
2901 4597 2973 4658 et
3022 4586 3318 4682 posteris
3360 4585 3578 4678 gratie
3626 4585 3697 4654 in
3752 4604 3991 4656 exem-

1183 4711 1404 4803 plum.
1444 4707 1614 4780 Inde
1653 4716 1759 4779 est
1799 4707 2007 4800 igitur
2042 4708 2236 4800 quod
2284 4709 2628 4783 universis
2678 4710 2946 4804 imperii
2982 4707 3338 4799 fidelibus,
3380 4717 3522 4780 tam
3557 4706 3991 4803 presentibus
