<?xml version="1.0" encoding="UTF-8"?>
<!DOCTYPE html PUBLIC "-//W3C//DTD XHTML 1.0 Transitional//EN"
    "http://www.w3.org/TR/xhtml1/DTD/xhtml1-transitional.dtd">
<html xmlns="http://www.w3.org/1999/xhtml" xml:lang="en" lang="en">
 <head>
  <title>
</title>
<meta http-equiv="Content-Type" content="text/html;charset=utf-8" />
  <meta name='ocr-system' content='tesseract 3.04.00' />
  <meta name='ocr-capabilities' content='ocr_page ocr_carea ocr_par ocr_line ocrx_word'/>
</head>
<body>
  <div class='ocr_page' id='page_1' title='image "./historiadiploma01degoog_0248.png"; bbox 0 0 4842 5802; ppageno 0'>
   <div class='ocr_carea' id='block_1_1' title="bbox 1161 619 3966 718">
    <p class='ocr_par' dir='ltr' id='par_1_1' title="bbox 1161 619 3966 718">
     <span class='ocr_line' id='line_1_1' title="bbox 1161 619 3966 718; baseline 0.007 -39"><span class='ocrx_word' id='word_1_1' title='bbox 1161 619 1281 681; x_wconf 78' lang='lat'>732</span> <span class='ocrx_word' id='word_1_2' title='bbox 2166 629 2589 693; x_wconf 67' lang='lat' dir='ltr'>nmmum</span> <span class='ocrx_word' id='word_1_3' title='bbox 2636 633 2985 695; x_wconf 71' lang='lat' dir='ltr'>sncumnl</span> <span class='ocrx_word' id='word_1_4' title='bbox 3598 634 3757 718; x_wconf 67' lang='lat' dir='ltr'>[Anu.</span> <span class='ocrx_word' id='word_1_5' title='bbox 3797 637 3966 699; x_wconf 77' lang='lat'>1235.</span> 
     </span>
    </p>
   </div>
   <div class='ocr_carea' id='block_1_2' title="bbox 1160 752 3981 1135">
    <p class='ocr_par' dir='ltr' id='par_1_2' title="bbox 1160 752 3981 1135">
     <span class='ocr_line' id='line_1_2' title="bbox 1160 752 3981 874; baseline 0.006 -40"><span class='ocrx_word' id='word_1_6' title='bbox 1160 754 1263 835; x_wconf 90' lang='lat' dir='ltr'>ad</span> <span class='ocrx_word' id='word_1_7' title='bbox 1312 752 1890 867; x_wconf 87' lang='lat' dir='ltr'>Heidelbergam</span> <span class='ocrx_word' id='word_1_8' title='bbox 1937 757 2059 870; x_wconf 93' lang='lat'>(1)</span> <span class='ocrx_word' id='word_1_9' title='bbox 2105 769 2181 843; x_wconf 91' lang='lat' dir='ltr'>et</span> <span class='ocrx_word' id='word_1_10' title='bbox 2223 759 2503 845; x_wconf 89' lang='lat' dir='ltr'>abinde</span> <span class='ocrx_word' id='word_1_11' title='bbox 2553 764 2654 846; x_wconf 90' lang='lat' dir='ltr'>ad</span> <span class='ocrx_word' id='word_1_12' title='bbox 2699 763 3070 848; x_wconf 87' lang='lat' dir='ltr'>Altzheim</span> <span class='ocrx_word' id='word_1_13' title='bbox 3122 762 3596 874; x_wconf 80' lang='lat' dir='ltr'>(Alreheim)</span> <span class='ocrx_word' id='word_1_14' title='bbox 3621 826 3647 873; x_wconf 86' lang='lat'>‚</span> <span class='ocrx_word' id='word_1_15' title='bbox 3704 768 3981 852; x_wconf 92' lang='lat' dir='ltr'>dehinc</span> 
     </span>
     <span class='ocr_line' id='line_1_3' title="bbox 1160 884 3978 1008; baseline 0.006 -42"><span class='ocrx_word' id='word_1_16' title='bbox 1160 884 1242 966; x_wconf 92' lang='lat' dir='ltr'>in</span> <span class='ocrx_word' id='word_1_17' title='bbox 1293 886 1624 969; x_wconf 90' lang='lat' dir='ltr'>Siciliam</span> <span class='ocrx_word' id='word_1_18' title='bbox 1678 890 1959 973; x_wconf 89' lang='lat' dir='ltr'>missus</span> <span class='ocrx_word' id='word_1_19' title='bbox 2020 903 2136 975; x_wconf 90' lang='lat' dir='ltr'>est</span> <span class='ocrx_word' id='word_1_20' title='bbox 2177 919 2355 975; x_wconf 91' lang='lat' dir='ltr'>cum</span> <span class='ocrx_word' id='word_1_21' title='bbox 2402 895 2623 1005; x_wconf 85' lang='lat' dir='ltr'>galea</span> <span class='ocrx_word' id='word_1_22' title='bbox 2670 895 2822 1007; x_wconf 80' lang='lat'>(2).</span> <span class='ocrx_word' id='word_1_23' title='bbox 2886 897 3154 980; x_wconf 74' lang='lat' dir='ltr'>chron.</span> <span class='ocrx_word' id='word_1_24' title='bbox 3218 900 3565 979; x_wconf 81' lang='lat' dir='ltr'>Wormat.</span> <span class='ocrx_word' id='word_1_25' title='bbox 3627 926 3753 1008; x_wconf 93' lang='lat' dir='ltr'>ap.</span> <span class='ocrx_word' id='word_1_26' title='bbox 3816 902 3978 984; x_wconf 85' lang='lat' dir='ltr'>Lu-</span> 
     </span>
     <span class='ocr_line' id='line_1_4' title="bbox 1160 1020 2762 1135; baseline 0.008 -37"><span class='ocrx_word' id='word_1_27' title='bbox 1160 1044 1437 1122; x_wconf 68' lang='lat' dir='ltr'>nmm,</span> <span class='ocrx_word' id='word_1_28' title='bbox 1480 1020 1715 1128; x_wconf 81' lang='lat' dir='ltr'>Reliq.</span> <span class='ocrx_word' id='word_1_29' title='bbox 1770 1030 2143 1128; x_wconf 63' lang='lat' dir='ltr'>manusc„</span> <span class='ocrx_word' id='word_1_30' title='bbox 2203 1036 2261 1108; x_wconf 92' lang='lat' dir='ltr'>t.</span> <span class='ocrx_word' id='word_1_31' title='bbox 2307 1026 2413 1132; x_wconf 89' lang='lat'>11,</span> <span class='ocrx_word' id='word_1_32' title='bbox 2453 1054 2533 1135; x_wconf 92' lang='lat' dir='ltr'>p.</span> <span class='ocrx_word' id='word_1_33' title='bbox 2581 1030 2762 1111; x_wconf 88' lang='grc'><strong>119.</strong></span> 
     </span>
    </p>
   </div>
   <div class='ocr_carea' id='block_1_3' title="bbox 751 1630 3965 2143">
    <p class='ocr_par' dir='ltr' id='par_1_3' title="bbox 751 1630 3965 2143">
     <span class='ocr_line' id='line_1_5' title="bbox 751 1630 3965 1748; baseline 0.002 -34"><span class='ocrx_word' id='word_1_34' title='bbox 751 1659 896 1714; x_wconf 74' lang='lat' dir='ltr'>ture·</span> <span class='ocrx_word' id='word_1_35' title='bbox 910 1657 1114 1716; x_wconf 69' lang='lat' dir='ltr'>inum-1</span> <span class='ocrx_word' id='word_1_36' title='bbox 1257 1630 1722 1739; x_wconf 80' lang='lat' dir='ltr'>FridericuS,</span> <span class='ocrx_word' id='word_1_37' title='bbox 1762 1657 2015 1717; x_wconf 89' lang='lat' dir='ltr'>comes</span> <span class='ocrx_word' id='word_1_38' title='bbox 2068 1633 2166 1716; x_wconf 92' lang='lat' dir='ltr'>de</span> <span class='ocrx_word' id='word_1_39' title='bbox 2217 1633 2518 1717; x_wconf 91' lang='lat' dir='ltr'>Zollern</span> <span class='ocrx_word' id='word_1_40' title='bbox 2546 1698 2569 1742; x_wconf 88' lang='lat'>,</span> <span class='ocrx_word' id='word_1_41' title='bbox 2625 1635 3003 1720; x_wconf 87' lang='lat' dir='ltr'>Friderico</span> <span class='ocrx_word' id='word_1_42' title='bbox 3047 1634 3567 1721; x_wconf 83' lang='lat' dir='ltr'>Romanorum</span> <span class='ocrx_word' id='word_1_43' title='bbox 3621 1640 3965 1748; x_wconf 89' lang='lat' dir='ltr'>impera-</span> 
     </span>
     <span class='ocr_line' id='line_1_6' title="bbox 1148 1763 3965 1875; baseline 0.003 -30"><span class='ocrx_word' id='word_1_44' title='bbox 1148 1763 1294 1845; x_wconf 84' lang='lat' dir='ltr'>tori</span> <span class='ocrx_word' id='word_1_45' title='bbox 1339 1763 1600 1845; x_wconf 83' lang='lat' dir='ltr'>scribit</span> <span class='ocrx_word' id='word_1_46' title='bbox 1660 1765 2049 1874; x_wconf 91' lang='lat' dir='ltr'>quomodo</span> <span class='ocrx_word' id='word_1_47' title='bbox 2099 1767 2306 1875; x_wconf 91' lang='lat' dir='ltr'>apud</span> <span class='ocrx_word' id='word_1_48' title='bbox 2362 1766 2684 1850; x_wconf 88' lang='lat' dir='ltr'>Achalm</span> <span class='ocrx_word' id='word_1_49' title='bbox 2737 1768 3093 1851; x_wconf 87' lang='lat' dir='ltr'>obsessus</span> <span class='ocrx_word' id='word_1_50' title='bbox 3146 1770 3430 1853; x_wconf 91' lang='lat' dir='ltr'>damna</span> <span class='ocrx_word' id='word_1_51' title='bbox 3483 1770 3563 1851; x_wconf 91' lang='lat' dir='ltr'>in</span> <span class='ocrx_word' id='word_1_52' title='bbox 3618 1774 3965 1855; x_wconf 86' lang='lat' dir='ltr'>servien—</span> 
     </span>
     <span class='ocr_line' id='line_1_7' title="bbox 1146 1894 3965 2010; baseline 0.003 -32"><span class='ocrx_word' id='word_1_53' title='bbox 1146 1894 1353 1978; x_wconf 84' lang='lat' dir='ltr'>tibus</span> <span class='ocrx_word' id='word_1_54' title='bbox 1397 1905 1474 1977; x_wconf 88' lang='lat' dir='ltr'>et</span> <span class='ocrx_word' id='word_1_55' title='bbox 1515 1896 2136 1981; x_wconf 85' lang='lat' dir='ltr'>ministerialibus</span> <span class='ocrx_word' id='word_1_56' title='bbox 2181 1898 2342 1980; x_wconf 89' lang='lat' dir='ltr'>suis</span> <span class='ocrx_word' id='word_1_57' title='bbox 2378 1925 2426 1980; x_wconf 90' lang='lat' dir='ltr'>a</span> <span class='ocrx_word' id='word_1_58' title='bbox 2461 1902 2879 1984; x_wconf 90' lang='lat' dir='ltr'>marscalco</span> <span class='ocrx_word' id='word_1_59' title='bbox 2916 1903 3043 2006; x_wconf 91' lang='lat' dir='ltr'>[de</span> <span class='ocrx_word' id='word_1_60' title='bbox 3077 1901 3502 2010; x_wconf 78' lang='lat' dir='ltr'>lustingen]</span> <span class='ocrx_word' id='word_1_61' title='bbox 3538 1918 3613 1984; x_wconf 86' lang='lat' dir='ltr'>et</span> <span class='ocrx_word' id='word_1_62' title='bbox 3654 1905 3965 1987; x_wconf 91' lang='lat' dir='ltr'>domino</span> 
     </span>
     <span class='ocr_line' id='line_1_8' title="bbox 1146 2025 3716 2143; baseline 0.003 -34"><span class='ocrx_word' id='word_1_63' title='bbox 1146 2028 1243 2110; x_wconf 91' lang='lat' dir='ltr'>de</span> <span class='ocrx_word' id='word_1_64' title='bbox 1276 2025 1520 2114; x_wconf 88' lang='lat' dir='ltr'>Niffen</span> <span class='ocrx_word' id='word_1_65' title='bbox 1555 2027 1784 2111; x_wconf 85' lang='lat' dir='ltr'>fuerit</span> <span class='ocrx_word' id='word_1_66' title='bbox 1817 2055 2249 2138; x_wconf 77' lang='lat' dir='ltr'>perpessu3‚</span> <span class='ocrx_word' id='word_1_67' title='bbox 2291 2031 2660 2115; x_wconf 84' lang='lat' dir='ltr'>auxilium</span> <span class='ocrx_word' id='word_1_68' title='bbox 2697 2043 2772 2115; x_wconf 91' lang='lat' dir='ltr'>et</span> <span class='ocrx_word' id='word_1_69' title='bbox 2808 2033 3234 2117; x_wconf 87' lang='lat' dir='ltr'>subsidium</span> <span class='ocrx_word' id='word_1_70' title='bbox 3271 2035 3716 2143; x_wconf 76' lang='lat' dir='ltr'>implorans,</span> 
     </span>
    </p>
   </div>
   <div class='ocr_carea' id='block_1_4' title="bbox 1311 2238 3962 2850">
    <p class='ocr_par' dir='ltr' id='par_1_4' title="bbox 1311 2238 3962 2850">
     <span class='ocr_line' id='line_1_9' title="bbox 1311 2238 3953 2330; baseline 0.003 -29"><span class='ocrx_word' id='word_1_71' title='bbox 1311 2238 1580 2318; x_wconf 82' lang='lat' dir='ltr'>(Edider.</span> <span class='ocrx_word' id='word_1_72' title='bbox 1626 2242 1904 2315; x_wconf 66' lang='lat' dir='ltr'>Herm,</span> <span class='ocrx_word' id='word_1_73' title='bbox 1951 2240 2212 2305; x_wconf 64' lang='lat' dir='ltr'>Galeam</span> <span class='ocrx_word' id='word_1_74' title='bbox 2254 2242 2554 2325; x_wconf 76' lang='lat' dir='ltr'>Anzeiqcn</span> <span class='ocrx_word' id='word_1_75' title='bbox 2603 2242 2937 2328; x_wconf 70' lang='lat' dir='ltr'>heramqeq.</span> <span class='ocrx_word' id='word_1_76' title='bbox 2981 2265 3093 2309; x_wconf 74' lang='lat' dir='ltr'>von</span> <span class='ocrx_word' id='word_1_77' title='bbox 3135 2246 3500 2329; x_wconf 70' lang='lat' dir='ltr'>mityliedem</span> <span class='ocrx_word' id='word_1_78' title='bbox 3532 2247 3637 2309; x_wconf 79' lang='lat' dir='ltr'>der</span> <span class='ocrx_word' id='word_1_79' title='bbox 3668 2249 3744 2310; x_wconf 79' lang='lat' dir='ltr'>K.</span> <span class='ocrx_word' id='word_1_80' title='bbox 3796 2249 3953 2330; x_wconf 79' lang='lat' dir='ltr'>bayr.</span> 
     </span>
     <span class='ocr_line' id='line_1_10' title="bbox 1383 2343 3955 2432; baseline 0.004 -25"><span class='ocrx_word' id='word_1_81' title='bbox 1383 2343 1649 2410; x_wconf 75' lang='lat' dir='ltr'>akadem.</span> <span class='ocrx_word' id='word_1_82' title='bbox 1681 2346 1785 2428; x_wconf 81' lang='lat'>(20</span> <span class='ocrx_word' id='word_1_83' title='bbox 1808 2352 1966 2426; x_wconf 81' lang='lat' dir='ltr'>junii</span> <span class='ocrx_word' id='word_1_84' title='bbox 2002 2349 2211 2429; x_wconf 80' lang='lat'>1849),</span> <span class='ocrx_word' id='word_1_85' title='bbox 2235 2367 2295 2428; x_wconf 87' lang='lat' dir='ltr'>p.</span> <span class='ocrx_word' id='word_1_86' title='bbox 2332 2360 2448 2412; x_wconf 84' lang='grc'>994</span> <span class='ocrx_word' id='word_1_87' title='bbox 2478 2357 2539 2411; x_wconf 90' lang='lat' dir='ltr'>et</span> <span class='ocrx_word' id='word_1_88' title='bbox 2563 2368 2759 2430; x_wconf 68' lang='lat' dir='ltr'>seqq„</span> <span class='ocrx_word' id='word_1_89' title='bbox 2791 2359 2852 2414; x_wconf 90' lang='lat' dir='ltr'>et</span> <span class='ocrx_word' id='word_1_90' title='bbox 2885 2352 3115 2414; x_wconf 72' lang='lat' dir='ltr'>Archiv.</span> <span class='ocrx_word' id='word_1_91' title='bbox 3135 2352 3253 2432; x_wconf 79' lang='lat' dir='ltr'>sur</span> <span class='ocrx_word' id='word_1_92' title='bbox 3285 2353 3497 2416; x_wconf 72' lang='lat' dir='ltr'>Kande</span> <span class='ocrx_word' id='word_1_93' title='bbox 3527 2355 3774 2418; x_wconf 66' lang='lat' dir='ltr'>Gestar-r.</span> <span class='ocrx_word' id='word_1_94' title='bbox 3813 2357 3955 2417; x_wconf 80' lang='lat' dir='ltr'>Ges-</span> 
     </span>
     <span class='ocr_line' id='line_1_11' title="bbox 1381 2451 3957 2536; baseline 0.004 -23"><span class='ocrx_word' id='word_1_95' title='bbox 1381 2451 1846 2534; x_wconf 71' lang='lat' dir='ltr'>chicht-quelkn,</span> <span class='ocrx_word' id='word_1_96' title='bbox 1875 2472 2034 2517; x_wconf 88' lang='lat' dir='ltr'>anno</span> <span class='ocrx_word' id='word_1_97' title='bbox 2064 2466 2240 2529; x_wconf 81' lang='grc'><strong>1850,</strong></span> <span class='ocrx_word' id='word_1_98' title='bbox 2267 2463 2314 2517; x_wconf 87' lang='lat' dir='ltr'>t.</span> <span class='ocrx_word' id='word_1_99' title='bbox 2346 2459 2399 2531; x_wconf 87' lang='lat'>1,</span> <span class='ocrx_word' id='word_1_100' title='bbox 2428 2474 2490 2535; x_wconf 84' lang='lat' dir='ltr'>p.</span> <span class='ocrx_word' id='word_1_101' title='bbox 2525 2467 2665 2533; x_wconf 81' lang='grc'><strong>594,</strong></span> <span class='ocrx_word' id='word_1_102' title='bbox 2693 2468 2763 2519; x_wconf 78' lang='lat'>11⁰</span> <span class='ocrx_word' id='word_1_103' title='bbox 2789 2460 2894 2534; x_wconf 85' lang='lat' dir='ltr'>lv,</span> <span class='ocrx_word' id='word_1_104' title='bbox 2934 2468 2989 2521; x_wconf 84' lang='lat' dir='ltr'>i.</span> <span class='ocrx_word' id='word_1_105' title='bbox 3014 2493 3095 2505; x_wconf 92' lang='lat'>—</span> <span class='ocrx_word' id='word_1_106' title='bbox 3120 2461 3478 2522; x_wconf 69' lang='lat' dir='ltr'>stamme</span> <span class='ocrx_word' id='word_1_107' title='bbox 3506 2468 3568 2523; x_wconf 85' lang='lat' dir='ltr'>et</span> <span class='ocrx_word' id='word_1_108' title='bbox 3594 2463 3957 2536; x_wconf 61' lang='lat' dir='ltr'>Manena,</span> 
     </span>
     <span class='ocr_line' id='line_1_12' title="bbox 1381 2558 3961 2645; baseline 0.004 -26"><span class='ocrx_word' id='word_1_109' title='bbox 1381 2560 1642 2620; x_wconf 78' lang='lat' dir='ltr'>Menum.</span> <span class='ocrx_word' id='word_1_110' title='bbox 1674 2558 1925 2635; x_wconf 71' lang='lat' dir='ltr'>zouer„</span> <span class='ocrx_word' id='word_1_111' title='bbox 1955 2562 2097 2623; x_wconf 87' lang='lat' dir='ltr'>edit.</span> <span class='ocrx_word' id='word_1_112' title='bbox 2136 2571 2289 2624; x_wconf 79' lang='grc'><strong>1852</strong></span> <span class='ocrx_word' id='word_1_113' title='bbox 2311 2606 2330 2636; x_wconf 96' lang='grc'><strong>,</strong></span> <span class='ocrx_word' id='word_1_114' title='bbox 2360 2567 2407 2624; x_wconf 90' lang='lat' dir='ltr'>t.</span> <span class='ocrx_word' id='word_1_115' title='bbox 2441 2564 2501 2638; x_wconf 88' lang='lat'>1,</span> <span class='ocrx_word' id='word_1_116' title='bbox 2531 2581 2594 2640; x_wconf 87' lang='lat' dir='ltr'>p.</span> <span class='ocrx_word' id='word_1_117' title='bbox 2627 2573 2728 2636; x_wconf 83' lang='grc'>57,</span> <span class='ocrx_word' id='word_1_118' title='bbox 2756 2574 2821 2625; x_wconf 77' lang='lat'>11⁰</span> <span class='ocrx_word' id='word_1_119' title='bbox 2856 2565 3056 2627; x_wconf 79' lang='lat' dir='ltr'>CLXI.</span> <span class='ocrx_word' id='word_1_120' title='bbox 3105 2567 3403 2645; x_wconf 81' lang='lat' dir='ltr'>Originale</span> <span class='ocrx_word' id='word_1_121' title='bbox 3441 2575 3607 2629; x_wconf 81' lang='lat' dir='ltr'>extat</span> <span class='ocrx_word' id='word_1_122' title='bbox 3631 2571 3690 2629; x_wconf 89' lang='lat' dir='ltr'>in</span> <span class='ocrx_word' id='word_1_123' title='bbox 3721 2569 3961 2629; x_wconf 79' lang='lat' dir='ltr'>archivo</span> 
     </span>
     <span class='ocr_line' id='line_1_13' title="bbox 1379 2666 3962 2753; baseline 0.003 -28"><span class='ocrx_word' id='word_1_124' title='bbox 1379 2666 1797 2745; x_wconf 81' lang='lat' dir='ltr'>Bambergensi</span> <span class='ocrx_word' id='word_1_125' title='bbox 1831 2667 1937 2727; x_wconf 87' lang='lat' dir='ltr'>ubi</span> <span class='ocrx_word' id='word_1_126' title='bbox 1962 2667 2171 2728; x_wconf 85' lang='lat' dir='ltr'>eadem</span> <span class='ocrx_word' id='word_1_127' title='bbox 2211 2684 2392 2729; x_wconf 86' lang='lat' dir='ltr'>manu</span> <span class='ocrx_word' id='word_1_128' title='bbox 2427 2668 2506 2729; x_wconf 85' lang='lat' dir='ltr'>ad</span> <span class='ocrx_word' id='word_1_129' title='bbox 2545 2675 2779 2748; x_wconf 83' lang='lat' dir='ltr'>tergum</span> <span class='ocrx_word' id='word_1_130' title='bbox 2817 2670 3035 2749; x_wconf 82' lang='lat' dir='ltr'>legitur</span> <span class='ocrx_word' id='word_1_131' title='bbox 3067 2691 3084 2731; x_wconf 75' lang='lat' dir='ltr'><strong><em>z</em></strong></span> <span class='ocrx_word' id='word_1_132' title='bbox 3114 2673 3470 2751; x_wconf 78' lang='lat' dir='ltr'>imperatori.</span> <span class='ocrx_word' id='word_1_133' title='bbox 3509 2674 3752 2735; x_wconf 86' lang='lat' dir='ltr'>Nullum</span> <span class='ocrx_word' id='word_1_134' title='bbox 3789 2675 3962 2753; x_wconf 83' lang='lat' dir='ltr'>sigilli</span> 
     </span>
     <span class='ocr_line' id='line_1_14' title="bbox 1382 2769 1749 2850; baseline 0.003 -19"><span class='ocrx_word' id='word_1_135' title='bbox 1382 2769 1749 2850; x_wconf 75' lang='lat' dir='ltr'>vestigium.)</span> 
     </span>
    </p>
   </div>
   <div class='ocr_carea' id='block_1_5' title="bbox 1235 2969 3961 3072">
    <p class='ocr_par' dir='ltr' id='par_1_5' title="bbox 1235 2969 3961 3072">
     <span class='ocr_line' id='line_1_15' title="bbox 1235 2969 3961 3072; baseline 0.001 -29"><span class='ocrx_word' id='word_1_136' title='bbox 1235 2969 1642 3043; x_wconf 84' lang='lat' dir='ltr'>Reverendo</span> <span class='ocrx_word' id='word_1_137' title='bbox 1674 2969 1956 3045; x_wconf 91' lang='lat' dir='ltr'>domino</span> <span class='ocrx_word' id='word_1_138' title='bbox 1987 2994 2116 3046; x_wconf 91' lang='lat' dir='ltr'>suo</span> <span class='ocrx_word' id='word_1_139' title='bbox 2141 2974 2252 3062; x_wconf 67' lang='lat' dir='ltr'>F„</span> <span class='ocrx_word' id='word_1_140' title='bbox 2285 2973 2412 3046; x_wconf 92' lang='lat' dir='ltr'>Dei</span> <span class='ocrx_word' id='word_1_141' title='bbox 2444 2973 2662 3066; x_wconf 77' lang='lat' dir='ltr'>gratia</span> <span class='ocrx_word' id='word_1_142' title='bbox 2690 2974 3152 3048; x_wconf 87' lang='lat' dir='ltr'>Romanorum</span> <span class='ocrx_word' id='word_1_143' title='bbox 3174 2976 3565 3072; x_wconf 88' lang='lat' dir='ltr'>imperatori</span> <span class='ocrx_word' id='word_1_144' title='bbox 3591 2986 3662 3051; x_wconf 87' lang='lat' dir='ltr'>et</span> <span class='ocrx_word' id='word_1_145' title='bbox 3691 2998 3961 3072; x_wconf 82' lang='lat' dir='ltr'>semper</span> 
     </span>
    </p>
   </div>
   <div class='ocr_carea' id='block_1_6' title="bbox 2606 3167 3013 3176">
    <p class='ocr_par' dir='ltr' id='par_1_6' title="bbox 2606 3167 3013 3176">
     <span class='ocr_line' id='line_1_16' title="bbox 2606 3167 3013 3176; baseline 0 2626"><span class='ocrx_word' id='word_1_146' title='bbox 2606 3167 3013 3176; x_wconf 95' lang='lat' dir='ltr'> </span> 
     </span>
    </p>
   </div>
   <div class='ocr_carea' id='block_1_7' title="bbox 3022 3167 3536 3177">
    <p class='ocr_par' dir='ltr' id='par_1_7' title="bbox 3022 3167 3536 3177">
     <span class='ocr_line' id='line_1_17' title="bbox 3022 3167 3536 3177; baseline 0.002 -2"><span class='ocrx_word' id='word_1_147' title='bbox 3022 3167 3536 3177; x_wconf 47' lang='lat' dir='ltr'>ff——c--m-o—</span> 
     </span>
    </p>
   </div>
   <div class='ocr_carea' id='block_1_8' title="bbox 3542 3169 3728 3179">
    <p class='ocr_par' dir='ltr' id='par_1_8' title="bbox 3542 3169 3728 3179">
     <span class='ocr_line' id='line_1_18' title="bbox 3542 3169 3728 3179; baseline 0 0"><span class='ocrx_word' id='word_1_148' title='bbox 3542 3169 3728 3179; x_wconf 95' lang='lat' dir='ltr'> </span> 
     </span>
    </p>
   </div>
   <div class='ocr_carea' id='block_1_9' title="bbox 3738 3170 3944 3180">
    <p class='ocr_par' dir='ltr' id='par_1_9' title="bbox 3738 3170 3944 3180">
     <span class='ocr_line' id='line_1_19' title="bbox 3738 3170 3944 3180; baseline 0.005 -2"><span class='ocrx_word' id='word_1_149' title='bbox 3738 3170 3903 3180; x_wconf 63' lang='lat'><em>————-</em></span> <span class='ocrx_word' id='word_1_150' title='bbox 3932 3172 3944 3179; x_wconf 69' lang='grc' dir='ltr'><strong><em>ο</em></strong></span> 
     </span>
    </p>
   </div>
   <div class='ocr_carea' id='block_1_10' title="bbox 2149 3166 2390 3176">
    <p class='ocr_par' dir='ltr' id='par_1_10' title="bbox 2149 3166 2390 3176">
     <span class='ocr_line' id='line_1_20' title="bbox 2149 3166 2390 3176; baseline 0 2626"><span class='ocrx_word' id='word_1_151' title='bbox 2149 3166 2390 3176; x_wconf 95' lang='lat' dir='ltr'> </span> 
     </span>
    </p>
   </div>
   <div class='ocr_carea' id='block_1_11' title="bbox 2393 3167 2603 3175">
    <p class='ocr_par' dir='ltr' id='par_1_11' title="bbox 2393 3167 2603 3175">
     <span class='ocr_line' id='line_1_21' title="bbox 2393 3167 2603 3175; baseline 0.005 -1"><span class='ocrx_word' id='word_1_152' title='bbox 2393 3167 2603 3175; x_wconf 55' lang='lat' dir='ltr'>*mm</span> 
     </span>
    </p>
   </div>
   <div class='ocr_carea' id='block_1_12' title="bbox 1131 3272 3956 4806">
    <p class='ocr_par' dir='ltr' id='par_1_12' title="bbox 1131 3272 3956 4417">
     <span class='ocr_line' id='line_1_22' title="bbox 1212 3272 3949 3350; baseline 0.002 -21"><span class='ocrx_word' id='word_1_153' title='bbox 1212 3274 1284 3348; x_wconf 78' lang='lat' dir='ltr'>(t)</span> <span class='ocrx_word' id='word_1_154' title='bbox 1319 3272 1474 3342; x_wconf 90' lang='lat' dir='ltr'>Quod</span> <span class='ocrx_word' id='word_1_155' title='bbox 1512 3279 1747 3331; x_wconf 80' lang='lat' dir='ltr'>castrum</span> <span class='ocrx_word' id='word_1_156' title='bbox 1785 3274 1842 3330; x_wconf 88' lang='lat' dir='ltr'>in</span> <span class='ocrx_word' id='word_1_157' title='bbox 1869 3272 2121 3330; x_wconf 88' lang='lat' dir='ltr'>manibus</span> <span class='ocrx_word' id='word_1_158' title='bbox 2149 3274 2301 3332; x_wconf 87' lang='lat' dir='ltr'>ducis</span> <span class='ocrx_word' id='word_1_159' title='bbox 2335 3275 2594 3333; x_wconf 84' lang='lat' dir='ltr'>Bavariae</span> <span class='ocrx_word' id='word_1_160' title='bbox 2629 3281 2886 3349; x_wconf 84' lang='lat' dir='ltr'>tanquam</span> <span class='ocrx_word' id='word_1_161' title='bbox 2925 3273 3137 3349; x_wconf 81' lang='lat' dir='ltr'>palatini</span> <span class='ocrx_word' id='word_1_162' title='bbox 3176 3275 3387 3333; x_wconf 88' lang='lat' dir='ltr'>comitis</span> <span class='ocrx_word' id='word_1_163' title='bbox 3412 3276 3583 3334; x_wconf 84' lang='lat' dir='ltr'>Rheni</span> <span class='ocrx_word' id='word_1_164' title='bbox 3607 3276 3906 3350; x_wconf 86' lang='lat' dir='ltr'>ponebatur</span> <span class='ocrx_word' id='word_1_165' title='bbox 3937 3297 3949 3333; x_wconf 92' lang='lat'><strong>:</strong></span> 
     </span>
     <span class='ocr_line' id='line_1_23' title="bbox 1137 3370 3956 3446; baseline 0 -16"><span class='ocrx_word' id='word_1_166' title='bbox 1137 3372 1282 3430; x_wconf 85' lang='lat' dir='ltr'>undo</span> <span class='ocrx_word' id='word_1_167' title='bbox 1315 3370 1606 3429; x_wconf 82' lang='lat' dir='ltr'>Riccardus</span> <span class='ocrx_word' id='word_1_168' title='bbox 1642 3372 1710 3428; x_wconf 92' lang='lat' dir='ltr'>de</span> <span class='ocrx_word' id='word_1_169' title='bbox 1745 3372 1939 3430; x_wconf 91' lang='lat' dir='ltr'>Sancto</span> <span class='ocrx_word' id='word_1_170' title='bbox 1983 3371 2253 3429; x_wconf 85' lang='lat' dir='ltr'>Germano</span> <span class='ocrx_word' id='word_1_171' title='bbox 2292 3390 2308 3428; x_wconf 71' lang='grc' dir='ltr'>ι</span> <span class='ocrx_word' id='word_1_172' title='bbox 2346 3392 2376 3426; x_wconf 74' lang='grc' dir='ltr'>ι</span> <span class='ocrx_word' id='word_1_173' title='bbox 2411 3372 2567 3429; x_wconf 82' lang='lat' dir='ltr'>Anno</span> <span class='ocrx_word' id='word_1_174' title='bbox 2601 3375 2741 3430; x_wconf 74' lang='lat'>⁴235</span> <span class='ocrx_word' id='word_1_175' title='bbox 2784 3371 3073 3446; x_wconf 85' lang='lat' dir='ltr'>imperator</span> <span class='ocrx_word' id='word_1_176' title='bbox 3113 3372 3417 3430; x_wconf 80' lang='lat' dir='ltr'>Heinricum</span> <span class='ocrx_word' id='word_1_177' title='bbox 3454 3373 3620 3430; x_wconf 83' lang='lat' dir='ltr'>filium</span> <span class='ocrx_word' id='word_1_178' title='bbox 3660 3389 3820 3431; x_wconf 89' lang='lat' dir='ltr'>suum</span> <span class='ocrx_word' id='word_1_179' title='bbox 3863 3391 3956 3431; x_wconf 88' lang='lat' dir='ltr'>re-</span> 
     </span>
     <span class='ocr_line' id='line_1_24' title="bbox 1137 3468 3956 3544; baseline 0 -16"><span class='ocrx_word' id='word_1_180' title='bbox 1137 3472 1389 3528; x_wconf 90' lang='lat' dir='ltr'>deuntem</span> <span class='ocrx_word' id='word_1_181' title='bbox 1416 3469 1484 3527; x_wconf 88' lang='lat' dir='ltr'>ad</span> <span class='ocrx_word' id='word_1_182' title='bbox 1508 3468 1817 3526; x_wconf 86' lang='lat' dir='ltr'>mandatum</span> <span class='ocrx_word' id='word_1_183' title='bbox 1845 3486 2002 3527; x_wconf 90' lang='lat' dir='ltr'>suum</span> <span class='ocrx_word' id='word_1_184' title='bbox 2027 3470 2227 3543; x_wconf 85' lang='lat' dir='ltr'>recepit</span> <span class='ocrx_word' id='word_1_185' title='bbox 2243 3512 2258 3540; x_wconf 89' lang='lat'><strong>‚</strong></span> <span class='ocrx_word' id='word_1_186' title='bbox 2288 3486 2448 3543; x_wconf 88' lang='lat' dir='ltr'>quem</span> <span class='ocrx_word' id='word_1_187' title='bbox 2477 3469 2598 3525; x_wconf 89' lang='lat' dir='ltr'>duci</span> <span class='ocrx_word' id='word_1_188' title='bbox 2625 3470 2880 3528; x_wconf 85' lang='lat' dir='ltr'>Bavariae</span> <span class='ocrx_word' id='word_1_189' title='bbox 2903 3470 3303 3527; x_wconf 86' lang='lat' dir='ltr'>custodiendum</span> <span class='ocrx_word' id='word_1_190' title='bbox 3338 3472 3620 3528; x_wconf 75' lang='lat' dir='ltr'>commisit.</span> <span class='ocrx_word' id='word_1_191' title='bbox 3651 3491 3678 3523; x_wconf 72' lang='lat' dir='ltr'>n</span> <span class='ocrx_word' id='word_1_192' title='bbox 3709 3471 3792 3528; x_wconf 78' lang='lat' dir='ltr'>Ad</span> <span class='ocrx_word' id='word_1_193' title='bbox 3812 3471 3956 3544; x_wconf 87' lang='lat' dir='ltr'>quod</span> 
     </span>
     <span class='ocr_line' id='line_1_25' title="bbox 1136 3565 3953 3641; baseline -0.001 -15"><span class='ocrx_word' id='word_1_194' title='bbox 1136 3568 1296 3626; x_wconf 90' lang='lat' dir='ltr'>etiam</span> <span class='ocrx_word' id='word_1_195' title='bbox 1322 3566 1506 3624; x_wconf 85' lang='lat' dir='ltr'>alludit</span> <span class='ocrx_word' id='word_1_196' title='bbox 1532 3566 1832 3624; x_wconf 83' lang='lat' dir='ltr'>Matthaeus</span> <span class='ocrx_word' id='word_1_197' title='bbox 1853 3567 2191 3638; x_wconf 88' lang='lat' dir='ltr'>Parisiensis,</span> <span class='ocrx_word' id='word_1_198' title='bbox 2217 3566 2339 3623; x_wconf 87' lang='lat' dir='ltr'>licet</span> <span class='ocrx_word' id='word_1_199' title='bbox 2367 3568 2485 3640; x_wconf 86' lang='lat' dir='ltr'>ejus</span> <span class='ocrx_word' id='word_1_200' title='bbox 2507 3567 2667 3623; x_wconf 86' lang='lat' dir='ltr'>dictis</span> <span class='ocrx_word' id='word_1_201' title='bbox 2690 3565 2823 3623; x_wconf 83' lang='lat' dir='ltr'>fides</span> <span class='ocrx_word' id='word_1_202' title='bbox 2847 3566 2901 3621; x_wconf 91' lang='lat' dir='ltr'>in</span> <span class='ocrx_word' id='word_1_203' title='bbox 2926 3565 3029 3625; x_wconf 92' lang='lat' dir='ltr'>hoc</span> <span class='ocrx_word' id='word_1_204' title='bbox 3053 3582 3160 3624; x_wconf 87' lang='lat' dir='ltr'>non</span> <span class='ocrx_word' id='word_1_205' title='bbox 3186 3567 3259 3624; x_wconf 89' lang='lat' dir='ltr'>sit</span> <span class='ocrx_word' id='word_1_206' title='bbox 3283 3567 3447 3641; x_wconf 88' lang='lat' dir='ltr'>plane</span> <span class='ocrx_word' id='word_1_207' title='bbox 3472 3568 3771 3626; x_wconf 87' lang='lat' dir='ltr'>adhibenda</span> <span class='ocrx_word' id='word_1_208' title='bbox 3799 3585 3812 3623; x_wconf 89' lang='lat'>:</span> <span class='ocrx_word' id='word_1_209' title='bbox 3842 3587 3868 3621; x_wconf 74' lang='grc' dir='ltr'><strong>α</strong></span> <span class='ocrx_word' id='word_1_210' title='bbox 3892 3568 3953 3625; x_wconf 89' lang='lat' dir='ltr'>ln</span> 
     </span>
     <span class='ocr_line' id='line_1_26' title="bbox 1135 3662 3951 3739; baseline -0.001 -16"><span class='ocrx_word' id='word_1_211' title='bbox 1135 3682 1243 3723; x_wconf 91' lang='lat' dir='ltr'>uno</span> <span class='ocrx_word' id='word_1_212' title='bbox 1269 3665 1558 3722; x_wconf 77' lang='lat' dir='ltr'>fortissimo</span> <span class='ocrx_word' id='word_1_213' title='bbox 1585 3663 1798 3739; x_wconf 85' lang='lat' dir='ltr'>[castro]</span> <span class='ocrx_word' id='word_1_214' title='bbox 1824 3680 1948 3721; x_wconf 87' lang='lat' dir='ltr'>cum</span> <span class='ocrx_word' id='word_1_215' title='bbox 1978 3663 2144 3721; x_wconf 84' lang='lat' dir='ltr'>filium</span> <span class='ocrx_word' id='word_1_216' title='bbox 2173 3664 2495 3736; x_wconf 84' lang='lat' dir='ltr'>obsedisset,</span> <span class='ocrx_word' id='word_1_217' title='bbox 2522 3663 2612 3722; x_wconf 90' lang='lat' dir='ltr'>ille</span> <span class='ocrx_word' id='word_1_218' title='bbox 2640 3662 2806 3738; x_wconf 87' lang='lat' dir='ltr'>patris</span> <span class='ocrx_word' id='word_1_219' title='bbox 2831 3671 3075 3722; x_wconf 89' lang='lat' dir='ltr'>metuens</span> <span class='ocrx_word' id='word_1_220' title='bbox 3100 3665 3440 3723; x_wconf 81' lang='lat' dir='ltr'>severitatem</span> <span class='ocrx_word' id='word_1_221' title='bbox 3474 3666 3643 3723; x_wconf 85' lang='lat' dir='ltr'>exivit</span> <span class='ocrx_word' id='word_1_222' title='bbox 3664 3667 3731 3723; x_wconf 88' lang='lat' dir='ltr'>de</span> <span class='ocrx_word' id='word_1_223' title='bbox 3756 3672 3951 3734; x_wconf 84' lang='lat' dir='ltr'>castro,</span> 
     </span>
     <span class='ocr_line' id='line_1_27' title="bbox 1133 3761 3952 3836; baseline -0.001 -15"><span class='ocrx_word' id='word_1_224' title='bbox 1133 3769 1190 3821; x_wconf 90' lang='lat' dir='ltr'>et</span> <span class='ocrx_word' id='word_1_225' title='bbox 1213 3778 1469 3821; x_wconf 85' lang='lat' dir='ltr'>corruens</span> <span class='ocrx_word' id='word_1_226' title='bbox 1491 3763 1547 3819; x_wconf 91' lang='lat' dir='ltr'>in</span> <span class='ocrx_word' id='word_1_227' title='bbox 1570 3769 1767 3820; x_wconf 88' lang='lat' dir='ltr'>terram</span> <span class='ocrx_word' id='word_1_228' title='bbox 1797 3779 1978 3820; x_wconf 90' lang='lat' dir='ltr'>coram</span> <span class='ocrx_word' id='word_1_229' title='bbox 2017 3763 2134 3836; x_wconf 90' lang='lat' dir='ltr'>ipso</span> <span class='ocrx_word' id='word_1_230' title='bbox 2160 3762 2580 3819; x_wconf 88' lang='lat' dir='ltr'>misericordiam</span> <span class='ocrx_word' id='word_1_231' title='bbox 2618 3763 2785 3834; x_wconf 85' lang='lat' dir='ltr'>ipsius</span> <span class='ocrx_word' id='word_1_232' title='bbox 2808 3777 2932 3819; x_wconf 89' lang='lat' dir='ltr'>cum</span> <span class='ocrx_word' id='word_1_233' title='bbox 2961 3761 3253 3836; x_wconf 80' lang='lat' dir='ltr'>lachrymis</span> <span class='ocrx_word' id='word_1_234' title='bbox 3291 3769 3346 3820; x_wconf 89' lang='lat' dir='ltr'>et</span> <span class='ocrx_word' id='word_1_235' title='bbox 3382 3763 3702 3836; x_wconf 86' lang='lat' dir='ltr'>singultibus</span> <span class='ocrx_word' id='word_1_236' title='bbox 3746 3761 3952 3836; x_wconf 90' lang='lat' dir='ltr'>implo-</span> 
     </span>
     <span class='ocr_line' id='line_1_28' title="bbox 1133 3859 3951 3935; baseline -0.002 -15"><span class='ocrx_word' id='word_1_237' title='bbox 1133 3862 1290 3920; x_wconf 81' lang='lat' dir='ltr'>ravit.</span> <span class='ocrx_word' id='word_1_238' title='bbox 1320 3862 1427 3919; x_wconf 86' lang='lat' dir='ltr'>Sed</span> <span class='ocrx_word' id='word_1_239' title='bbox 1450 3862 1536 3918; x_wconf 90' lang='lat' dir='ltr'>ille</span> <span class='ocrx_word' id='word_1_240' title='bbox 1559 3878 1666 3919; x_wconf 88' lang='lat' dir='ltr'>non</span> <span class='ocrx_word' id='word_1_241' title='bbox 1692 3861 1868 3918; x_wconf 89' lang='lat' dir='ltr'>adhuc</span> <span class='ocrx_word' id='word_1_242' title='bbox 1896 3862 2090 3934; x_wconf 89' lang='lat' dir='ltr'>spiritu</span> <span class='ocrx_word' id='word_1_243' title='bbox 2118 3868 2407 3935; x_wconf 83' lang='lat' dir='ltr'>conceptae</span> <span class='ocrx_word' id='word_1_244' title='bbox 2434 3861 2546 3917; x_wconf 87' lang='lat' dir='ltr'>irae</span> <span class='ocrx_word' id='word_1_245' title='bbox 2577 3860 2840 3917; x_wconf 86' lang='lat' dir='ltr'>maximae</span> <span class='ocrx_word' id='word_1_246' title='bbox 2867 3859 3133 3933; x_wconf 87' lang='lat' dir='ltr'>mitigato,</span> <span class='ocrx_word' id='word_1_247' title='bbox 3152 3860 3380 3918; x_wconf 80' lang='lat' dir='ltr'>vinculis</span> <span class='ocrx_word' id='word_1_248' title='bbox 3404 3860 3571 3917; x_wconf 87' lang='lat' dir='ltr'>filium</span> <span class='ocrx_word' id='word_1_249' title='bbox 3599 3860 3795 3932; x_wconf 84' lang='lat' dir='ltr'>jubens</span> <span class='ocrx_word' id='word_1_250' title='bbox 3819 3875 3951 3916; x_wconf 90' lang='lat' dir='ltr'>con-</span> 
     </span>
     <span class='ocr_line' id='line_1_29' title="bbox 1131 3956 3950 4032; baseline -0.001 -17"><span class='ocrx_word' id='word_1_251' title='bbox 1131 3959 1317 4031; x_wconf 85' lang='lat' dir='ltr'>stringi</span> <span class='ocrx_word' id='word_1_252' title='bbox 1342 3958 1494 4015; x_wconf 86' lang='lat' dir='ltr'>duxit</span> <span class='ocrx_word' id='word_1_253' title='bbox 1515 3974 1638 4015; x_wconf 89' lang='lat' dir='ltr'>eum</span> <span class='ocrx_word' id='word_1_254' title='bbox 1666 3974 1850 4015; x_wconf 90' lang='lat' dir='ltr'>secum</span> <span class='ocrx_word' id='word_1_255' title='bbox 1883 3958 2024 4032; x_wconf 90' lang='lat' dir='ltr'>apud</span> <span class='ocrx_word' id='word_1_256' title='bbox 2054 3959 2440 4016; x_wconf 87' lang='lat' dir='ltr'>Wormesiam.</span> <span class='ocrx_word' id='word_1_257' title='bbox 2472 3959 2689 4015; x_wconf 86' lang='lat' dir='ltr'>Laxatis</span> <span class='ocrx_word' id='word_1_258' title='bbox 2715 3963 2894 4014; x_wconf 89' lang='lat' dir='ltr'>autem</span> <span class='ocrx_word' id='word_1_259' title='bbox 2931 3957 3240 4014; x_wconf 81' lang='lat' dir='ltr'>vinculiset</span> <span class='ocrx_word' id='word_1_260' title='bbox 3276 3957 3403 4014; x_wconf 89' lang='lat' dir='ltr'>loris</span> <span class='ocrx_word' id='word_1_261' title='bbox 3428 3956 3500 4014; x_wconf 88' lang='lat' dir='ltr'>ob</span> <span class='ocrx_word' id='word_1_262' title='bbox 3527 3957 3759 4027; x_wconf 83' lang='lat' dir='ltr'>regalem</span> <span class='ocrx_word' id='word_1_263' title='bbox 3797 3971 3950 4013; x_wconf 86' lang='lat' dir='ltr'>reve·</span> 
     </span>
     <span class='ocr_line' id='line_1_30' title="bbox 1132 4051 3950 4127; baseline -0.002 -14"><span class='ocrx_word' id='word_1_264' title='bbox 1132 4055 1360 4113; x_wconf 88' lang='lat' dir='ltr'>rentiam</span> <span class='ocrx_word' id='word_1_265' title='bbox 1395 4053 1778 4127; x_wconf 86' lang='lat' dir='ltr'>aliquantisper</span> <span class='ocrx_word' id='word_1_266' title='bbox 1817 4054 2116 4124; x_wconf 88' lang='lat' dir='ltr'>dissolutis,</span> <span class='ocrx_word' id='word_1_267' title='bbox 2146 4054 2338 4110; x_wconf 87' lang='lat' dir='ltr'>dicitur</span> <span class='ocrx_word' id='word_1_268' title='bbox 2369 4053 2511 4109; x_wconf 85' lang='lat' dir='ltr'>filius</span> <span class='ocrx_word' id='word_1_269' title='bbox 2551 4055 2688 4127; x_wconf 90' lang='lat' dir='ltr'>patri</span> <span class='ocrx_word' id='word_1_270' title='bbox 2735 4069 3003 4111; x_wconf 84' lang='lat' dir='ltr'>venenum</span> <span class='ocrx_word' id='word_1_271' title='bbox 3042 4068 3375 4126; x_wconf 90' lang='lat' dir='ltr'>procurasse.</span> <span class='ocrx_word' id='word_1_272' title='bbox 3408 4052 3583 4122; x_wconf 90' lang='lat' dir='ltr'>Super</span> <span class='ocrx_word' id='word_1_273' title='bbox 3616 4066 3723 4124; x_wconf 89' lang='lat' dir='ltr'>quo</span> <span class='ocrx_word' id='word_1_274' title='bbox 3751 4051 3950 4107; x_wconf 88' lang='lat' dir='ltr'>scelere</span> 
     </span>
     <span class='ocr_line' id='line_1_31' title="bbox 1135 4146 3947 4223; baseline -0.002 -14"><span class='ocrx_word' id='word_1_275' title='bbox 1135 4157 1433 4220; x_wconf 64' lang='lat' dir='ltr'>accusatum,</span> <span class='ocrx_word' id='word_1_276' title='bbox 1463 4150 1689 4207; x_wconf 81' lang='lat' dir='ltr'>vinculis</span> <span class='ocrx_word' id='word_1_277' title='bbox 1710 4151 1902 4208; x_wconf 89' lang='lat' dir='ltr'>iterum</span> <span class='ocrx_word' id='word_1_278' title='bbox 1928 4150 2229 4207; x_wconf 87' lang='lat' dir='ltr'>durioribus</span> <span class='ocrx_word' id='word_1_279' title='bbox 2255 4149 2594 4223; x_wconf 86' lang='lat' dir='ltr'>mancipatus</span> <span class='ocrx_word' id='word_1_280' title='bbox 2619 4150 2843 4207; x_wconf 88' lang='lat' dir='ltr'>traditur</span> <span class='ocrx_word' id='word_1_281' title='bbox 2864 4150 3075 4206; x_wconf 89' lang='lat' dir='ltr'>cuidam</span> <span class='ocrx_word' id='word_1_282' title='bbox 3113 4149 3234 4205; x_wconf 91' lang='lat' dir='ltr'>duci</span> <span class='ocrx_word' id='word_1_283' title='bbox 3261 4147 3665 4215; x_wconf 83' lang='lat' dir='ltr'>custodiendus,</span> <span class='ocrx_word' id='word_1_284' title='bbox 3697 4146 3789 4218; x_wconf 85' lang='lat' dir='ltr'>qui</span> <span class='ocrx_word' id='word_1_285' title='bbox 3825 4161 3947 4202; x_wconf 88' lang='lat' dir='ltr'>eum</span> 
     </span>
     <span class='ocr_line' id='line_1_32' title="bbox 1133 4243 3942 4321; baseline -0.004 -14"><span class='ocrx_word' id='word_1_286' title='bbox 1133 4250 1319 4307; x_wconf 83' lang='lat' dir='ltr'>oderat</span> <span class='ocrx_word' id='word_1_287' title='bbox 1366 4246 1684 4305; x_wconf 89' lang='lat' dir='ltr'>inexorabili</span> <span class='ocrx_word' id='word_1_288' title='bbox 1734 4247 1853 4304; x_wconf 93' lang='lat' dir='ltr'>odio</span> <span class='ocrx_word' id='word_1_289' title='bbox 1898 4246 2026 4319; x_wconf 84' lang='lat' dir='ltr'>quia</span> <span class='ocrx_word' id='word_1_290' title='bbox 2074 4247 2203 4303; x_wconf 86' lang='lat' dir='ltr'>totis</span> <span class='ocrx_word' id='word_1_291' title='bbox 2245 4247 2454 4304; x_wconf 88' lang='lat' dir='ltr'>nisibus</span> <span class='ocrx_word' id='word_1_292' title='bbox 2503 4262 2626 4303; x_wconf 87' lang='lat' dir='ltr'>eum</span> <span class='ocrx_word' id='word_1_293' title='bbox 2669 4253 3021 4321; x_wconf 87' lang='lat' dir='ltr'>proposuerat</span> <span class='ocrx_word' id='word_1_294' title='bbox 3061 4262 3155 4302; x_wconf 84' lang='lat' dir='ltr'>rex</span> <span class='ocrx_word' id='word_1_295' title='bbox 3195 4245 3455 4302; x_wconf 81' lang='lat' dir='ltr'>Henricus</span> <span class='ocrx_word' id='word_1_296' title='bbox 3499 4243 3881 4300; x_wconf 83' lang='lat' dir='ltr'>exhaeredare.</span> <span class='ocrx_word' id='word_1_297' title='bbox 3917 4263 3942 4295; x_wconf 75' lang='grc' dir='ltr'><strong><em>ι</em></strong></span> 
     </span>
     <span class='ocr_line' id='line_1_33' title="bbox 1134 4329 1807 4417; baseline -0.01 -11"><span class='ocrx_word' id='word_1_298' title='bbox 1134 4329 1342 4406; x_wconf 69' lang='lat' dir='ltr'>Hister.</span> <span class='ocrx_word' id='word_1_299' title='bbox 1372 4346 1568 4417; x_wconf 78' lang='lat' dir='ltr'>major,</span> <span class='ocrx_word' id='word_1_300' title='bbox 1594 4361 1650 4417; x_wconf 96' lang='lat' dir='ltr'>p.</span> <span class='ocrx_word' id='word_1_301' title='bbox 1680 4345 1807 4401; x_wconf 73' lang='lat'>284.</span> 
     </span>
    </p>

    <p class='ocr_par' dir='ltr' id='par_1_13' title="bbox 1133 4436 3950 4806">
     <span class='ocr_line' id='line_1_34' title="bbox 1204 4436 3950 4518; baseline -0.003 -17"><span class='ocrx_word' id='word_1_302' title='bbox 1204 4444 1276 4518; x_wconf 77' lang='lat'>(2)</span> <span class='ocrx_word' id='word_1_303' title='bbox 1312 4443 1476 4516; x_wconf 70' lang='lat' dir='ltr'>Cuius</span> <span class='ocrx_word' id='word_1_304' title='bbox 1502 4448 1681 4497; x_wconf 87' lang='lat' dir='ltr'>tamen</span> <span class='ocrx_word' id='word_1_305' title='bbox 1708 4440 2152 4498; x_wconf 84' lang='lat' dir='ltr'>transvectionem</span> <span class='ocrx_word' id='word_1_306' title='bbox 2180 4455 2286 4498; x_wconf 86' lang='lat' dir='ltr'>non</span> <span class='ocrx_word' id='word_1_307' title='bbox 2318 4445 2444 4497; x_wconf 87' lang='lat' dir='ltr'>ante</span> <span class='ocrx_word' id='word_1_308' title='bbox 2468 4454 2710 4497; x_wconf 88' lang='lat' dir='ltr'>mensem</span> <span class='ocrx_word' id='word_1_309' title='bbox 2733 4438 3040 4512; x_wconf 85' lang='lat' dir='ltr'>januarium</span> <span class='ocrx_word' id='word_1_310' title='bbox 3072 4436 3195 4494; x_wconf 88' lang='lat' dir='ltr'>anni</span> <span class='ocrx_word' id='word_1_311' title='bbox 3223 4436 3498 4510; x_wconf 85' lang='lat' dir='ltr'>sequentis</span> <span class='ocrx_word' id='word_1_312' title='bbox 3527 4436 3773 4493; x_wconf 81' lang='lat' dir='ltr'>evenisso</span> <span class='ocrx_word' id='word_1_313' title='bbox 3797 4452 3950 4493; x_wconf 86' lang='lat' dir='ltr'>com-</span> 
     </span>
     <span class='ocr_line' id='line_1_35' title="bbox 1133 4534 3947 4616; baseline -0.003 -18"><span class='ocrx_word' id='word_1_314' title='bbox 1133 4542 1369 4616; x_wconf 88' lang='lat' dir='ltr'>perimus</span> <span class='ocrx_word' id='word_1_315' title='bbox 1394 4556 1463 4597; x_wconf 86' lang='lat' dir='ltr'>ex</span> <span class='ocrx_word' id='word_1_316' title='bbox 1484 4539 1572 4595; x_wconf 90' lang='lat' dir='ltr'>his</span> <span class='ocrx_word' id='word_1_317' title='bbox 1599 4537 1840 4596; x_wconf 86' lang='lat' dir='ltr'>Riccardi</span> <span class='ocrx_word' id='word_1_318' title='bbox 1862 4539 1930 4595; x_wconf 89' lang='lat' dir='ltr'>de</span> <span class='ocrx_word' id='word_1_319' title='bbox 1952 4538 2149 4596; x_wconf 91' lang='lat' dir='ltr'>Sancto</span> <span class='ocrx_word' id='word_1_320' title='bbox 2174 4538 2449 4596; x_wconf 85' lang='lat' dir='ltr'>Germano</span> <span class='ocrx_word' id='word_1_321' title='bbox 2474 4537 2660 4596; x_wconf 84' lang='lat' dir='ltr'>verbis</span> <span class='ocrx_word' id='word_1_322' title='bbox 2687 4555 2702 4593; x_wconf 70' lang='grc' dir='ltr'>ε</span> <span class='ocrx_word' id='word_1_323' title='bbox 2732 4556 2758 4592; x_wconf 77' lang='grc' dir='ltr'>ι</span> <span class='ocrx_word' id='word_1_324' title='bbox 2785 4536 3152 4596; x_wconf 72' lang='lat' dir='ltr'>MCCXXXVI</span> <span class='ocrx_word' id='word_1_325' title='bbox 3176 4550 3361 4592; x_wconf 88' lang='lat' dir='ltr'>mense</span> <span class='ocrx_word' id='word_1_326' title='bbox 3378 4535 3643 4607; x_wconf 84' lang='lat' dir='ltr'>januario,</span> <span class='ocrx_word' id='word_1_327' title='bbox 3662 4534 3947 4607; x_wconf 87' lang='lat' dir='ltr'>imperator</span> 
     </span>
     <span class='ocr_line' id='line_1_36' title="bbox 1133 4631 3946 4708; baseline -0.002 -14"><span class='ocrx_word' id='word_1_328' title='bbox 1133 4637 1300 4695; x_wconf 84' lang='lat' dir='ltr'>filium</span> <span class='ocrx_word' id='word_1_329' title='bbox 1323 4652 1484 4694; x_wconf 89' lang='lat' dir='ltr'>suum</span> <span class='ocrx_word' id='word_1_330' title='bbox 1507 4637 1792 4692; x_wconf 82' lang='lat' dir='ltr'>Henricum</span> <span class='ocrx_word' id='word_1_331' title='bbox 1817 4637 1918 4693; x_wconf 88' lang='lat' dir='ltr'>sub</span> <span class='ocrx_word' id='word_1_332' title='bbox 1938 4636 2044 4692; x_wconf 87' lang='lat' dir='ltr'>fida</span> <span class='ocrx_word' id='word_1_333' title='bbox 2066 4635 2302 4692; x_wconf 90' lang='lat' dir='ltr'>custodia</span> <span class='ocrx_word' id='word_1_334' title='bbox 2319 4652 2417 4708; x_wconf 89' lang='lat' dir='ltr'>per</span> <span class='ocrx_word' id='word_1_335' title='bbox 2436 4634 2797 4693; x_wconf 86' lang='lat' dir='ltr'>marchionem</span> <span class='ocrx_word' id='word_1_336' title='bbox 2819 4636 3061 4693; x_wconf 84' lang='lat' dir='ltr'>Lanceae</span> <span class='ocrx_word' id='word_1_337' title='bbox 3086 4632 3249 4691; x_wconf 86' lang='lat' dir='ltr'>mittit</span> <span class='ocrx_word' id='word_1_338' title='bbox 3265 4631 3317 4690; x_wconf 90' lang='lat' dir='ltr'>in</span> <span class='ocrx_word' id='word_1_339' title='bbox 3338 4647 3584 4706; x_wconf 83' lang='lat' dir='ltr'>regnum,</span> <span class='ocrx_word' id='word_1_340' title='bbox 3606 4631 3737 4689; x_wconf 89' lang='lat' dir='ltr'>etin</span> <span class='ocrx_word' id='word_1_341' title='bbox 3759 4631 3946 4704; x_wconf 79' lang='lat' dir='ltr'>Apulia</span> 
     </span>
     <span class='ocr_line' id='line_1_37' title="bbox 1133 4732 2847 4806; baseline -0.004 -13"><span class='ocrx_word' id='word_1_342' title='bbox 1133 4736 1189 4793; x_wconf 90' lang='lat' dir='ltr'>in</span> <span class='ocrx_word' id='word_1_343' title='bbox 1215 4735 1389 4792; x_wconf 83' lang='lat' dir='ltr'>Rooca</span> <span class='ocrx_word' id='word_1_344' title='bbox 1423 4750 1563 4806; x_wconf 87' lang='lat' dir='ltr'>quae</span> <span class='ocrx_word' id='word_1_345' title='bbox 1583 4735 1776 4793; x_wconf 81' lang='lat' dir='ltr'>dicitur</span> <span class='ocrx_word' id='word_1_346' title='bbox 1797 4735 2026 4795; x_wconf 84' lang='lat' dir='ltr'>Sanctus</span> <span class='ocrx_word' id='word_1_347' title='bbox 2051 4734 2199 4791; x_wconf 85' lang='lat' dir='ltr'>Felix</span> <span class='ocrx_word' id='word_1_348' title='bbox 2219 4733 2518 4791; x_wconf 86' lang='lat' dir='ltr'>servandus</span> <span class='ocrx_word' id='word_1_349' title='bbox 2543 4732 2789 4792; x_wconf 69' lang='lat' dir='ltr'>traditum</span> <span class='ocrx_word' id='word_1_350' title='bbox 2819 4752 2847 4787; x_wconf 69' lang='grc' dir='ltr'><strong><em>ι</em></strong></span> 
     </span>
    </p>
   </div>
  </div>
 </body>
</html>
