4842 5802
917 654 1113 713 lumcr.
1143 647 1229 732 6.]
1824 645 2226 708 HISTORIA
2274 643 2865 705 DIPLOMATICA.
3633 643 3755 706 599

917 752 1325 859 mandatum
1368 790 1712 877 augeatur
1762 789 1833 854 et
1865 801 1994 854 nos
2025 802 2237 877 super
2273 780 2410 853 hiis
2457 780 2805 874 possimus
2840 787 3027 850 tuam
3077 776 3504 869 diligentiam
3550 799 3748 850 com-

1034 931 1080 979 n
1175 931 1209 980 r
1256 960 1277 980 .
1750 964 1755 977 .
1911 968 1919 982 .

920 908 1267 1108 ωθῡέῑῗιῑῗι
1299 1028 1494 1127 apud
1518 1026 1990 1120 Geilinhusin,
2029 1029 2127 1101 111.
2154 1027 2319 1102 idus
2334 1027 2673 1121 januarii,
2712 1026 3086 1099 indictione
3119 1026 3253 1098 VI·.

2703 1337 3188 1348 omna—‘-
3209 1336 3250 1346 ,-

1028 1617 1398 1700 Henrious
1414 1678 1438 1723 ,
1487 1616 2008 1700 Romanorum
2053 1641 2187 1698 rex
2213 1675 2236 1722 ‚
2282 1614 2647 1698 fratribus
2701 1614 2979 1715 domus
3032 1614 3617 1700 Teutonioorum
3665 1616 3750 1698 in
3798 1629 4131 1737 ’Nussffboeffi

925 1747 1374 1859 Nurenberg
1410 1748 1821 1831 emtionem
1857 1748 2344 1857 praediorum
2381 1747 2463 1829 in
2500 1747 2956 1857 Kapfesdorf
2984 1758 3057 1831 et
3092 1747 3336 1832 Urach
3361 1809 3384 1856 ‚
3444 1774 3490 1830 a
3528 1774 3751 1833 socru
3828 1739 3880 1781 ¹³
3903 1738 4129 1783 “mm“

930 1880 1307 1964 Craftonis
1353 1881 1451 1964 de
1497 1880 1689 1964 Lare
1742 1880 1855 1962 illi
1899 1880 2383 1963 venditorum
2399 1943 2424 1988 ‚
2479 1881 2560 1961 in
2613 1881 3037 1990 praesentia
3087 1907 3227 1965 sua
3289 1881 3569 1965 factam
3586 1943 3611 1990 ‚
3660 1909 3753 1967 ex

926 2012 1392 2121 plenitudine
1427 2014 1662 2098 totius
1695 2013 1992 2097 consilii
2029 2013 2148 2097 sui
2182 2013 2612 2097 confirmat.

1087 2240 1281 2321 (Edit.
1310 2244 1374 2302 in
1401 2238 1660 2303 Menum.
1692 2241 1845 2302 Boio.
1869 2282 1889 2318 ,
1925 2248 2073 2303 tom.
2102 2242 2296 2314 XXX,
2327 2256 2468 2319 pars
2491 2242 2566 2319 1⁸,
2598 2258 2660 2318 pt
2691 2249 2829 2315 206,
2859 2240 2928 2300 n’
2959 2248 3106 2314 716,
3135 2258 3212 2301 ex
3237 2242 3546 2319 originali,
3592 2243 3753 2304 unde

1163 2347 1421 2426 sigillum
1447 2346 1570 2439 fere
1594 2349 1888 2428 integrum
1913 2353 1976 2409 et
2005 2346 2167 2413 bene
2179 2364 2523 2435 expressum
2550 2346 2845 2425 appendet
2877 2362 2951 2406 ex
2975 2345 3093 2407 filis
3125 2348 3328 2408 sericis
3365 2347 3533 2408 rubri
3560 2354 3620 2408 et
3658 2351 3753 2410 vl-

1168 2452 1318 2512 rldis
1341 2450 1606 2532 coloris.)
2483 2494 2488 2499 -
3193 2490 3198 2495 -

1022 2650 1393 2725 Heinricus
1406 2651 1767 2746 septimae,
1801 2648 2044 2723 divina
2073 2652 2349 2723 favente
2376 2650 2733 2723 clementia
2753 2624 3213 2723 Romanorum
3241 2671 3367 2723 rex
3388 2658 3457 2723 et
3484 2673 3757 2749 semper

935 2783 1306 2868 augustus,
1357 2774 1702 2846 universis
1752 2773 1822 2843 in
1874 2782 2312 2869 perpetuum.
2356 2773 2627 2859 Quanto
2672 2774 2911 2846 fratres
2943 2774 3196 2846 domus
3230 2776 3756 2849 Teutonicorum

934 2897 1218 2973 devotos
1252 2908 1521 2973 nostros
1556 2899 1626 2970 in
1668 2898 1976 2995 ipsorum
2023 2897 2500 2995 empcionibus
2533 2897 2944 2990 solidamuS,
3005 2909 3193 2971 tanto
3228 2900 3656 2996 propensiori
3690 2911 3761 2974 et

936 3024 1235 3097 uberiori
1266 3023 1499 3096 studio
1522 3023 1708 3118 ipsos
1746 3022 1841 3096 ad
1869 3031 2176 3096 nostrum
2208 3033 2275 3096 et
2310 3022 2582 3119 imperii
2623 3023 3033 3118 obsequium
3061 3024 3461 3096 invitamus,
3507 3025 3761 3097 Memi-

934 3148 1158 3220 nerint
1191 3146 1399 3241 igitur
1449 3155 1801 3241 presentes
1846 3155 1919 3218 et
1976 3147 2188 3218 futuri
2233 3145 2425 3240 quod
2461 3167 2700 3217 socrus
2731 3146 3066 3218 Craftonis
3102 3145 3192 3218 de
3234 3146 3406 3218 Lare
3441 3146 3760 3220 vendidit

938 3292 1095 3344 cnm
1146 3271 1336 3343 omni
1377 3272 1536 3363 jure
1578 3269 1910 3343 fratribus
1947 3269 2197 3343 domus
2247 3269 2776 3343 Teutonicorum
2819 3270 2891 3342 in
2942 3270 3387 3342 Nuorenberc
3441 3269 3582 3343 duo
3633 3294 3762 3345 sua

936 3393 1209 3487 predia,
1253 3416 1473 3466 unum
1507 3393 1717 3465 situm
1755 3393 1825 3464 in
1856 3392 2274 3487 Kapfesdorf
2301 3402 2370 3466 et
2402 3394 2694 3465 alterum
2728 3394 2935 3465 sitnm
2969 3393 3039 3464 in
3074 3393 3295 3465 Urach
3316 3447 3335 3484 ,
3378 3406 3448 3465 et
3484 3396 3763 3490 nosipsi

940 3516 1331 3588 vendicioni
1376 3524 1445 3589 et
1472 3515 1805 3611 emptioni
1844 3513 2292 3586 adhibuimus
2334 3524 2404 3586 et
2445 3515 2855 3588 adhibemus
2893 3515 3172 3610 plenum
3207 3536 3564 3589 assensum
3599 3540 3759 3592 nos-

947 3645 1156 3728 trum,
1192 3661 1346 3710 cum
1372 3641 1446 3712 in
1473 3639 1820 3735 presentia
1847 3647 2075 3711 nostra
2096 3640 2274 3711 facta
2308 3640 2541 3727 fuerit,
2576 3649 2647 3710 et
2679 3662 2798 3734 per
2825 3661 3073 3711 manus
3100 3649 3364 3712 nostras
3395 3650 3466 3712 et
3484 3663 3576 3713 ex
3610 3644 3762 3737 ple-

949 3761 1260 3835 nitudine
1282 3763 1501 3836 tocius
1528 3763 1741 3836 nostri
1770 3761 2034 3836 consilii
2062 3763 2283 3857 ipsam
2304 3762 2719 3856 emptionem
2734 3762 2958 3834 eidem
2980 3760 3218 3833 domui
3246 3761 3760 3860 confirmamus,

945 3894 1020 3958 ut
1050 3887 1121 3958 in
1151 3897 1559 3983 perpetuum
1594 3888 1740 3982 ipsa
1778 3887 1964 3959 bona
2000 3886 2350 3982 possideat
2377 3908 2535 3957 cum
2568 3885 2888 3958 omnihus
2923 3883 3356 3981 adpendiciis
3383 3889 3528 3960 suis
3561 3891 3765 3986 pleno

935 4010 1118 4100 iure.
1156 4011 1267 4084 Ad
1318 4012 1812 4085 removendam
1863 4011 2079 4101 igitur
2113 4031 2386 4082 omnem
2432 4010 2950 4103 ambiguitatem
2995 4030 3135 4103 que
3184 4010 3479 4083 suboriri
3523 4014 3768 4108 poterit

947 4143 1218 4230 propter
1248 4143 1632 4228 temporum
1666 4135 2036 4207 decursum
2091 4142 2161 4206 et
2193 4134 2468 4206 labilem
2517 4134 2870 4206 hominum
2905 4134 3339 4224 memoriam,
3385 4147 3765 4231 presentem

947 4255 1236 4330 litteram
1265 4266 1636 4330 memorate
1664 4256 1902 4330 domui
1929 4256 2347 4330 indulsimus
2371 4257 2578 4350 sigilli
2603 4258 2811 4329 nostri
2837 4259 3217 4331 munimine
3246 4263 3762 4334 communitam.

1039 4381 1275 4452 Testes
1305 4381 1584 4453 sunthii
1610 4408 1629 4451 τ
1655 4383 1862 4454 frater
1892 4381 2252 4454 Cunradus
2291 4382 2382 4453 de
2417 4381 2838 4469 Michelvelt,
2880 4380 3260 4453 Ruodolfns
3293 4382 3495 4454 frater
3530 4384 3774 4480 hospi-

951 4504 1100 4576 talis
1144 4503 1376 4576 Sancti
1421 4505 1786 4596 Iohannis,
1847 4504 2267 4578 Ludewicus
2326 4503 2418 4577 de
2470 4503 2862 4594 Offenhein‚
2924 4506 3278 4601 Lupoldns
3316 4509 3645 4581 scultetus
3699 4510 3773 4581 in

951 4625 1379 4718 Rotenburc,
1437 4627 1709 4701 Schade
1747 4627 1837 4704 de
1864 4629 2070 4720 Lare,
2107 4629 2347 4701 Krafto
2375 4627 2466 4700 de
2488 4628 2691 4718 Lare,
2721 4627 2950 4702 Alwic
2975 4631 3331 4720 scultetus,
3363 4631 3779 4707 Eberwinus

960 4748 1027 4819 in
1059 4749 1487 4842 Rotenburc,
1543 4750 1911 4825 Cunradus
1944 4751 2386 4847 buttiglarius
2420 4750 2495 4823 in
2526 4750 3000 4845 Nuorenberc,
3055 4754 3419 4827 Cunradus
3449 4756 3780 4849 'Bigenot,
