4842 5802
867 482 1058 542 lxma
1095 474 1180 558 7.]
1764 474 2158 536 HISTORIA
2208 475 2790 537 DIPLOMATch.
3562 478 3677 539 671

960 610 1326 686 Heinricus
1346 663 1366 698 ,
1416 609 1555 682 Dei>
1575 609 1795 702 gratia
1830 611 2292 684 Romanorum
2320 632 2451 686 rex
2476 620 2545 683 et
2589 625 2855 704 semper
2901 619 3270 704 augustus,
3334 613 3674 685 universis

863 735 1130 832 imperii
1179 732 1506 805 fidelibus
1540 732 1720 805 hanc
1753 734 2045 809 litteram
2068 734 2489 829 ‘inspecturis
2521 736 2593 806 in
2630 743 3057 830 perpetuum.
3097 736 3267 807 Cum
3298 736 3479 808 circa
3510 750 3674 831 pro·'

865 864 1120 936 fectum
1145 858 1415 952 imperii
1446 866 1675 930 nostra
1703 857 2041 930 celsitudo
2073 858 2423 952 invigilat,
2459 866 2662 931 cauta
2696 857 3184 930 deliberatione
3204 858 3334 928 sibi
3359 859 3674 951 providet

865 1006 1024 1059 cum
1062 1006 1146 1059 ea
1171 966 1320 1079 que*
1339 981 1721 1057 decreverit
1751 982 1864 1054 vel
1899 982 2137 1056 fecerit
2174 982 2578 1076 scriptorum
2613 982 2939 1054 memorie
2976 982 3505 1054 recommendat.
3550 983 3676 1055 Per

863 1130 1142 1205 presens
1163 1110 1397 1202 itaque
1428 1107 1761 1201 scriptum
1791 1115 2032 1179 notum
2058 1128 2208 1180 esse
2231 1106 2552 1201 cupimus
2584 1116 2720 1178 tam
2743 1106 3174 1200 presentibus
3196 1128 3408 1199 quam
3427 1107 3675 1179 futuris

863 1233 1056 1327 quod
1084 1254 1212 1306 nos
1246 1230 1523 1304 utilitati
1552 1239 1622 1301 et
1647 1230 1945 1304 libertati
1977 1231 2274 1304 civitatis
2318 1242 2549 1306 nostre
2575 1231 2898 1324 Egi-ensis
2941 1231 3248 1304 volentes
3281 1231 3670 1316 intendere,

819 1424 829 1433 .
862 1355 1240 1431 sectionem
1267 1370 1408 1451 q'ue
1444 1356 1516 1426 in
1545 1355 1698 1450 ipsa
1726 1364 1872 1428 erat
1902 1353 1992 1428 de
2019 1356 2173 1427 vico
2206 1353 2512 1449 quodam
2533 1355 2955 1449 Schiphgaze
2990 1354 3200 1446 dicto,
3231 1356 3354 1447 qui
3382 1356 3672 1429 Henrico

865 1480 954 1555 de
1008 1481 1398 1554 Libenstein
1456 1478 1643 1552 fideli
1693 1488 1927 1552 nostro
1962 1478 2380 1574 pertinebat,
2424 1499 2548 1574 pro
2599 1478 2953 1551 honestate
2989 1478 3254 1572 imperii
3311 1490 3667 1554 censentes

863 1605 1068 1678 nobis
1102 1614 1172 1677 et
1199 1604 1484 1699 imperio
1508 1603 1971 1693 inhonestam,
2005 1603 2094 1677 de
2128 1603 2481 1675 voluntate
2513 1602 2677 1675 dicti
2707 1602 2979 1674 Henrici
3007 1602 3096 1674 de
3116 1604 3511 1676 Libenstein
3549 1625 3672 1698 pro

863 1728 1019 1801 vico
1047 1735 1403 1823 prenotato
1431 1727 1609 1800 facto
1646 1726 2047 1800 concambio
2066 1779 2086 1814 ‚
2132 1726 2358 1799 eidem
2389 1727 2663 1798 novalia
2707 1727 2781 1797 in
2812 1724 3135 1798 Gruvene
3167 1725 3258 1798 ad
3301 1749 3427 1799 nos
3462 1729 3676 1822 perti·

866 1852 1094 1925 nentia
1117 1854 1324 1945 juxta
1360 1859 1662 1924 montem
1705 1851 1829 1944 qni
1879 1850 2352 1944 Thilchelberg
2403 1852 2821 1946 appellatur,
2879 1849 3321 1923 concedimus
3370 1860 3440 1923 et
3484 1874 3672 1925 com·

863 1985 1234 2049 mutamus,
1265 1975 1351 2046 Ut
1368 1984 1600 2046 autem
1612 1995 1897 2069 presens
1912 1974 2354 2046 commutatio
2369 1974 2520 2047 sive
2545 1974 3023 2047 concambium
3050 1975 3250 2047 nobis
3263 1985 3331 2047 et
3353 1976 3662 2069 imperio,

862 2101 1155 2174 Henrico
1186 2100 1278 2173 de
1306 2099 1735 2173 Liebenstein
1762 2109 1832 2172 et
1856 2101 2002 2173 suis
2028 2100 2402 2173 heredibus
2430 2109 2831 2195 permaneat
2851 2100 3358 2192 inconvulsum,
3379 2123 3670 2196 presen-

864 2234 1001 2298 tem
1027 2225 1323 2297 litteram
1346 2222 1577 2317 sigillo
1598 2235 1829 2296 nostre
1862 2222 2289 2295 celsitudinis
2313 2224 2602 2296 fecimus
2629 2223 2958 2296 roborari.
3517 2280 3520 2285 ⁴

957 2349 1191 2421 Testes
1237 2356 1401 2419 sunt
1455 2347 1553 2419 hii
1604 2372 1624 2417 ε
1674 2346 2110 2440 'Eggebertus
2146 2347 2558 2419 venerabilis
2608 2346 3195 2439 Babenbergensis
3253 2346 3618 2442 episcopus
3642 2402 3662 2437 ,

865 2494 1090 2546 comes
1124 2474 1360 2566 Egeno
1401 2470 1490 2544 de
1522 2470 1818 2547 Vriburc
1848 2469 2285 2565 (Freyburg),
2331 2524 2349 2541 .
2396 2498 2412 2541 .
2466 2523 2483 2540 .
2521 2470 2949 2564 lantgravius
2995 2471 3083 2544 de
3135 2472 3688 2564 Leuggenbencb

864 2593 1465 2690 (Leuchtenberg)‚
1502 2595 1838 2667 Henricus
1868 2594 1958 2667 de
1977 2595 2204 2687 Nifen,
2243 2596 2398 2668 Otto
2424 2595 2513 2668 de
2536 2595 2919 2681 Eberstein‚
2952 2593 3311 2666 Cunradus
3343 2594 3669 2690 pincerna

864 2718 951 2791 de
987 2718 1529 2806 Winterstetten,
1560 2716 2002 2789 Eberhardus
2038 2717 2127 2790 de
2163 2718 2729 2811 Hertingesberg,
2763 2725 2832 2789 et
2866 2717 2981 2789 alii
3015 2702 3485 2812 quamplures.

958 2844 1207 2915 Datum
1257 2839 1448 2937 apud
1489 2841 1776 2935 Egram,
1817 2860 1999 2914 anno
2035 2840 2379 2915 dominice
2416 2842 2903 2915 incarnationis
2948 2841 3041 2914 M.
3072 2840 3193 2914 CC.
3229 2842 3567 2930 xxxnu,
3608 2843 3667 2915 V

865 2965 1019 3039 idus
1036 2967 1194 3058 julii
1213 3020 1232 3054 ,
1275 2964 1653 3037 indictione
1677 2966 1994 3061 septima.

966 3527 1369 3638 HenricuS,
1416 3533 1934 3620 Romanorum
1962 3563 2161 3647 rex,
2210 3542 2468 3624 comiti
2521 3543 2861 3653 Egenoni
2913 3546 3010 3627 de
3063 3545 3390 3655 Friburg
3440 3558 3514 3629 et
3574 3549 3669 3631 de

860 3659 1101 3743 Urach
1136 3689 1277 3773 pro
1296 3665 1551 3776 ⁴gratis
1585 3669 1750 3780 ejus
1788 3672 2115 3758 servitiis·
2140 3675 2437 3759 confert
2470 3677 2895 3761 in'feodum
2930 3679 3663 3790 fluminaquaedam

855 3791 1139 3877 ibidem
1192 3822 1559 3907 expressa·
1606 3830 1785 3886 cum
1839 3795 2020 3889 rivis
2073 3817 2149 3890 et
2200 3810 2583 3891 montanis
2628 3809 3187 3918 adjacentibuS,
3238 3810 3518 3921 jubens
3581 3826 3667 3897 ut

856 3927 1229 4040 quidquid
1274 3936 1442 4017 auri
1486 3936 1566 4018 in
1613 3938 2062 4024 fluminibus
2106 3950 2182 4024 et
2224 3944 2520 4052 argenti
2564 3944 2644 4025 in
2698 3945 3084 4028 montanis
3129 3946 3529 4054 invenerit,
3582 3948 3663 4029 in

856 4059 919 4168 ej
926 4087 1017 4145 us
1054 4065 1458 4150 utilitatem
1493 4071 1741 4154 cedat.
1832 4129 1839 4136 -

1015 4277 1222 4351 (mid.
1255 4281 1660 4363 Senonum,
1689 4287 1846 4348 [list.
1875 4287 2343 4370 Zarinqo-Bad„
2372 4290 2506 4352 cod.
2542 4290 2848 4369 diplomat.
2868 4337 2887 4367 ‚
2916 4298 2965 4354 t.
3010 4293 3117 4373 IV,
3150 4312 3210 4371 p.
3248 4303 3384 4374 190,
3431 4312 3506 4357 ex
3552 4313 3661 4358 ar-

1092 4383 1271 4446 chivo
1299 4386 1880 4473 Bada-Durlacensl.)

956 4562 1319 4642 Heinricus
1345 4623 1363 4659 ,
1412 4573 1535 4645 Dei
1564 4577 1784 4667 gratia
1833 4578 2293 4652 Romanorum
2326 4602 2454 4653 rex
2499 4591 2568 4654 et
2603 4604 2872 4679 semper
2906 4595 3277 4679 angustus,
3329 4588 3672 4661 universis
