<?xml version="1.0" encoding="UTF-8"?>
<!DOCTYPE html PUBLIC "-//W3C//DTD XHTML 1.0 Transitional//EN"
    "http://www.w3.org/TR/xhtml1/DTD/xhtml1-transitional.dtd">
<html xmlns="http://www.w3.org/1999/xhtml" xml:lang="en" lang="en">
 <head>
  <title>
</title>
<meta http-equiv="Content-Type" content="text/html;charset=utf-8" />
  <meta name='ocr-system' content='tesseract 3.04.00' />
  <meta name='ocr-capabilities' content='ocr_page ocr_carea ocr_par ocr_line ocrx_word'/>
</head>
<body>
  <div class='ocr_page' id='page_1' title='image "./historiadiploma01degoog_0156.png"; bbox 0 0 4842 5802; ppageno 0'>
   <div class='ocr_carea' id='block_1_1' title="bbox 1208 745 4023 824">
    <p class='ocr_par' dir='ltr' id='par_1_1' title="bbox 1208 745 4023 824">
     <span class='ocr_line' id='line_1_1' title="bbox 1208 745 4023 824; baseline 0 -13"><span class='ocrx_word' id='word_1_1' title='bbox 1208 749 1330 813; x_wconf 83' lang='lat'><strong>670</strong></span> <span class='ocrx_word' id='word_1_2' title='bbox 2248 746 2605 810; x_wconf 70' lang='lat' dir='ltr'><strong>nnmmcl</strong></span> <span class='ocrx_word' id='word_1_3' title='bbox 2654 746 2989 809; x_wconf 69' lang='lat' dir='ltr'><strong>sssrruu</strong></span> <span class='ocrx_word' id='word_1_4' title='bbox 3643 745 3804 824; x_wconf 72' lang='lat' dir='ltr'><strong>[An.</strong></span> <span class='ocrx_word' id='word_1_5' title='bbox 3845 747 4023 812; x_wconf 69' lang='lat'><strong>1234.</strong></span> 
     </span>
    </p>
   </div>
   <div class='ocr_carea' id='block_1_2' title="bbox 1069 880 4025 3817">
    <p class='ocr_par' dir='ltr' id='par_1_2' title="bbox 1213 880 4025 1718">
     <span class='ocr_line' id='line_1_2' title="bbox 1222 880 4023 976; baseline -0.001 -21"><span class='ocrx_word' id='word_1_6' title='bbox 1222 885 1453 976; x_wconf 89' lang='lat' dir='ltr'><strong>itaque</strong></span> <span class='ocrx_word' id='word_1_7' title='bbox 1482 881 1614 954; x_wconf 88' lang='lat' dir='ltr'><strong>sub</strong></span> <span class='ocrx_word' id='word_1_8' title='bbox 1659 880 2220 955; x_wconf 77' lang='lat' dir='ltr'><strong>interminacione</strong></span> <span class='ocrx_word' id='word_1_9' title='bbox 2262 884 2483 975; x_wconf 89' lang='lat' dir='ltr'><strong>gratie</strong></span> <span class='ocrx_word' id='word_1_10' title='bbox 2514 891 2742 955; x_wconf 89' lang='lat' dir='ltr'><strong>nostre</strong></span> <span class='ocrx_word' id='word_1_11' title='bbox 2800 880 3186 954; x_wconf 82' lang='lat' dir='ltr'><strong>firmissime</strong></span> <span class='ocrx_word' id='word_1_12' title='bbox 3222 881 3678 975; x_wconf 77' lang='lat' dir='ltr'><strong>precipientes</strong></span> <span class='ocrx_word' id='word_1_13' title='bbox 3715 890 3794 953; x_wconf 92' lang='lat' dir='ltr'><strong>ut</strong></span> <span class='ocrx_word' id='word_1_14' title='bbox 3836 882 4023 954; x_wconf 90' lang='lat' dir='ltr'><strong>nulla</strong></span> 
     </span>
     <span class='ocr_line' id='line_1_3' title="bbox 1215 1004 4024 1099; baseline -0 -21"><span class='ocrx_word' id='word_1_15' title='bbox 1215 1027 1544 1099; x_wconf 89' lang='lat' dir='ltr'><strong>umquam</strong></span> <span class='ocrx_word' id='word_1_16' title='bbox 1575 1025 1864 1099; x_wconf 89' lang='lat' dir='ltr'><strong>persona</strong></span> <span class='ocrx_word' id='word_1_17' title='bbox 1898 1006 2175 1077; x_wconf 88' lang='lat' dir='ltr'><strong>humilis</strong></span> <span class='ocrx_word' id='word_1_18' title='bbox 2199 1007 2312 1078; x_wconf 91' lang='lat' dir='ltr'><strong>vel</strong></span> <span class='ocrx_word' id='word_1_19' title='bbox 2339 1009 2509 1099; x_wconf 87' lang='lat' dir='ltr'><strong>alta,</strong></span> <span class='ocrx_word' id='word_1_20' title='bbox 2545 1006 3004 1079; x_wconf 87' lang='lat' dir='ltr'><strong>ecclesiastica</strong></span> <span class='ocrx_word' id='word_1_21' title='bbox 3028 1006 3141 1077; x_wconf 88' lang='lat' dir='ltr'><strong>vel</strong></span> <span class='ocrx_word' id='word_1_22' title='bbox 3168 1004 3518 1078; x_wconf 86' lang='lat' dir='ltr'><strong>mundana</strong></span> <span class='ocrx_word' id='word_1_23' title='bbox 3536 1058 3556 1096; x_wconf 94' lang='lat'><strong><em>‚</em></strong></span> <span class='ocrx_word' id='word_1_24' title='bbox 3598 1004 3779 1077; x_wconf 90' lang='lat' dir='ltr'><strong>hanc</strong></span> <span class='ocrx_word' id='word_1_25' title='bbox 3807 1004 4024 1078; x_wconf 89' lang='lat' dir='ltr'><strong>dona·</strong></span> 
     </span>
     <span class='ocr_line' id='line_1_4' title="bbox 1220 1127 4025 1222; baseline -0.001 -21"><span class='ocrx_word' id='word_1_26' title='bbox 1220 1130 1486 1202; x_wconf 90' lang='lat' dir='ltr'><strong>cionem</strong></span> <span class='ocrx_word' id='word_1_27' title='bbox 1520 1148 1685 1222; x_wconf 85' lang='lat' dir='ltr'><strong>sepe</strong></span> <span class='ocrx_word' id='word_1_28' title='bbox 1720 1128 1902 1200; x_wconf 88' lang='lat' dir='ltr'><strong>dicto</strong></span> <span class='ocrx_word' id='word_1_29' title='bbox 1936 1129 2347 1201; x_wconf 91' lang='lat' dir='ltr'><strong>monasterio</strong></span> <span class='ocrx_word' id='word_1_30' title='bbox 2381 1129 2721 1202; x_wconf 80' lang='lat' dir='ltr'><strong>indultam</strong></span> <span class='ocrx_word' id='word_1_31' title='bbox 2763 1128 3135 1222; x_wconf 85' lang='lat' dir='ltr'><strong>infringere</strong></span> <span class='ocrx_word' id='word_1_32' title='bbox 3177 1128 3433 1201; x_wconf 79' lang='lat' dir='ltr'><strong>audeat</strong></span> <span class='ocrx_word' id='word_1_33' title='bbox 3475 1136 3596 1200; x_wconf 90' lang='lat' dir='ltr'><strong>aut</strong></span> <span class='ocrx_word' id='word_1_34' title='bbox 3631 1127 3698 1200; x_wconf 91' lang='lat' dir='ltr'><strong>ei</strong></span> <span class='ocrx_word' id='word_1_35' title='bbox 3730 1128 4025 1219; x_wconf 87' lang='lat' dir='ltr'><strong>alicujus</strong></span> 
     </span>
     <span class='ocr_line' id='line_1_5' title="bbox 1221 1250 4019 1351; baseline -0.001 -25"><span class='ocrx_word' id='word_1_36' title='bbox 1221 1252 1482 1346; x_wconf 90' lang='lat' dir='ltr'><strong>ingenii</strong></span> <span class='ocrx_word' id='word_1_37' title='bbox 1520 1252 1842 1351; x_wconf 84' lang='lat' dir='ltr'><strong>scrupulo</strong></span> <span class='ocrx_word' id='word_1_38' title='bbox 1878 1252 2239 1324; x_wconf 90' lang='lat' dir='ltr'><strong>contraire.</strong></span> <span class='ocrx_word' id='word_1_39' title='bbox 2279 1251 2482 1336; x_wconf 89' lang='lat' dir='ltr'><strong>Quod</strong></span> <span class='ocrx_word' id='word_1_40' title='bbox 2520 1253 2642 1345; x_wconf 88' lang='lat' dir='ltr'><strong>qui</strong></span> <span class='ocrx_word' id='word_1_41' title='bbox 2671 1255 2891 1325; x_wconf 86' lang='lat' dir='ltr'><strong>facere</strong></span> <span class='ocrx_word' id='word_1_42' title='bbox 2917 1252 3433 1346; x_wconf 81' lang='lat' dir='ltr'><strong>presumpserit,</strong></span> <span class='ocrx_word' id='word_1_43' title='bbox 3467 1250 4019 1345; x_wconf 79' lang='lat' dir='ltr'><strong>indignacionem</strong></span> 
     </span>
     <span class='ocr_line' id='line_1_6' title="bbox 1223 1374 4021 1470; baseline -0.002 -22"><span class='ocrx_word' id='word_1_44' title='bbox 1223 1375 1558 1449; x_wconf 86' lang='lat' dir='ltr'><strong>tremendi</strong></span> <span class='ocrx_word' id='word_1_45' title='bbox 1594 1374 1852 1467; x_wconf 79' lang='lat' dir='ltr'><strong>&#39;judicis</strong></span> <span class='ocrx_word' id='word_1_46' title='bbox 1888 1385 2253 1469; x_wconf 84' lang='lat' dir='ltr'><strong>nostreque</strong></span> <span class='ocrx_word' id='word_1_47' title='bbox 2289 1376 2719 1449; x_wconf 83' lang='lat' dir='ltr'><strong>celsitudinis</strong></span> <span class='ocrx_word' id='word_1_48' title='bbox 2758 1374 3230 1470; x_wconf 85' lang='lat' dir='ltr'><strong>gravissimam</strong></span> <span class='ocrx_word' id='word_1_49' title='bbox 3268 1376 3599 1449; x_wconf 84' lang='lat' dir='ltr'><strong>offensam</strong></span> <span class='ocrx_word' id='word_1_50' title='bbox 3641 1396 3718 1448; x_wconf 92' lang='lat' dir='ltr'><strong>se</strong></span> <span class='ocrx_word' id='word_1_51' title='bbox 3752 1375 4021 1446; x_wconf 87' lang='lat' dir='ltr'><strong>noverit</strong></span> 
     </span>
     <span class='ocr_line' id='line_1_7' title="bbox 1213 1476 4012 1592; baseline -0.001 -21"><span class='ocrx_word' id='word_1_52' title='bbox 1213 1501 1671 1572; x_wconf 84' lang='lat' dir='ltr'><strong>incursurum.</strong></span> <span class='ocrx_word' id='word_1_53' title='bbox 1729 1498 1837 1571; x_wconf 86' lang='lat' dir='ltr'><strong>Ad</strong></span> <span class='ocrx_word' id='word_1_54' title='bbox 1877 1476 2074 1591; x_wconf 74' lang='lat' dir='ltr'><strong>cujus</strong></span> <span class='ocrx_word' id='word_1_55' title='bbox 2116 1500 2320 1572; x_wconf 90' lang='lat' dir='ltr'><strong>etiam</strong></span> <span class='ocrx_word' id='word_1_56' title='bbox 2370 1499 2532 1571; x_wconf 87' lang='lat' dir='ltr'><strong>facti</strong></span> <span class='ocrx_word' id='word_1_57' title='bbox 2582 1498 2792 1572; x_wconf 88' lang='lat' dir='ltr'><strong>nostri</strong></span> <span class='ocrx_word' id='word_1_58' title='bbox 2837 1499 3047 1571; x_wconf 89' lang='lat' dir='ltr'><strong>robur</strong></span> <span class='ocrx_word' id='word_1_59' title='bbox 3090 1498 3162 1569; x_wconf 90' lang='lat' dir='ltr'><strong>in</strong></span> <span class='ocrx_word' id='word_1_60' title='bbox 3212 1494 3557 1592; x_wconf 91' lang='lat' dir='ltr'><strong>posterum</strong></span> <span class='ocrx_word' id='word_1_61' title='bbox 3600 1496 4012 1589; x_wconf 84' lang='lat' dir='ltr'><strong>valiturum,</strong></span> 
     </span>
     <span class='ocr_line' id='line_1_8' title="bbox 1213 1621 3815 1718; baseline -0.001 -24"><span class='ocrx_word' id='word_1_62' title='bbox 1213 1643 1493 1717; x_wconf 87' lang='lat' dir='ltr'><strong>presens</strong></span> <span class='ocrx_word' id='word_1_63' title='bbox 1525 1621 1963 1716; x_wconf 87' lang='lat' dir='ltr'><strong>privilegium</strong></span> <span class='ocrx_word' id='word_1_64' title='bbox 1992 1622 2329 1694; x_wconf 88' lang='lat' dir='ltr'><strong>conscribi</strong></span> <span class='ocrx_word' id='word_1_65' title='bbox 2357 1623 2684 1715; x_wconf 85' lang='lat' dir='ltr'><strong>et&#39;sigillo</strong></span> <span class='ocrx_word' id='word_1_66' title='bbox 2720 1630 2946 1694; x_wconf 91' lang='lat' dir='ltr'><strong>nostro</strong></span> <span class='ocrx_word' id='word_1_67' title='bbox 2965 1622 3303 1713; x_wconf 90' lang='lat' dir='ltr'><strong>jussimus</strong></span> <span class='ocrx_word' id='word_1_68' title='bbox 3325 1622 3664 1716; x_wconf 86' lang='lat' dir='ltr'><strong>insigniri.</strong></span> <span class='ocrx_word' id='word_1_69' title='bbox 3798 1697 3815 1718; x_wconf 54' lang='grc'>,</span> 
     </span>
    </p>

    <p class='ocr_par' dir='ltr' id='par_1_3' title="bbox 1195 1744 4023 2583">
     <span class='ocr_line' id='line_1_9' title="bbox 1307 1744 4021 1838; baseline 0 -22"><span class='ocrx_word' id='word_1_70' title='bbox 1307 1748 1537 1818; x_wconf 88' lang='lat' dir='ltr'><strong>Testes</strong></span> <span class='ocrx_word' id='word_1_71' title='bbox 1569 1745 1667 1816; x_wconf 92' lang='lat' dir='ltr'><strong>hii</strong></span> <span class='ocrx_word' id='word_1_72' title='bbox 1703 1754 1865 1816; x_wconf 92' lang='lat' dir='ltr'><strong>sunt</strong></span> <span class='ocrx_word' id='word_1_73' title='bbox 1904 1772 1923 1816; x_wconf 90' lang='lat'>:</span> <span class='ocrx_word' id='word_1_74' title='bbox 1968 1746 2394 1817; x_wconf 86' lang='lat' dir='ltr'><strong>venerabiles</strong></span> <span class='ocrx_word' id='word_1_75' title='bbox 2429 1745 2723 1818; x_wconf 87' lang='lat' dir='ltr'><strong>Sifridus</strong></span> <span class='ocrx_word' id='word_1_76' title='bbox 2746 1745 3226 1838; x_wconf 81' lang='lat' dir='ltr'><strong>Magantinus,</strong></span> <span class='ocrx_word' id='word_1_77' title='bbox 3264 1744 3704 1817; x_wconf 89' lang='lat' dir='ltr'><strong>Burchardus</strong></span> <span class='ocrx_word' id='word_1_78' title='bbox 3734 1744 4021 1838; x_wconf 87' lang='lat' dir='ltr'><strong>Magde-</strong></span> 
     </span>
     <span class='ocr_line' id='line_1_10' title="bbox 1195 1867 4019 1975; baseline -0.001 -34"><span class='ocrx_word' id='word_1_79' title='bbox 1195 1869 1574 1975; x_wconf 25' lang='lat' dir='ltr'><strong>‘burgensis</strong></span> <span class='ocrx_word' id='word_1_80' title='bbox 1606 1867 2131 1963; x_wconf 86' lang='lat' dir='ltr'><strong>archiepiscopi,</strong></span> <span class='ocrx_word' id='word_1_81' title='bbox 2174 1870 2591 1942; x_wconf 86' lang='lat' dir='ltr'><strong>Eckebertus</strong></span> <span class='ocrx_word' id='word_1_82' title='bbox 2621 1869 3192 1962; x_wconf 87' lang='lat' dir='ltr'><strong>Babinbergensis</strong></span> <span class='ocrx_word' id='word_1_83' title='bbox 3212 1922 3232 1960; x_wconf 92' lang='lat'>,</span> <span class='ocrx_word' id='word_1_84' title='bbox 3285 1869 3716 1941; x_wconf 87' lang='lat' dir='ltr'><strong>Hermannus</strong></span> <span class='ocrx_word' id='word_1_85' title='bbox 3758 1868 4019 1940; x_wconf 88' lang='lat' dir='ltr'><strong>Herbi-</strong></span> 
     </span>
     <span class='ocr_line' id='line_1_11' title="bbox 1215 1990 4020 2088; baseline -0.001 -23"><span class='ocrx_word' id='word_1_86' title='bbox 1215 1994 1549 2088; x_wconf 76' lang='lat' dir='ltr'><strong>polensi3‚</strong></span> <span class='ocrx_word' id='word_1_87' title='bbox 1589 1992 1941 2066; x_wconf 86' lang='lat' dir='ltr'><strong>Conradus</strong></span> <span class='ocrx_word' id='word_1_88' title='bbox 1967 1994 2552 2088; x_wconf 88' lang='lat' dir='ltr'><strong>Osnaburgensis,</strong></span> <span class='ocrx_word' id='word_1_89' title='bbox 2592 1991 3072 2087; x_wconf 86' lang='lat' dir='ltr'><strong>Engelhardus</strong></span> <span class='ocrx_word' id='word_1_90' title='bbox 3111 1992 3699 2085; x_wconf 89' lang='lat' dir='ltr'><strong>Nuemburgensis</strong></span> <span class='ocrx_word' id='word_1_91' title='bbox 3721 2049 3738 2079; x_wconf 87' lang='lat'>,</span> <span class='ocrx_word' id='word_1_92' title='bbox 3786 1990 4020 2063; x_wconf 87' lang='lat' dir='ltr'><strong>Ecke-</strong></span> 
     </span>
     <span class='ocr_line' id='line_1_12' title="bbox 1211 2115 4012 2211; baseline -0 -24"><span class='ocrx_word' id='word_1_93' title='bbox 1211 2116 1470 2189; x_wconf 86' lang='lat' dir='ltr'><strong>hardus</strong></span> <span class='ocrx_word' id='word_1_94' title='bbox 1505 2117 2086 2210; x_wconf 87' lang='lat' dir='ltr'><strong>Merseburgensis</strong></span> <span class='ocrx_word' id='word_1_95' title='bbox 2114 2117 2454 2211; x_wconf 89' lang='lat' dir='ltr'><strong>episcopi,</strong></span> <span class='ocrx_word' id='word_1_96' title='bbox 2492 2118 2646 2190; x_wconf 88' lang='lat' dir='ltr'><strong>Otto</strong></span> <span class='ocrx_word' id='word_1_97' title='bbox 2678 2118 2828 2189; x_wconf 82' lang='lat' dir='ltr'><strong>dux</strong></span> <span class='ocrx_word' id='word_1_98' title='bbox 2849 2116 3166 2189; x_wconf 87' lang='lat' dir='ltr'><strong>Bawarie</strong></span> <span class='ocrx_word' id='word_1_99' title='bbox 3195 2116 3534 2210; x_wconf 87' lang='lat' dir='ltr'><strong>palatinus</strong></span> <span class='ocrx_word' id='word_1_100' title='bbox 3562 2136 3791 2187; x_wconf 91' lang='lat' dir='ltr'><strong>comes</strong></span> <span class='ocrx_word' id='word_1_101' title='bbox 3816 2115 4012 2207; x_wconf 82' lang='lat' dir='ltr'><strong>Beni,</strong></span> 
     </span>
     <span class='ocr_line' id='line_1_13' title="bbox 1212 2238 4018 2334; baseline -0.001 -22"><span class='ocrx_word' id='word_1_102' title='bbox 1212 2241 1531 2314; x_wconf 86' lang='lat' dir='ltr'><strong>Albertus</strong></span> <span class='ocrx_word' id='word_1_103' title='bbox 1562 2241 1716 2313; x_wconf 82' lang='lat' dir='ltr'><strong>dux</strong></span> <span class='ocrx_word' id='word_1_104' title='bbox 1751 2242 2090 2332; x_wconf 79' lang='lat' dir='ltr'><strong>Saxonis,</strong></span> <span class='ocrx_word' id='word_1_105' title='bbox 2147 2240 2510 2314; x_wconf 87' lang='lat' dir='ltr'><strong>Heinricus</strong></span> <span class='ocrx_word' id='word_1_106' title='bbox 2545 2240 2972 2334; x_wconf 80' lang='lat' dir='ltr'><strong>lantgravius</strong></span> <span class='ocrx_word' id='word_1_107' title='bbox 2998 2238 3401 2334; x_wconf 89' lang='lat' dir='ltr'><strong>Thuringie,</strong></span> <span class='ocrx_word' id='word_1_108' title='bbox 3434 2238 3794 2311; x_wconf 88' lang='lat' dir='ltr'><strong>Heinricus</strong></span> <span class='ocrx_word' id='word_1_109' title='bbox 3821 2259 4018 2312; x_wconf 89' lang='lat' dir='ltr'><strong>mar-</strong></span> 
     </span>
     <span class='ocr_line' id='line_1_14' title="bbox 1208 2362 4011 2455; baseline -0.001 -18"><span class='ocrx_word' id='word_1_110' title='bbox 1208 2365 1365 2437; x_wconf 92' lang='lat' dir='ltr'><strong>chio</strong></span> <span class='ocrx_word' id='word_1_111' title='bbox 1383 2366 1771 2454; x_wconf 85' lang='lat' dir='ltr'><strong>Misnensis,</strong></span> <span class='ocrx_word' id='word_1_112' title='bbox 1810 2365 2169 2437; x_wconf 87' lang='lat' dir='ltr'><strong>Heinricus</strong></span> <span class='ocrx_word' id='word_1_113' title='bbox 2188 2386 2418 2437; x_wconf 90' lang='lat' dir='ltr'><strong>comes</strong></span> <span class='ocrx_word' id='word_1_114' title='bbox 2436 2364 2794 2454; x_wconf 85' lang='lat' dir='ltr'><strong>Ascharie,</strong></span> <span class='ocrx_word' id='word_1_115' title='bbox 2836 2365 3269 2436; x_wconf 88' lang='lat' dir='ltr'><strong>Hermannus</strong></span> <span class='ocrx_word' id='word_1_116' title='bbox 3301 2363 3605 2438; x_wconf 89' lang='lat' dir='ltr'><strong>marchio</strong></span> <span class='ocrx_word' id='word_1_117' title='bbox 3637 2362 3729 2435; x_wconf 89' lang='lat' dir='ltr'><strong>de</strong></span> <span class='ocrx_word' id='word_1_118' title='bbox 3748 2362 4011 2455; x_wconf 88' lang='lat' dir='ltr'><strong>Baden,</strong></span> 
     </span>
     <span class='ocr_line' id='line_1_15' title="bbox 1214 2488 4023 2583; baseline 0 -24"><span class='ocrx_word' id='word_1_119' title='bbox 1214 2489 1653 2561; x_wconf 83' lang='lat' dir='ltr'><strong>Burchardus</strong></span> <span class='ocrx_word' id='word_1_120' title='bbox 1704 2490 2123 2583; x_wconf 81' lang='lat' dir='ltr'><strong>burgravius</strong></span> <span class='ocrx_word' id='word_1_121' title='bbox 2177 2488 2828 2583; x_wconf 76' lang='lat' dir='ltr'><strong>Magdeburgensis.</strong></span> <span class='ocrx_word' id='word_1_122' title='bbox 2863 2488 3215 2561; x_wconf 89' lang='lat' dir='ltr'><strong>Conradus</strong></span> <span class='ocrx_word' id='word_1_123' title='bbox 3268 2488 3681 2582; x_wconf 84' lang='lat' dir='ltr'><strong>burgravius</strong></span> <span class='ocrx_word' id='word_1_124' title='bbox 3730 2488 3821 2561; x_wconf 92' lang='lat' dir='ltr'><strong>de</strong></span> <span class='ocrx_word' id='word_1_125' title='bbox 3866 2488 4023 2559; x_wconf 53' lang='lat' dir='ltr'><strong>Nu*</strong></span> 
     </span>
    </p>

    <p class='ocr_par' dir='ltr' id='par_1_4' title="bbox 1069 2610 4012 2703">
     <span class='ocr_line' id='line_1_16' title="bbox 1069 2610 4012 2703; baseline -0.002 -12"><span class='ocrx_word' id='word_1_126' title='bbox 1069 2686 1075 2691; x_wconf 89' lang='grc'><strong><em>,</em></strong></span> <span class='ocrx_word' id='word_1_127' title='bbox 1210 2612 1551 2702; x_wconf 84' lang='lat' dir='ltr'><strong>remberc‚</strong></span> <span class='ocrx_word' id='word_1_128' title='bbox 1611 2633 1839 2685; x_wconf 90' lang='lat' dir='ltr'><strong>comes</strong></span> <span class='ocrx_word' id='word_1_129' title='bbox 1897 2613 2055 2683; x_wconf 92' lang='lat' dir='ltr'><strong>Otto</strong></span> <span class='ocrx_word' id='word_1_130' title='bbox 2111 2610 2199 2683; x_wconf 91' lang='lat' dir='ltr'><strong>de</strong></span> <span class='ocrx_word' id='word_1_131' title='bbox 2250 2612 2717 2702; x_wconf 84' lang='lat' dir='ltr'><strong>Ravensberc,</strong></span> <span class='ocrx_word' id='word_1_132' title='bbox 2785 2631 3013 2683; x_wconf 90' lang='lat' dir='ltr'><strong>comes</strong></span> <span class='ocrx_word' id='word_1_133' title='bbox 3045 2611 3384 2684; x_wconf 88' lang='lat' dir='ltr'><strong>Dietricus</strong></span> <span class='ocrx_word' id='word_1_134' title='bbox 3437 2610 3527 2685; x_wconf 91' lang='lat' dir='ltr'><strong>de</strong></span> <span class='ocrx_word' id='word_1_135' title='bbox 3578 2611 4012 2703; x_wconf 87' lang='lat' dir='ltr'><strong>Tekneburc,</strong></span> 
     </span>
    </p>

    <p class='ocr_par' dir='ltr' id='par_1_5' title="bbox 1211 2731 4013 3075">
     <span class='ocr_line' id='line_1_17' title="bbox 1211 2731 4012 2830; baseline 0.001 -25"><span class='ocrx_word' id='word_1_136' title='bbox 1211 2735 1574 2807; x_wconf 87' lang='lat' dir='ltr'><strong>Heinricus</strong></span> <span class='ocrx_word' id='word_1_137' title='bbox 1593 2735 2032 2826; x_wconf 80' lang='lat' dir='ltr'><strong>marscalcus,</strong></span> <span class='ocrx_word' id='word_1_138' title='bbox 2055 2734 2410 2807; x_wconf 90' lang='lat' dir='ltr'><strong>Heinricus</strong></span> <span class='ocrx_word' id='word_1_139' title='bbox 2428 2731 2516 2806; x_wconf 90' lang='lat' dir='ltr'><strong>de</strong></span> <span class='ocrx_word' id='word_1_140' title='bbox 2543 2735 2768 2824; x_wconf 85' lang='lat' dir='ltr'><strong>Nifen,</strong></span> <span class='ocrx_word' id='word_1_141' title='bbox 2789 2734 3182 2807; x_wconf 88' lang='lat' dir='ltr'><strong>Waltherus</strong></span> <span class='ocrx_word' id='word_1_142' title='bbox 3201 2734 3521 2828; x_wconf 84' lang='lat' dir='ltr'><strong>pincerna</strong></span> <span class='ocrx_word' id='word_1_143' title='bbox 3550 2734 3641 2807; x_wconf 90' lang='lat' dir='ltr'><strong>de</strong></span> <span class='ocrx_word' id='word_1_144' title='bbox 3663 2736 4012 2830; x_wconf 88' lang='lat' dir='ltr'><strong>Limpurc,</strong></span> 
     </span>
     <span class='ocr_line' id='line_1_18' title="bbox 1217 2854 4013 2952; baseline 0 -22"><span class='ocrx_word' id='word_1_145' title='bbox 1217 2856 1573 2931; x_wconf 88' lang='lat' dir='ltr'><strong>Conradus</strong></span> <span class='ocrx_word' id='word_1_146' title='bbox 1596 2858 1918 2952; x_wconf 88' lang='lat' dir='ltr'><strong>pincerna</strong></span> <span class='ocrx_word' id='word_1_147' title='bbox 1938 2858 2030 2931; x_wconf 89' lang='lat' dir='ltr'><strong>de</strong></span> <span class='ocrx_word' id='word_1_148' title='bbox 2054 2856 2586 2948; x_wconf 86' lang='lat' dir='ltr'><strong>Wintersteden,</strong></span> <span class='ocrx_word' id='word_1_149' title='bbox 2609 2854 2971 2930; x_wconf 87' lang='lat' dir='ltr'><strong>Heinricus</strong></span> <span class='ocrx_word' id='word_1_150' title='bbox 2987 2857 3404 2931; x_wconf 81' lang='lat' dir='ltr'><strong>camerarius</strong></span> <span class='ocrx_word' id='word_1_151' title='bbox 3427 2856 3518 2930; x_wconf 90' lang='lat' dir='ltr'><strong>de</strong></span> <span class='ocrx_word' id='word_1_152' title='bbox 3545 2858 4013 2951; x_wconf 86' lang='lat' dir='ltr'><strong>Ravensburc,</strong></span> 
     </span>
     <span class='ocr_line' id='line_1_19' title="bbox 1218 2980 3815 3075; baseline 0 -24"><span class='ocrx_word' id='word_1_153' title='bbox 1218 2980 1577 3055; x_wconf 87' lang='lat' dir='ltr'><strong>Heinricus</strong></span> <span class='ocrx_word' id='word_1_154' title='bbox 1603 2992 1674 3052; x_wconf 91' lang='lat' dir='ltr'><strong>et</strong></span> <span class='ocrx_word' id='word_1_155' title='bbox 1698 2981 2057 3053; x_wconf 87' lang='lat' dir='ltr'><strong>Heinricus</strong></span> <span class='ocrx_word' id='word_1_156' title='bbox 2087 2982 2323 3053; x_wconf 69' lang='lat' dir='ltr'><strong>fratres</strong></span> <span class='ocrx_word' id='word_1_157' title='bbox 2354 2980 2675 3053; x_wconf 87' lang='lat' dir='ltr'><strong>advocati</strong></span> <span class='ocrx_word' id='word_1_158' title='bbox 2707 2980 2798 3053; x_wconf 93' lang='lat' dir='ltr'><strong>de</strong></span> <span class='ocrx_word' id='word_1_159' title='bbox 2827 2980 3060 3070; x_wconf 86' lang='lat' dir='ltr'><strong>Wida,</strong></span> <span class='ocrx_word' id='word_1_160' title='bbox 3098 2989 3167 3052; x_wconf 90' lang='lat' dir='ltr'><strong>et</strong></span> <span class='ocrx_word' id='word_1_161' title='bbox 3202 2981 3319 3051; x_wconf 88' lang='lat' dir='ltr'><strong>alii</strong></span> <span class='ocrx_word' id='word_1_162' title='bbox 3350 2982 3815 3075; x_wconf 86' lang='lat' dir='ltr'><strong>quamplures.</strong></span> 
     </span>
    </p>

    <p class='ocr_par' dir='ltr' id='par_1_6' title="bbox 1205 3102 4018 3425">
     <span class='ocr_line' id='line_1_20' title="bbox 1310 3102 4018 3197; baseline 0 -21"><span class='ocrx_word' id='word_1_163' title='bbox 1310 3104 1560 3176; x_wconf 82' lang='lat' dir='ltr'><strong>Actum</strong></span> <span class='ocrx_word' id='word_1_164' title='bbox 1605 3126 1788 3176; x_wconf 91' lang='lat' dir='ltr'><strong>anno</strong></span> <span class='ocrx_word' id='word_1_165' title='bbox 1833 3104 2178 3177; x_wconf 89' lang='lat' dir='ltr'><strong>dominice</strong></span> <span class='ocrx_word' id='word_1_166' title='bbox 2231 3104 2715 3175; x_wconf 86' lang='lat' dir='ltr'><strong>incarnationis</strong></span> <span class='ocrx_word' id='word_1_167' title='bbox 2758 3102 3118 3197; x_wconf 84' lang='lat' dir='ltr'><strong>millesimo</strong></span> <span class='ocrx_word' id='word_1_168' title='bbox 3163 3102 3630 3176; x_wconf 88' lang='lat' dir='ltr'><strong>ducentesimo</strong></span> <span class='ocrx_word' id='word_1_169' title='bbox 3676 3104 4018 3177; x_wconf 82' lang='lat' dir='ltr'><strong>tricesimo</strong></span> 
     </span>
     <span class='ocr_line' id='line_1_21' title="bbox 1213 3224 4018 3323; baseline 0.001 -25"><span class='ocrx_word' id='word_1_170' title='bbox 1213 3236 1491 3323; x_wconf 84' lang='lat' dir='ltr'><strong>quarto,</strong></span> <span class='ocrx_word' id='word_1_171' title='bbox 1547 3235 1745 3300; x_wconf 81' lang='lat' dir='ltr'><strong>sexto</strong></span> <span class='ocrx_word' id='word_1_172' title='bbox 1789 3227 1950 3300; x_wconf 89' lang='lat' dir='ltr'><strong>idus</strong></span> <span class='ocrx_word' id='word_1_173' title='bbox 2003 3227 2194 3320; x_wconf 86' lang='lat' dir='ltr'><strong>julii,</strong></span> <span class='ocrx_word' id='word_1_174' title='bbox 2267 3224 2642 3299; x_wconf 91' lang='lat' dir='ltr'><strong>indictione</strong></span> <span class='ocrx_word' id='word_1_175' title='bbox 2692 3226 2980 3321; x_wconf 90' lang='lat' dir='ltr'><strong>septima</strong></span> <span class='ocrx_word' id='word_1_176' title='bbox 3005 3280 3025 3318; x_wconf 92' lang='lat'>,</span> <span class='ocrx_word' id='word_1_177' title='bbox 3084 3249 3267 3300; x_wconf 88' lang='lat' dir='ltr'><strong>anno</strong></span> <span class='ocrx_word' id='word_1_178' title='bbox 3321 3229 3515 3322; x_wconf 84' lang='lat' dir='ltr'><strong>regni</strong></span> <span class='ocrx_word' id='word_1_179' title='bbox 3570 3230 3720 3322; x_wconf 92' lang='lat' dir='ltr'><strong>ejus</strong></span> <span class='ocrx_word' id='word_1_180' title='bbox 3775 3237 4018 3322; x_wconf 86' lang='lat' dir='ltr'><strong>quarto</strong></span> 
     </span>
     <span class='ocr_line' id='line_1_22' title="bbox 1205 3352 1499 3425; baseline -0.007 0"><span class='ocrx_word' id='word_1_181' title='bbox 1205 3352 1499 3425; x_wconf 87' lang='lat' dir='ltr'><strong>decimo.</strong></span> 
     </span>
    </p>

    <p class='ocr_par' dir='ltr' id='par_1_7' title="bbox 1208 3472 4017 3692">
     <span class='ocr_line' id='line_1_23' title="bbox 1315 3472 4017 3572; baseline 0.001 -25"><span class='ocrx_word' id='word_1_182' title='bbox 1315 3476 1604 3569; x_wconf 89' lang='lat' dir='ltr'><strong>Signum</strong></span> <span class='ocrx_word' id='word_1_183' title='bbox 1642 3472 1906 3547; x_wconf 90' lang='lat' dir='ltr'><strong>domini</strong></span> <span class='ocrx_word' id='word_1_184' title='bbox 1935 3473 2232 3545; x_wconf 89' lang='lat' dir='ltr'><strong>Heinrici</strong></span> <span class='ocrx_word' id='word_1_185' title='bbox 2253 3472 2379 3545; x_wconf 93' lang='lat' dir='ltr'><strong>Dei</strong></span> <span class='ocrx_word' id='word_1_186' title='bbox 2408 3474 2625 3566; x_wconf 88' lang='lat' dir='ltr'><strong>gratia</strong></span> <span class='ocrx_word' id='word_1_187' title='bbox 2660 3474 3117 3548; x_wconf 87' lang='lat' dir='ltr'><strong>Romanorum</strong></span> <span class='ocrx_word' id='word_1_188' title='bbox 3147 3475 3330 3570; x_wconf 86' lang='lat' dir='ltr'><strong>regis</strong></span> <span class='ocrx_word' id='word_1_189' title='bbox 3359 3476 3815 3550; x_wconf 89' lang='lat' dir='ltr'><strong>invictissimi.</strong></span> <span class='ocrx_word' id='word_1_190' title='bbox 3850 3475 4017 3572; x_wconf 74' lang='lat' dir='ltr'><strong>(Mo-</strong></span> 
     </span>
     <span class='ocr_line' id='line_1_24' title="bbox 1208 3596 1654 3692; baseline -0.007 -21"><span class='ocrx_word' id='word_1_191' title='bbox 1208 3596 1654 3692; x_wconf 61' lang='lat' dir='ltr'><strong>nom-amma.)</strong></span> 
     </span>
    </p>

    <p class='ocr_par' dir='ltr' id='par_1_8' title="bbox 1309 3719 3619 3817">
     <span class='ocr_line' id='line_1_25' title="bbox 1309 3719 3619 3817; baseline 0.002 -23"><span class='ocrx_word' id='word_1_192' title='bbox 1309 3725 1552 3794; x_wconf 91' lang='lat' dir='ltr'><strong>Datum</strong></span> <span class='ocrx_word' id='word_1_193' title='bbox 1580 3719 1772 3815; x_wconf 88' lang='lat' dir='ltr'><strong>apud</strong></span> <span class='ocrx_word' id='word_1_194' title='bbox 1805 3719 2212 3812; x_wconf 83' lang='lat' dir='ltr'><strong>Altenburc,</strong></span> <span class='ocrx_word' id='word_1_195' title='bbox 2250 3741 2469 3811; x_wconf 90' lang='lat' dir='ltr'><strong>anno,</strong></span> <span class='ocrx_word' id='word_1_196' title='bbox 2513 3740 2780 3813; x_wconf 90' lang='lat' dir='ltr'><strong>mense,</strong></span> <span class='ocrx_word' id='word_1_197' title='bbox 2822 3721 3195 3796; x_wconf 90' lang='lat' dir='ltr'><strong>indictione</strong></span> <span class='ocrx_word' id='word_1_198' title='bbox 3225 3725 3619 3817; x_wconf 82' lang='lat' dir='ltr'><strong>prenotatis.</strong></span> 
     </span>
    </p>
   </div>
   <div class='ocr_carea' id='block_1_3' title="bbox 1638 4008 3593 4022">
    <p class='ocr_par' dir='ltr' id='par_1_9' title="bbox 1638 4008 3593 4022">
     <span class='ocr_line' id='line_1_26' title="bbox 1638 4008 3593 4022; baseline 0.002 -5"><span class='ocrx_word' id='word_1_199' title='bbox 1638 4009 1702 4017; x_wconf 67' lang='grc' dir='ltr'><strong>ο...-</strong></span> <span class='ocrx_word' id='word_1_200' title='bbox 1723 4009 1897 4017; x_wconf 57' lang='lat' dir='ltr'>--u-——-</span> <span class='ocrx_word' id='word_1_201' title='bbox 1915 4010 2005 4017; x_wconf 51' lang='lat'><strong>-...⁴.</strong></span> <span class='ocrx_word' id='word_1_202' title='bbox 2024 4011 2039 4015; x_wconf 54' lang='grc' dir='ltr'><strong>ψ</strong></span> <span class='ocrx_word' id='word_1_203' title='bbox 2058 4009 2175 4016; x_wconf 57' lang='lat'><strong>-·..---</strong></span> <span class='ocrx_word' id='word_1_204' title='bbox 2190 4008 2554 4017; x_wconf 63' lang='lat'><strong>--.-—0·---..-.-</strong></span> <span class='ocrx_word' id='word_1_205' title='bbox 2573 4010 2584 4015; x_wconf 81' lang='lat'>-</span> <span class='ocrx_word' id='word_1_206' title='bbox 2615 4010 2896 4018; x_wconf 51' lang='lat' dir='ltr'><strong>--.u—--m-</strong></span> <span class='ocrx_word' id='word_1_207' title='bbox 2913 4011 3006 4018; x_wconf 76' lang='lat'><strong>-·--</strong></span> <span class='ocrx_word' id='word_1_208' title='bbox 3047 4011 3593 4022; x_wconf 47' lang='grc' dir='ltr'><strong>----,--.---..ᾸΊ--ο</strong></span> 
     </span>
    </p>
   </div>
   <div class='ocr_carea' id='block_1_4' title="bbox 890 4258 4015 4409">
    <p class='ocr_par' dir='ltr' id='par_1_10' title="bbox 890 4258 4015 4409">
     <span class='ocr_line' id='line_1_27' title="bbox 890 4258 4015 4409; baseline -0.002 -62"><span class='ocrx_word' id='word_1_209' title='bbox 890 4304 1052 4409; x_wconf 50' lang='lat' dir='ltr'><strong>222²ss</strong></span> <span class='ocrx_word' id='word_1_210' title='bbox 1317 4263 1717 4365; x_wconf 81' lang='lat' dir='ltr'><strong>HenricuS,</strong></span> <span class='ocrx_word' id='word_1_211' title='bbox 1750 4259 2268 4342; x_wconf 85' lang='lat' dir='ltr'><strong>Romanorum</strong></span> <span class='ocrx_word' id='word_1_212' title='bbox 2305 4286 2468 4365; x_wconf 10' lang='lat' dir='ltr'><strong>rex»,</strong></span> <span class='ocrx_word' id='word_1_213' title='bbox 2512 4259 2608 4340; x_wconf 88' lang='lat' dir='ltr'><strong>ad</strong></span> <span class='ocrx_word' id='word_1_214' title='bbox 2645 4259 3044 4341; x_wconf 87' lang='lat' dir='ltr'><strong>utilitatem</strong></span> <span class='ocrx_word' id='word_1_215' title='bbox 3071 4258 3388 4341; x_wconf 87' lang='lat' dir='ltr'><strong>civitatis</strong></span> <span class='ocrx_word' id='word_1_216' title='bbox 3418 4284 3598 4340; x_wconf 88' lang='lat' dir='ltr'><strong>suae</strong></span> <span class='ocrx_word' id='word_1_217' title='bbox 3624 4258 4015 4369; x_wconf 81' lang='lat' dir='ltr'><strong>EgrensiS‚</strong></span> 
     </span>
    </p>
   </div>
   <div class='ocr_carea' id='block_1_5' title="bbox 900 4389 4020 4635">
    <p class='ocr_par' dir='ltr' id='par_1_11' title="bbox 900 4389 4020 4635">
     <span class='ocr_line' id='line_1_28' title="bbox 900 4389 4020 4499; baseline 0.003 -35"><span class='ocrx_word' id='word_1_218' title='bbox 900 4411 1080 4464; x_wconf 74' lang='lat'>11111111-</span> <span class='ocrx_word' id='word_1_219' title='bbox 1214 4396 1620 4478; x_wconf 86' lang='lat' dir='ltr'><strong>sectionem</strong></span> <span class='ocrx_word' id='word_1_220' title='bbox 1660 4394 1737 4472; x_wconf 90' lang='lat' dir='ltr'><strong>in</strong></span> <span class='ocrx_word' id='word_1_221' title='bbox 1777 4418 1867 4473; x_wconf 88' lang='lat' dir='ltr'><strong>ea</strong></span> <span class='ocrx_word' id='word_1_222' title='bbox 1902 4392 1998 4473; x_wconf 91' lang='lat' dir='ltr'><strong>de</strong></span> <span class='ocrx_word' id='word_1_223' title='bbox 2032 4392 2197 4473; x_wconf 91' lang='lat' dir='ltr'><strong>vico</strong></span> <span class='ocrx_word' id='word_1_224' title='bbox 2234 4390 2699 4499; x_wconf 85' lang='lat' dir='ltr'><strong>Schiphgaze</strong></span> <span class='ocrx_word' id='word_1_225' title='bbox 2736 4389 2835 4472; x_wconf 88' lang='lat' dir='ltr'><strong>ab</strong></span> <span class='ocrx_word' id='word_1_226' title='bbox 2867 4390 3190 4472; x_wconf 86' lang='lat' dir='ltr'><strong>Henrico</strong></span> <span class='ocrx_word' id='word_1_227' title='bbox 3226 4392 3322 4472; x_wconf 92' lang='lat' dir='ltr'><strong>de</strong></span> <span class='ocrx_word' id='word_1_228' title='bbox 3348 4390 3772 4473; x_wconf 86' lang='lat' dir='ltr'><strong>Libenstein</strong></span> <span class='ocrx_word' id='word_1_229' title='bbox 3809 4416 4020 4473; x_wconf 89' lang='lat' dir='ltr'><strong>com-</strong></span> 
     </span>
     <span class='ocr_line' id='line_1_29' title="bbox 1213 4516 4011 4635; baseline -0.001 -28"><span class='ocrx_word' id='word_1_230' title='bbox 1213 4536 1469 4635; x_wconf 82' lang='lat' dir='ltr'><strong>parat,</strong></span> <span class='ocrx_word' id='word_1_231' title='bbox 1511 4525 1688 4608; x_wconf 87' lang='lat' dir='ltr'><strong>etei</strong></span> <span class='ocrx_word' id='word_1_232' title='bbox 1742 4516 2044 4607; x_wconf 83' lang='lat' dir='ltr'><strong>novalia</strong></span> <span class='ocrx_word' id='word_1_233' title='bbox 2085 4523 2162 4603; x_wconf 93' lang='lat' dir='ltr'><strong>in</strong></span> <span class='ocrx_word' id='word_1_234' title='bbox 2213 4523 2558 4607; x_wconf 89' lang='lat' dir='ltr'><strong>Gruoene</strong></span> <span class='ocrx_word' id='word_1_235' title='bbox 2585 4522 2806 4632; x_wconf 82' lang='lat' dir='ltr'><strong>juxta</strong></span> <span class='ocrx_word' id='word_1_236' title='bbox 2840 4533 3177 4604; x_wconf 90' lang='lat' dir='ltr'><strong>montem</strong></span> <span class='ocrx_word' id='word_1_237' title='bbox 3215 4522 3746 4633; x_wconf 84' lang='lat' dir='ltr'><strong>Thilcbelberg</strong></span> <span class='ocrx_word' id='word_1_238' title='bbox 3786 4524 4011 4607; x_wconf 87' lang='lat' dir='ltr'><strong>cedit.</strong></span> 
     </span>
    </p>
   </div>
   <div class='ocr_carea' id='block_1_6' title="bbox 1374 4710 4010 4898">
    <p class='ocr_par' dir='ltr' id='par_1_12' title="bbox 1374 4710 4010 4898">
     <span class='ocr_line' id='line_1_30' title="bbox 1374 4710 4010 4790; baseline 0.001 -18"><span class='ocrx_word' id='word_1_239' title='bbox 1374 4714 1564 4785; x_wconf 82' lang='lat' dir='ltr'><strong>(Edit.</strong></span> <span class='ocrx_word' id='word_1_240' title='bbox 1597 4728 1693 4787; x_wconf 90' lang='lat' dir='ltr'><strong>ap.</strong></span> <span class='ocrx_word' id='word_1_241' title='bbox 1725 4710 1980 4771; x_wconf 78' lang='lat' dir='ltr'><strong>Menum.</strong></span> <span class='ocrx_word' id='word_1_242' title='bbox 2016 4710 2218 4782; x_wconf 73' lang='lat' dir='ltr'><strong>Boica,</strong></span> <span class='ocrx_word' id='word_1_243' title='bbox 2247 4717 2390 4772; x_wconf 88' lang='lat' dir='ltr'><strong>tom.</strong></span> <span class='ocrx_word' id='word_1_244' title='bbox 2425 4712 2662 4789; x_wconf 82' lang='lat' dir='ltr'>XXXI,</span> <span class='ocrx_word' id='word_1_245' title='bbox 2690 4728 2825 4788; x_wconf 83' lang='lat' dir='ltr'><strong>pars</strong></span> <span class='ocrx_word' id='word_1_246' title='bbox 2851 4710 2929 4782; x_wconf 80' lang='lat'><strong>1⁸,</strong></span> <span class='ocrx_word' id='word_1_247' title='bbox 2964 4728 3026 4787; x_wconf 88' lang='lat' dir='ltr'><strong>p.</strong></span> <span class='ocrx_word' id='word_1_248' title='bbox 3060 4720 3205 4785; x_wconf 82' lang='grc'><strong><em>558,</em></strong></span> <span class='ocrx_word' id='word_1_249' title='bbox 3235 4728 3270 4772; x_wconf 88' lang='lat' dir='ltr'><strong>e</strong></span> <span class='ocrx_word' id='word_1_250' title='bbox 3294 4712 3444 4773; x_wconf 78' lang='lat' dir='ltr'><strong>llbro</strong></span> <span class='ocrx_word' id='word_1_251' title='bbox 3468 4711 3680 4790; x_wconf 77' lang='lat' dir='ltr'><strong>coptall</strong></span> <span class='ocrx_word' id='word_1_252' title='bbox 3704 4713 4010 4790; x_wconf 73' lang='lat' dir='ltr'><strong>antiquiss.</strong></span> 
     </span>
     <span class='ocr_line' id='line_1_31' title="bbox 1446 4814 3419 4898; baseline 0 -21"><span class='ocrx_word' id='word_1_253' title='bbox 1446 4848 1523 4861; x_wconf 89' lang='lat'>—</span> <span class='ocrx_word' id='word_1_254' title='bbox 1551 4817 1854 4877; x_wconf 82' lang='lat' dir='ltr'><strong>Memorat.</strong></span> <span class='ocrx_word' id='word_1_255' title='bbox 1888 4822 2084 4878; x_wconf 87' lang='lat' dir='ltr'><strong>autem</strong></span> <span class='ocrx_word' id='word_1_256' title='bbox 2109 4833 2144 4877; x_wconf 89' lang='lat' dir='ltr'><strong>a</strong></span> <span class='ocrx_word' id='word_1_257' title='bbox 2171 4817 2483 4877; x_wconf 80' lang='lat' dir='ltr'><strong>Bnuscmo</strong></span> <span class='ocrx_word' id='word_1_258' title='bbox 2510 4819 2573 4876; x_wconf 88' lang='lat' dir='ltr'><strong>ln</strong></span> <span class='ocrx_word' id='word_1_259' title='bbox 2598 4814 3128 4898; x_wconf 66' lang='grc' dir='ltr'><strong>Μοπωιοήοίρρία,</strong></span> <span class='ocrx_word' id='word_1_260' title='bbox 3155 4835 3217 4895; x_wconf 86' lang='lat' dir='ltr'><strong>p.</strong></span> <span class='ocrx_word' id='word_1_261' title='bbox 3251 4818 3419 4897; x_wconf 70' lang='lat'><strong>2⁴9.)</strong></span> 
     </span>
    </p>
   </div>
  </div>
 </body>
</html>
