<?xml version="1.0" encoding="UTF-8"?>
<!DOCTYPE html PUBLIC "-//W3C//DTD XHTML 1.0 Transitional//EN"
    "http://www.w3.org/TR/xhtml1/DTD/xhtml1-transitional.dtd">
<html xmlns="http://www.w3.org/1999/xhtml" xml:lang="en" lang="en">
 <head>
  <title>
</title>
<meta http-equiv="Content-Type" content="text/html;charset=utf-8" />
  <meta name='ocr-system' content='tesseract 3.04.00' />
  <meta name='ocr-capabilities' content='ocr_page ocr_carea ocr_par ocr_line ocrx_word'/>
</head>
<body>
  <div class='ocr_page' id='page_1' title='image "./historiadiploma01degoog_0279.png"; bbox 0 0 4842 5802; ppageno 0'>
   <div class='ocr_carea' id='block_1_1' title="bbox 888 652 3715 739">
    <p class='ocr_par' dir='ltr' id='par_1_1' title="bbox 888 652 3715 739">
     <span class='ocr_line' id='line_1_1' title="bbox 888 652 3715 739; baseline 0 -19"><span class='ocrx_word' id='word_1_1' title='bbox 888 662 1087 720; x_wconf 69' lang='lat' dir='ltr'>lumcr.</span> <span class='ocrx_word' id='word_1_2' title='bbox 1119 654 1207 739; x_wconf 87' lang='lat'>8.]</span> <span class='ocrx_word' id='word_1_3' title='bbox 1780 652 2178 714; x_wconf 80' lang='lat' dir='ltr'>HISTORIA</span> <span class='ocrx_word' id='word_1_4' title='bbox 2231 654 2822 721; x_wconf 75' lang='lat' dir='ltr'>mPLoMATmA.</span> <span class='ocrx_word' id='word_1_5' title='bbox 3597 660 3715 721; x_wconf 80' lang='lat'>763</span> 
     </span>
    </p>
   </div>
   <div class='ocr_carea' id='block_1_2' title="bbox 874 788 3709 4833">
    <p class='ocr_par' dir='ltr' id='par_1_2' title="bbox 879 788 3709 3597">
     <span class='ocr_line' id='line_1_2' title="bbox 889 788 3697 885; baseline -0 -20"><span class='ocrx_word' id='word_1_6' title='bbox 889 791 1226 884; x_wconf 86' lang='lat' dir='ltr'>obligavit</span> <span class='ocrx_word' id='word_1_7' title='bbox 1274 798 1345 862; x_wconf 91' lang='lat' dir='ltr'>et</span> <span class='ocrx_word' id='word_1_8' title='bbox 1389 788 1774 882; x_wconf 80' lang='lat' dir='ltr'>assignavit</span> <span class='ocrx_word' id='word_1_9' title='bbox 1819 788 1885 860; x_wconf 90' lang='lat' dir='ltr'>ei</span> <span class='ocrx_word' id='word_1_10' title='bbox 1929 797 2226 861; x_wconf 84' lang='lat' dir='ltr'>castrum</span> <span class='ocrx_word' id='word_1_11' title='bbox 2269 790 2522 885; x_wconf 88' lang='lat' dir='ltr'>Sciphe</span> <span class='ocrx_word' id='word_1_12' title='bbox 2563 802 2636 865; x_wconf 85' lang='lat' dir='ltr'>et</span> <span class='ocrx_word' id='word_1_13' title='bbox 2671 792 2937 867; x_wconf 89' lang='lat' dir='ltr'>reditus</span> <span class='ocrx_word' id='word_1_14' title='bbox 2981 801 3258 865; x_wconf 89' lang='lat' dir='ltr'>centum</span> <span class='ocrx_word' id='word_1_15' title='bbox 3296 792 3697 865; x_wconf 76' lang='lat' dir='ltr'>talentorum</span> 
     </span>
     <span class='ocr_line' id='line_1_3' title="bbox 888 910 3698 1012; baseline 0 -22"><span class='ocrx_word' id='word_1_16' title='bbox 888 912 1400 1011; x_wconf 86' lang='lat' dir='ltr'>Herbipolensis</span> <span class='ocrx_word' id='word_1_17' title='bbox 1439 921 1746 1003; x_wconf 87' lang='lat' dir='ltr'>monete,</span> <span class='ocrx_word' id='word_1_18' title='bbox 1801 910 2226 1007; x_wconf 90' lang='lat' dir='ltr'>ubicumque</span> <span class='ocrx_word' id='word_1_19' title='bbox 2259 913 2446 986; x_wconf 92' lang='lat' dir='ltr'>idem</span> <span class='ocrx_word' id='word_1_20' title='bbox 2480 915 2889 990; x_wconf 88' lang='lat' dir='ltr'>Godefridus</span> <span class='ocrx_word' id='word_1_21' title='bbox 2939 917 3011 988; x_wconf 92' lang='lat' dir='ltr'>in</span> <span class='ocrx_word' id='word_1_22' title='bbox 3060 917 3259 989; x_wconf 92' lang='lat' dir='ltr'>bonis</span> <span class='ocrx_word' id='word_1_23' title='bbox 3292 916 3512 1012; x_wconf 91' lang='lat' dir='ltr'>ipsius</span> <span class='ocrx_word' id='word_1_24' title='bbox 3563 918 3698 990; x_wconf 86' lang='lat' dir='ltr'>Lu·</span> 
     </span>
     <span class='ocr_line' id='line_1_4' title="bbox 889 1036 3702 1135; baseline -0 -21"><span class='ocrx_word' id='word_1_25' title='bbox 889 1040 1144 1116; x_wconf 85' lang='lat' dir='ltr'>dewici</span> <span class='ocrx_word' id='word_1_26' title='bbox 1198 1039 1351 1112; x_wconf 86' lang='lat' dir='ltr'>sive</span> <span class='ocrx_word' id='word_1_27' title='bbox 1393 1036 1466 1109; x_wconf 93' lang='lat' dir='ltr'>in</span> <span class='ocrx_word' id='word_1_28' title='bbox 1510 1036 1924 1132; x_wconf 79' lang='lat' dir='ltr'>proprietate</span> <span class='ocrx_word' id='word_1_29' title='bbox 1972 1037 2122 1111; x_wconf 88' lang='lat' dir='ltr'>sive</span> <span class='ocrx_word' id='word_1_30' title='bbox 2173 1038 2242 1108; x_wconf 92' lang='lat' dir='ltr'>in</span> <span class='ocrx_word' id='word_1_31' title='bbox 2305 1039 2529 1112; x_wconf 88' lang='lat' dir='ltr'>feodis</span> <span class='ocrx_word' id='word_1_32' title='bbox 2586 1040 2896 1133; x_wconf 87' lang='lat' dir='ltr'>ejusdem</span> <span class='ocrx_word' id='word_1_33' title='bbox 2955 1040 3122 1113; x_wconf 83' lang='lat' dir='ltr'>velit</span> <span class='ocrx_word' id='word_1_34' title='bbox 3186 1041 3534 1135; x_wconf 88' lang='lat' dir='ltr'>accipere;</span> <span class='ocrx_word' id='word_1_35' title='bbox 3610 1041 3702 1113; x_wconf 87' lang='lat' dir='ltr'>ita</span> 
     </span>
     <span class='ocr_line' id='line_1_5' title="bbox 884 1159 3701 1258; baseline -0.001 -22"><span class='ocrx_word' id='word_1_36' title='bbox 884 1164 1076 1258; x_wconf 90' lang='lat' dir='ltr'>quod</span> <span class='ocrx_word' id='word_1_37' title='bbox 1111 1161 1596 1258; x_wconf 83' lang='lat' dir='ltr'>proprietatem</span> <span class='ocrx_word' id='word_1_38' title='bbox 1634 1159 2085 1232; x_wconf 86' lang='lat' dir='ltr'>incontinenti</span> <span class='ocrx_word' id='word_1_39' title='bbox 2117 1181 2242 1255; x_wconf 94' lang='lat' dir='ltr'>per</span> <span class='ocrx_word' id='word_1_40' title='bbox 2276 1163 2534 1234; x_wconf 90' lang='lat' dir='ltr'>curiam</span> <span class='ocrx_word' id='word_1_41' title='bbox 2570 1172 2872 1236; x_wconf 88' lang='lat' dir='ltr'>nostram</span> <span class='ocrx_word' id='word_1_42' title='bbox 2907 1163 3040 1234; x_wconf 90' lang='lat' dir='ltr'>sibi</span> <span class='ocrx_word' id='word_1_43' title='bbox 3074 1163 3358 1235; x_wconf 86' lang='lat' dir='ltr'>tradidit</span> <span class='ocrx_word' id='word_1_44' title='bbox 3401 1172 3471 1235; x_wconf 90' lang='lat' dir='ltr'>et</span> <span class='ocrx_word' id='word_1_45' title='bbox 3500 1164 3701 1237; x_wconf 85' lang='lat' dir='ltr'>feoda</span> 
     </span>
     <span class='ocr_line' id='line_1_6' title="bbox 887 1283 3702 1380; baseline 0 -23"><span class='ocrx_word' id='word_1_46' title='bbox 887 1285 1188 1359; x_wconf 89' lang='lat' dir='ltr'>stabilire</span> <span class='ocrx_word' id='word_1_47' title='bbox 1256 1284 1592 1380; x_wconf 85' lang='lat' dir='ltr'>promisit.</span> <span class='ocrx_word' id='word_1_48' title='bbox 1665 1283 1954 1378; x_wconf 87' lang='lat' dir='ltr'>Insuper</span> <span class='ocrx_word' id='word_1_49' title='bbox 2015 1304 2254 1357; x_wconf 90' lang='lat' dir='ltr'>omnes</span> <span class='ocrx_word' id='word_1_50' title='bbox 2322 1286 2634 1359; x_wconf 91' lang='lat' dir='ltr'>homines</span> <span class='ocrx_word' id='word_1_51' title='bbox 2690 1308 2852 1359; x_wconf 91' lang='lat' dir='ltr'>suos</span> <span class='ocrx_word' id='word_1_52' title='bbox 2912 1286 3227 1358; x_wconf 87' lang='lat' dir='ltr'>militaris</span> <span class='ocrx_word' id='word_1_53' title='bbox 3291 1286 3702 1360; x_wconf 89' lang='lat' dir='ltr'>conditionis</span> 
     </span>
     <span class='ocr_line' id='line_1_7' title="bbox 889 1407 3704 1505; baseline -0.001 -23"><span class='ocrx_word' id='word_1_54' title='bbox 889 1411 1247 1504; x_wconf 86' lang='lat' dir='ltr'>utriusque</span> <span class='ocrx_word' id='word_1_55' title='bbox 1291 1430 1505 1481; x_wconf 84' lang='lat' dir='ltr'>sexus</span> <span class='ocrx_word' id='word_1_56' title='bbox 1549 1407 1776 1480; x_wconf 91' lang='lat' dir='ltr'>eidem</span> <span class='ocrx_word' id='word_1_57' title='bbox 1827 1408 2113 1480; x_wconf 87' lang='lat' dir='ltr'>contulit</span> <span class='ocrx_word' id='word_1_58' title='bbox 2146 1410 2592 1501; x_wconf 86' lang='lat' dir='ltr'>assignando,</span> <span class='ocrx_word' id='word_1_59' title='bbox 2647 1409 3050 1505; x_wconf 87' lang='lat' dir='ltr'>subscriptis</span> <span class='ocrx_word' id='word_1_60' title='bbox 3094 1408 3604 1482; x_wconf 83' lang='lat' dir='ltr'>conditionibus</span> <span class='ocrx_word' id='word_1_61' title='bbox 3635 1424 3704 1482; x_wconf 92' lang='lat' dir='ltr'>et</span> 
     </span>
     <span class='ocr_line' id='line_1_8' title="bbox 888 1530 3700 1629; baseline 0 -22"><span class='ocrx_word' id='word_1_62' title='bbox 888 1533 1110 1629; x_wconf 88' lang='lat' dir='ltr'>pactis</span> <span class='ocrx_word' id='word_1_63' title='bbox 1142 1533 1213 1604; x_wconf 90' lang='lat' dir='ltr'>in</span> <span class='ocrx_word' id='word_1_64' title='bbox 1261 1531 1505 1605; x_wconf 88' lang='lat' dir='ltr'>eadem</span> <span class='ocrx_word' id='word_1_65' title='bbox 1550 1530 1916 1604; x_wconf 88' lang='lat' dir='ltr'>traditione</span> <span class='ocrx_word' id='word_1_66' title='bbox 1959 1540 2029 1604; x_wconf 93' lang='lat' dir='ltr'>et</span> <span class='ocrx_word' id='word_1_67' title='bbox 2061 1532 2521 1626; x_wconf 81' lang='lat' dir='ltr'>assignatione</span> <span class='ocrx_word' id='word_1_68' title='bbox 2567 1534 2787 1605; x_wconf 88' lang='lat' dir='ltr'>taliter</span> <span class='ocrx_word' id='word_1_69' title='bbox 2824 1532 3471 1626; x_wconf 86' lang='lat' dir='ltr'>intervenientibus,</span> <span class='ocrx_word' id='word_1_70' title='bbox 3511 1536 3700 1628; x_wconf 90' lang='lat' dir='ltr'>quod</span> 
     </span>
     <span class='ocr_line' id='line_1_9' title="bbox 886 1652 3703 1749; baseline 0 -21"><span class='ocrx_word' id='word_1_71' title='bbox 886 1657 976 1728; x_wconf 88' lang='lat' dir='ltr'>ab</span> <span class='ocrx_word' id='word_1_72' title='bbox 1020 1656 1185 1726; x_wconf 91' lang='lat' dir='ltr'>hinc</span> <span class='ocrx_word' id='word_1_73' title='bbox 1221 1670 1447 1749; x_wconf 88' lang='lat' dir='ltr'>usque</span> <span class='ocrx_word' id='word_1_74' title='bbox 1484 1652 1576 1726; x_wconf 89' lang='lat' dir='ltr'>ad</span> <span class='ocrx_word' id='word_1_75' title='bbox 1603 1655 1868 1726; x_wconf 54' lang='lat' dir='ltr'>&gt;festum</span> <span class='ocrx_word' id='word_1_76' title='bbox 1922 1656 2134 1727; x_wconf 87' lang='lat' dir='ltr'>sancti</span> <span class='ocrx_word' id='word_1_77' title='bbox 2191 1655 2466 1729; x_wconf 82' lang='lat' dir='ltr'>Martini</span> <span class='ocrx_word' id='word_1_78' title='bbox 2520 1655 2840 1749; x_wconf 84' lang='lat' dir='ltr'>proximo</span> <span class='ocrx_word' id='word_1_79' title='bbox 2874 1664 3245 1728; x_wconf 87' lang='lat' dir='ltr'>venturum</span> <span class='ocrx_word' id='word_1_80' title='bbox 3294 1664 3365 1729; x_wconf 94' lang='lat' dir='ltr'>et</span> <span class='ocrx_word' id='word_1_81' title='bbox 3398 1676 3493 1728; x_wconf 85' lang='lat' dir='ltr'>ex</span> <span class='ocrx_word' id='word_1_82' title='bbox 3540 1665 3703 1728; x_wconf 89' lang='lat' dir='ltr'>tunc</span> 
     </span>
     <span class='ocr_line' id='line_1_10' title="bbox 887 1768 3707 1873; baseline -0.001 -22"><span class='ocrx_word' id='word_1_83' title='bbox 887 1800 1109 1873; x_wconf 90' lang='lat' dir='ltr'>usque</span> <span class='ocrx_word' id='word_1_84' title='bbox 1154 1778 1250 1855; x_wconf 89' lang='lat' dir='ltr'>ad</span> <span class='ocrx_word' id='word_1_85' title='bbox 1282 1800 1542 1851; x_wconf 89' lang='lat' dir='ltr'>annum</span> <span class='ocrx_word' id='word_1_86' title='bbox 1582 1768 1803 1849; x_wconf 89' lang='lat' dir='ltr'>unum</span> <span class='ocrx_word' id='word_1_87' title='bbox 1841 1780 2253 1873; x_wconf 87' lang='lat' dir='ltr'>completum</span> <span class='ocrx_word' id='word_1_88' title='bbox 2303 1779 2376 1849; x_wconf 92' lang='lat' dir='ltr'>in</span> <span class='ocrx_word' id='word_1_89' title='bbox 2417 1778 2664 1851; x_wconf 87' lang='lat' dir='ltr'>eodem</span> <span class='ocrx_word' id='word_1_90' title='bbox 2712 1779 2880 1851; x_wconf 82' lang='lat' dir='ltr'>festo</span> <span class='ocrx_word' id='word_1_91' title='bbox 2918 1778 3142 1850; x_wconf 89' lang='lat' dir='ltr'>dictus</span> <span class='ocrx_word' id='word_1_92' title='bbox 3181 1776 3598 1852; x_wconf 87' lang='lat' dir='ltr'>Godefridus</span> <span class='ocrx_word' id='word_1_93' title='bbox 3636 1792 3707 1852; x_wconf 91' lang='lat' dir='ltr'>et</span> 
     </span>
     <span class='ocr_line' id='line_1_11' title="bbox 886 1900 3705 1997; baseline -0 -22"><span class='ocrx_word' id='word_1_94' title='bbox 886 1900 1178 1975; x_wconf 86' lang='lat' dir='ltr'>heredes</span> <span class='ocrx_word' id='word_1_95' title='bbox 1232 1902 1344 1973; x_wconf 88' lang='lat' dir='ltr'>sui</span> <span class='ocrx_word' id='word_1_96' title='bbox 1385 1902 1623 1974; x_wconf 91' lang='lat' dir='ltr'>omnia</span> <span class='ocrx_word' id='word_1_97' title='bbox 1661 1900 1970 1997; x_wconf 88' lang='lat' dir='ltr'>predicta</span> <span class='ocrx_word' id='word_1_98' title='bbox 2017 1902 2202 1975; x_wconf 88' lang='lat' dir='ltr'>bona</span> <span class='ocrx_word' id='word_1_99' title='bbox 2240 1924 2399 1975; x_wconf 88' lang='lat' dir='ltr'>cum</span> <span class='ocrx_word' id='word_1_100' title='bbox 2440 1901 2869 1996; x_wconf 88' lang='lat' dir='ltr'>pertinentiis</span> <span class='ocrx_word' id='word_1_101' title='bbox 2906 1901 3067 1972; x_wconf 78' lang='lat' dir='ltr'>&#39;suis</span> <span class='ocrx_word' id='word_1_102' title='bbox 3107 1902 3312 1996; x_wconf 91' lang='lat' dir='ltr'>pleno</span> <span class='ocrx_word' id='word_1_103' title='bbox 3338 1903 3499 1993; x_wconf 87' lang='lat' dir='ltr'>jure</span> <span class='ocrx_word' id='word_1_104' title='bbox 3548 1925 3705 1975; x_wconf 90' lang='lat' dir='ltr'>cum</span> 
     </span>
     <span class='ocr_line' id='line_1_12' title="bbox 886 2022 3709 2121; baseline 0.001 -24"><span class='ocrx_word' id='word_1_105' title='bbox 886 2022 1283 2099; x_wconf 89' lang='lat' dir='ltr'>hominibus</span> <span class='ocrx_word' id='word_1_106' title='bbox 1317 2026 1389 2097; x_wconf 91' lang='lat' dir='ltr'>in</span> <span class='ocrx_word' id='word_1_107' title='bbox 1426 2026 1643 2099; x_wconf 91' lang='lat' dir='ltr'>libera</span> <span class='ocrx_word' id='word_1_108' title='bbox 1667 2037 1737 2099; x_wconf 85' lang='lat' dir='ltr'>et</span> <span class='ocrx_word' id='word_1_109' title='bbox 1779 2027 2014 2119; x_wconf 89' lang='lat' dir='ltr'>quieta</span> <span class='ocrx_word' id='word_1_110' title='bbox 2055 2025 2490 2120; x_wconf 86' lang='lat' dir='ltr'>possessione</span> <span class='ocrx_word' id='word_1_111' title='bbox 2523 2025 2884 2114; x_wconf 82' lang='lat' dir='ltr'>tenebunt3</span> <span class='ocrx_word' id='word_1_112' title='bbox 2931 2023 3027 2096; x_wconf 92' lang='lat' dir='ltr'>ita</span> <span class='ocrx_word' id='word_1_113' title='bbox 3052 2023 3245 2118; x_wconf 90' lang='lat' dir='ltr'>quod</span> <span class='ocrx_word' id='word_1_114' title='bbox 3282 2024 3342 2096; x_wconf 90' lang='lat' dir='ltr'>si</span> <span class='ocrx_word' id='word_1_115' title='bbox 3374 2027 3709 2121; x_wconf 85' lang='lat' dir='ltr'>completo</span> 
     </span>
     <span class='ocr_line' id='line_1_13' title="bbox 892 2145 3707 2244; baseline 0 -24"><span class='ocrx_word' id='word_1_116' title='bbox 892 2169 1075 2220; x_wconf 92' lang='lat' dir='ltr'>anno</span> <span class='ocrx_word' id='word_1_117' title='bbox 1106 2147 1178 2219; x_wconf 93' lang='lat' dir='ltr'>in</span> <span class='ocrx_word' id='word_1_118' title='bbox 1208 2148 1524 2242; x_wconf 87' lang='lat' dir='ltr'>sequenti</span> <span class='ocrx_word' id='word_1_119' title='bbox 1558 2150 1729 2220; x_wconf 88' lang='lat' dir='ltr'>festo</span> <span class='ocrx_word' id='word_1_120' title='bbox 1750 2148 1933 2220; x_wconf 89' lang='lat' dir='ltr'>beati</span> <span class='ocrx_word' id='word_1_121' title='bbox 1964 2148 2238 2220; x_wconf 90' lang='lat' dir='ltr'>Martini</span> <span class='ocrx_word' id='word_1_122' title='bbox 2260 2149 2565 2243; x_wconf 89' lang='lat' dir='ltr'>prefatus</span> <span class='ocrx_word' id='word_1_123' title='bbox 2590 2145 3013 2219; x_wconf 84' lang='lat' dir='ltr'>Ludewicus</span> <span class='ocrx_word' id='word_1_124' title='bbox 3041 2147 3230 2219; x_wconf 93' lang='lat' dir='ltr'>mille</span> <span class='ocrx_word' id='word_1_125' title='bbox 3257 2168 3521 2219; x_wconf 88' lang='lat' dir='ltr'>marcas</span> <span class='ocrx_word' id='word_1_126' title='bbox 3550 2151 3707 2244; x_wconf 89' lang='lat' dir='ltr'>puri</span> 
     </span>
     <span class='ocr_line' id='line_1_14' title="bbox 892 2268 3703 2364; baseline 0 -22"><span class='ocrx_word' id='word_1_127' title='bbox 892 2271 1157 2364; x_wconf 81' lang='lat' dir='ltr'>argenti</span> <span class='ocrx_word' id='word_1_128' title='bbox 1192 2271 1471 2343; x_wconf 89' lang='lat' dir='ltr'>solverit</span> <span class='ocrx_word' id='word_1_129' title='bbox 1508 2270 1731 2344; x_wconf 92' lang='lat' dir='ltr'>eidem</span> <span class='ocrx_word' id='word_1_130' title='bbox 1771 2268 2144 2344; x_wconf 85' lang='lat' dir='ltr'>Godefrido</span> <span class='ocrx_word' id='word_1_131' title='bbox 2170 2281 2240 2344; x_wconf 90' lang='lat' dir='ltr'>et</span> <span class='ocrx_word' id='word_1_132' title='bbox 2274 2269 2649 2344; x_wconf 89' lang='lat' dir='ltr'>heredibus</span> <span class='ocrx_word' id='word_1_133' title='bbox 2686 2269 2865 2360; x_wconf 91' lang='lat' dir='ltr'>suis,</span> <span class='ocrx_word' id='word_1_134' title='bbox 2915 2269 3101 2341; x_wconf 91' lang='lat' dir='ltr'>idem</span> <span class='ocrx_word' id='word_1_135' title='bbox 3136 2268 3554 2342; x_wconf 90' lang='lat' dir='ltr'>Godefridus</span> <span class='ocrx_word' id='word_1_136' title='bbox 3593 2275 3703 2344; x_wconf 87' lang='lat' dir='ltr'>vel</span> 
     </span>
     <span class='ocr_line' id='line_1_15' title="bbox 892 2392 3704 2489; baseline 0 -25"><span class='ocrx_word' id='word_1_137' title='bbox 892 2393 1180 2467; x_wconf 87' lang='lat' dir='ltr'>heredes</span> <span class='ocrx_word' id='word_1_138' title='bbox 1214 2395 1323 2465; x_wconf 90' lang='lat' dir='ltr'>sui</span> <span class='ocrx_word' id='word_1_139' title='bbox 1366 2405 1504 2466; x_wconf 88' lang='lat' dir='ltr'>tam</span> <span class='ocrx_word' id='word_1_140' title='bbox 1542 2395 1926 2489; x_wconf 89' lang='lat' dir='ltr'>predictum</span> <span class='ocrx_word' id='word_1_141' title='bbox 1969 2404 2268 2467; x_wconf 86' lang='lat' dir='ltr'>castrum</span> <span class='ocrx_word' id='word_1_142' title='bbox 2301 2416 2511 2488; x_wconf 90' lang='lat' dir='ltr'>quam</span> <span class='ocrx_word' id='word_1_143' title='bbox 2556 2393 2725 2465; x_wconf 93' lang='lat' dir='ltr'>alios</span> <span class='ocrx_word' id='word_1_144' title='bbox 2768 2392 3034 2463; x_wconf 90' lang='lat' dir='ltr'>reditus</span> <span class='ocrx_word' id='word_1_145' title='bbox 3096 2413 3255 2463; x_wconf 89' lang='lat' dir='ltr'>cum</span> <span class='ocrx_word' id='word_1_146' title='bbox 3306 2392 3704 2465; x_wconf 90' lang='lat' dir='ltr'>hominibus</span> 
     </span>
     <span class='ocr_line' id='line_1_16' title="bbox 890 2513 3705 2611; baseline 0.001 -23"><span class='ocrx_word' id='word_1_147' title='bbox 890 2516 1089 2589; x_wconf 88' lang='lat' dir='ltr'>dictis</span> <span class='ocrx_word' id='word_1_148' title='bbox 1137 2517 1492 2590; x_wconf 89' lang='lat' dir='ltr'>restituere</span> <span class='ocrx_word' id='word_1_149' title='bbox 1542 2526 1928 2591; x_wconf 88' lang='lat' dir='ltr'>teneantur.</span> <span class='ocrx_word' id='word_1_150' title='bbox 1971 2517 2041 2588; x_wconf 92' lang='lat' dir='ltr'>Si</span> <span class='ocrx_word' id='word_1_151' title='bbox 2091 2538 2256 2590; x_wconf 87' lang='lat' dir='ltr'>vero</span> <span class='ocrx_word' id='word_1_152' title='bbox 2312 2517 2600 2589; x_wconf 89' lang='lat' dir='ltr'>termino</span> <span class='ocrx_word' id='word_1_153' title='bbox 2641 2524 3000 2611; x_wconf 80' lang='lat' dir='ltr'>pretaxato</span> <span class='ocrx_word' id='word_1_154' title='bbox 3048 2513 3233 2586; x_wconf 89' lang='lat' dir='ltr'>idem</span> <span class='ocrx_word' id='word_1_155' title='bbox 3287 2516 3705 2590; x_wconf 84' lang='lat' dir='ltr'>Ludewicus</span> 
     </span>
     <span class='ocr_line' id='line_1_17' title="bbox 886 2636 3700 2736; baseline 0.001 -25"><span class='ocrx_word' id='word_1_156' title='bbox 886 2661 1024 2712; x_wconf 92' lang='lat' dir='ltr'>non</span> <span class='ocrx_word' id='word_1_157' title='bbox 1060 2641 1340 2712; x_wconf 87' lang='lat' dir='ltr'>solverit</span> <span class='ocrx_word' id='word_1_158' title='bbox 1375 2641 1752 2734; x_wconf 89' lang='lat' dir='ltr'>predictam</span> <span class='ocrx_word' id='word_1_159' title='bbox 1794 2640 2087 2736; x_wconf 91' lang='lat' dir='ltr'>pecunie</span> <span class='ocrx_word' id='word_1_160' title='bbox 2123 2640 2611 2734; x_wconf 88' lang='lat' dir='ltr'>quantitatem,</span> <span class='ocrx_word' id='word_1_161' title='bbox 2659 2636 3006 2734; x_wconf 85' lang='lat' dir='ltr'>predictus</span> <span class='ocrx_word' id='word_1_162' title='bbox 3047 2637 3463 2711; x_wconf 86' lang='lat' dir='ltr'>Godefridus</span> <span class='ocrx_word' id='word_1_163' title='bbox 3485 2652 3553 2712; x_wconf 90' lang='lat' dir='ltr'>et</span> <span class='ocrx_word' id='word_1_164' title='bbox 3579 2641 3700 2715; x_wconf 88' lang='lat' dir='ltr'>he·</span> 
     </span>
     <span class='ocr_line' id='line_1_18' title="bbox 889 2762 3702 2858; baseline 0.002 -25"><span class='ocrx_word' id='word_1_165' title='bbox 889 2763 1092 2835; x_wconf 91' lang='lat' dir='ltr'>redes</span> <span class='ocrx_word' id='word_1_166' title='bbox 1133 2764 1242 2833; x_wconf 90' lang='lat' dir='ltr'>sui</span> <span class='ocrx_word' id='word_1_167' title='bbox 1284 2764 1668 2857; x_wconf 85' lang='lat' dir='ltr'>predictum</span> <span class='ocrx_word' id='word_1_168' title='bbox 1723 2774 2022 2837; x_wconf 87' lang='lat' dir='ltr'>castrum</span> <span class='ocrx_word' id='word_1_169' title='bbox 2075 2765 2328 2858; x_wconf 88' lang='lat' dir='ltr'>Sciphe</span> <span class='ocrx_word' id='word_1_170' title='bbox 2371 2786 2532 2836; x_wconf 91' lang='lat' dir='ltr'>cum</span> <span class='ocrx_word' id='word_1_171' title='bbox 2582 2762 3004 2857; x_wconf 87' lang='lat' dir='ltr'>pertinentiis</span> <span class='ocrx_word' id='word_1_172' title='bbox 3056 2763 3202 2834; x_wconf 85' lang='lat' dir='ltr'>suis</span> <span class='ocrx_word' id='word_1_173' title='bbox 3242 2773 3313 2835; x_wconf 93' lang='lat' dir='ltr'>et</span> <span class='ocrx_word' id='word_1_174' title='bbox 3363 2764 3702 2839; x_wconf 90' lang='lat' dir='ltr'>reditibus</span> 
     </span>
     <span class='ocr_line' id='line_1_19' title="bbox 888 2885 3698 2984; baseline 0.001 -25"><span class='ocrx_word' id='word_1_175' title='bbox 888 2896 1162 2959; x_wconf 91' lang='lat' dir='ltr'>centnm</span> <span class='ocrx_word' id='word_1_176' title='bbox 1204 2887 1612 2960; x_wconf 87' lang='lat' dir='ltr'>talentorum</span> <span class='ocrx_word' id='word_1_177' title='bbox 1649 2895 1719 2961; x_wconf 93' lang='lat' dir='ltr'>et</span> <span class='ocrx_word' id='word_1_178' title='bbox 1753 2887 2152 2963; x_wconf 88' lang='lat' dir='ltr'>hominibus</span> <span class='ocrx_word' id='word_1_179' title='bbox 2179 2888 2338 2982; x_wconf 83' lang='lat' dir='ltr'>jure</span> <span class='ocrx_word' id='word_1_180' title='bbox 2367 2896 2700 2984; x_wconf 89' lang='lat' dir='ltr'>perpetuo</span> <span class='ocrx_word' id='word_1_181' title='bbox 2734 2894 2870 2958; x_wconf 89' lang='lat' dir='ltr'>tam</span> <span class='ocrx_word' id='word_1_182' title='bbox 2914 2885 3347 2981; x_wconf 88' lang='lat' dir='ltr'>proprietatis</span> <span class='ocrx_word' id='word_1_183' title='bbox 3394 2888 3590 2961; x_wconf 91' lang='lat' dir='ltr'>titulo</span> <span class='ocrx_word' id='word_1_184' title='bbox 3627 2890 3698 2961; x_wconf 93' lang='lat' dir='ltr'>in</span> 
     </span>
     <span class='ocr_line' id='line_1_20' title="bbox 887 3008 3703 3109; baseline 0.002 -27"><span class='ocrx_word' id='word_1_185' title='bbox 887 3011 1020 3084; x_wconf 89' lang='lat' dir='ltr'>biis</span> <span class='ocrx_word' id='word_1_186' title='bbox 1048 3033 1187 3106; x_wconf 90' lang='lat' dir='ltr'>que</span> <span class='ocrx_word' id='word_1_187' title='bbox 1224 3012 1496 3108; x_wconf 89' lang='lat' dir='ltr'>propria</span> <span class='ocrx_word' id='word_1_188' title='bbox 1539 3021 1702 3085; x_wconf 88' lang='lat' dir='ltr'>sunt</span> <span class='ocrx_word' id='word_1_189' title='bbox 1744 3034 1956 3109; x_wconf 91' lang='lat' dir='ltr'>quam</span> <span class='ocrx_word' id='word_1_190' title='bbox 1999 3015 2158 3107; x_wconf 89' lang='lat' dir='ltr'>jure</span> <span class='ocrx_word' id='word_1_191' title='bbox 2201 3012 2452 3086; x_wconf 88' lang='lat' dir='ltr'>feodali</span> <span class='ocrx_word' id='word_1_192' title='bbox 2507 3015 2580 3085; x_wconf 91' lang='lat' dir='ltr'>in</span> <span class='ocrx_word' id='word_1_193' title='bbox 2637 3008 3023 3085; x_wconf 81' lang='lat' dir='ltr'>feodalibus</span> <span class='ocrx_word' id='word_1_194' title='bbox 3065 3011 3488 3105; x_wconf 89' lang='lat' dir='ltr'>retinebunt,</span> <span class='ocrx_word' id='word_1_195' title='bbox 3553 3014 3703 3088; x_wconf 87' lang='lat' dir='ltr'>sine</span> 
     </span>
     <span class='ocr_line' id='line_1_21' title="bbox 888 3132 3703 3232; baseline 0 -25"><span class='ocrx_word' id='word_1_196' title='bbox 888 3134 1429 3224; x_wconf 81' lang='lat' dir='ltr'>contradictione</span> <span class='ocrx_word' id='word_1_197' title='bbox 1475 3138 1587 3208; x_wconf 86' lang='lat' dir='ltr'>vel</span> <span class='ocrx_word' id='word_1_198' title='bbox 1634 3138 1947 3210; x_wconf 87' lang='lat' dir='ltr'>molestia</span> <span class='ocrx_word' id='word_1_199' title='bbox 2016 3137 2309 3228; x_wconf 89' lang='lat' dir='ltr'>alicujus</span> <span class='ocrx_word' id='word_1_200' title='bbox 2358 3135 2594 3232; x_wconf 90' lang='lat' dir='ltr'>quiete</span> <span class='ocrx_word' id='word_1_201' title='bbox 2643 3157 2725 3208; x_wconf 90' lang='lat' dir='ltr'>ac</span> <span class='ocrx_word' id='word_1_202' title='bbox 2784 3132 3073 3229; x_wconf 87' lang='lat' dir='ltr'>pacifice</span> <span class='ocrx_word' id='word_1_203' title='bbox 3125 3135 3568 3229; x_wconf 89' lang='lat' dir='ltr'>possidenda.</span> <span class='ocrx_word' id='word_1_204' title='bbox 3615 3136 3703 3209; x_wconf 86' lang='lat' dir='ltr'>Ut</span> 
     </span>
     <span class='ocr_line' id='line_1_22' title="bbox 879 3258 3701 3354; baseline 0.001 -22"><span class='ocrx_word' id='word_1_205' title='bbox 879 3269 1108 3332; x_wconf 90' lang='lat' dir='ltr'>autem</span> <span class='ocrx_word' id='word_1_206' title='bbox 1173 3259 1483 3354; x_wconf 89' lang='lat' dir='ltr'>predicta</span> <span class='ocrx_word' id='word_1_207' title='bbox 1545 3262 1910 3334; x_wconf 81' lang='lat' dir='ltr'>conventio</span> <span class='ocrx_word' id='word_1_208' title='bbox 1956 3272 2025 3333; x_wconf 86' lang='lat' dir='ltr'>et</span> <span class='ocrx_word' id='word_1_209' title='bbox 2071 3260 2443 3335; x_wconf 87' lang='lat' dir='ltr'>satisfactio</span> <span class='ocrx_word' id='word_1_210' title='bbox 2491 3260 2562 3331; x_wconf 92' lang='lat' dir='ltr'>in</span> <span class='ocrx_word' id='word_1_211' title='bbox 2626 3280 2755 3332; x_wconf 91' lang='lat' dir='ltr'>suo</span> <span class='ocrx_word' id='word_1_212' title='bbox 2816 3258 3061 3331; x_wconf 89' lang='lat' dir='ltr'>robore</span> <span class='ocrx_word' id='word_1_213' title='bbox 3112 3271 3500 3354; x_wconf 89' lang='lat' dir='ltr'>perseveret</span> <span class='ocrx_word' id='word_1_214' title='bbox 3527 3318 3545 3349; x_wconf 82' lang='lat'>,</span> <span class='ocrx_word' id='word_1_215' title='bbox 3607 3262 3701 3335; x_wconf 91' lang='lat' dir='ltr'>ad</span> 
     </span>
     <span class='ocr_line' id='line_1_23' title="bbox 881 3380 3702 3479; baseline 0 -24"><span class='ocrx_word' id='word_1_216' title='bbox 881 3383 1193 3473; x_wconf 89' lang='lat' dir='ltr'>ejusdem</span> <span class='ocrx_word' id='word_1_217' title='bbox 1227 3384 1328 3454; x_wconf 89' lang='lat' dir='ltr'>rei</span> <span class='ocrx_word' id='word_1_218' title='bbox 1367 3383 1768 3455; x_wconf 88' lang='lat' dir='ltr'>memoriam</span> <span class='ocrx_word' id='word_1_219' title='bbox 1808 3394 2196 3479; x_wconf 89' lang='lat' dir='ltr'>presentem</span> <span class='ocrx_word' id='word_1_220' title='bbox 2242 3383 2704 3457; x_wconf 90' lang='lat' dir='ltr'>memorialem</span> <span class='ocrx_word' id='word_1_221' title='bbox 2742 3381 3070 3477; x_wconf 88' lang='lat' dir='ltr'>paginam</span> <span class='ocrx_word' id='word_1_222' title='bbox 3105 3380 3251 3454; x_wconf 90' lang='lat' dir='ltr'>fieri</span> <span class='ocrx_word' id='word_1_223' title='bbox 3296 3385 3584 3458; x_wconf 80' lang='lat' dir='ltr'>fecimus</span> <span class='ocrx_word' id='word_1_224' title='bbox 3632 3395 3702 3458; x_wconf 90' lang='lat' dir='ltr'>et</span> 
     </span>
     <span class='ocr_line' id='line_1_24' title="bbox 879 3504 2198 3597; baseline 0.002 -22"><span class='ocrx_word' id='word_1_225' title='bbox 879 3504 1105 3597; x_wconf 91' lang='lat' dir='ltr'>sigillo</span> <span class='ocrx_word' id='word_1_226' title='bbox 1137 3514 1368 3578; x_wconf 90' lang='lat' dir='ltr'>nostro</span> <span class='ocrx_word' id='word_1_227' title='bbox 1386 3507 1720 3596; x_wconf 87' lang='lat' dir='ltr'>jussimus</span> <span class='ocrx_word' id='word_1_228' title='bbox 1763 3507 2198 3579; x_wconf 89' lang='lat' dir='ltr'>communiri.</span> 
     </span>
    </p>

    <p class='ocr_par' dir='ltr' id='par_1_3' title="bbox 874 3630 3698 4833">
     <span class='ocr_line' id='line_1_25' title="bbox 975 3630 3698 3728; baseline 0.002 -29"><span class='ocrx_word' id='word_1_229' title='bbox 975 3630 1208 3699; x_wconf 85' lang='lat' dir='ltr'>Testes</span> <span class='ocrx_word' id='word_1_230' title='bbox 1256 3638 1487 3701; x_wconf 87' lang='lat' dir='ltr'>autem</span> <span class='ocrx_word' id='word_1_231' title='bbox 1526 3630 1650 3723; x_wconf 90' lang='lat' dir='ltr'>qui</span> <span class='ocrx_word' id='word_1_232' title='bbox 1691 3630 2147 3702; x_wconf 87' lang='lat' dir='ltr'>interfuerunt</span> <span class='ocrx_word' id='word_1_233' title='bbox 2191 3639 2355 3701; x_wconf 89' lang='lat' dir='ltr'>sunt</span> <span class='ocrx_word' id='word_1_234' title='bbox 2409 3656 2428 3699; x_wconf 73' lang='grc' dir='ltr'><strong><em>ε</em></strong></span> <span class='ocrx_word' id='word_1_235' title='bbox 2486 3631 2871 3703; x_wconf 86' lang='lat' dir='ltr'>Ekebertus</span> <span class='ocrx_word' id='word_1_236' title='bbox 2909 3631 3498 3725; x_wconf 85' lang='lat' dir='ltr'>Babenbergensis</span> <span class='ocrx_word' id='word_1_237' title='bbox 3536 3631 3698 3728; x_wconf 89' lang='lat' dir='ltr'>epi—</span> 
     </span>
     <span class='ocr_line' id='line_1_26' title="bbox 881 3752 3690 3850; baseline 0.001 -27"><span class='ocrx_word' id='word_1_238' title='bbox 881 3773 1135 3846; x_wconf 89' lang='lat' dir='ltr'>scopus</span> <span class='ocrx_word' id='word_1_239' title='bbox 1156 3804 1176 3837; x_wconf 93' lang='lat'>,</span> <span class='ocrx_word' id='word_1_240' title='bbox 1232 3752 1527 3825; x_wconf 88' lang='lat' dir='ltr'>Sifridus</span> <span class='ocrx_word' id='word_1_241' title='bbox 1584 3753 2097 3850; x_wconf 88' lang='lat' dir='ltr'>Ratisponensis</span> <span class='ocrx_word' id='word_1_242' title='bbox 2151 3753 2515 3849; x_wconf 87' lang='lat' dir='ltr'>episcopus</span> <span class='ocrx_word' id='word_1_243' title='bbox 2562 3753 2938 3848; x_wconf 88' lang='lat' dir='ltr'>imperialis</span> <span class='ocrx_word' id='word_1_244' title='bbox 2993 3756 3151 3827; x_wconf 86' lang='lat' dir='ltr'>aule</span> <span class='ocrx_word' id='word_1_245' title='bbox 3212 3755 3690 3844; x_wconf 86' lang='lat' dir='ltr'>cancellarius,</span> 
     </span>
     <span class='ocr_line' id='line_1_27' title="bbox 880 3875 3697 3970; baseline 0.002 -23"><span class='ocrx_word' id='word_1_246' title='bbox 880 3875 1241 3947; x_wconf 89' lang='lat' dir='ltr'>Heinricus</span> <span class='ocrx_word' id='word_1_247' title='bbox 1305 3876 1730 3969; x_wconf 79' lang='lat' dir='ltr'>lantgravius</span> <span class='ocrx_word' id='word_1_248' title='bbox 1784 3876 2193 3970; x_wconf 88' lang='lat' dir='ltr'>Thuringie,</span> <span class='ocrx_word' id='word_1_249' title='bbox 2248 3879 2328 3948; x_wconf 89' lang='lat' dir='ltr'>B.</span> <span class='ocrx_word' id='word_1_250' title='bbox 2403 3876 2557 3949; x_wconf 86' lang='lat' dir='ltr'>dux</span> <span class='ocrx_word' id='word_1_251' title='bbox 2619 3875 3004 3969; x_wconf 84' lang='lat' dir='ltr'>Karintbie,</span> <span class='ocrx_word' id='word_1_252' title='bbox 3064 3930 3083 3948; x_wconf 90' lang='lat'><strong>.</strong></span> <span class='ocrx_word' id='word_1_253' title='bbox 3118 3931 3137 3949; x_wconf 89' lang='lat'><strong>.</strong></span> <span class='ocrx_word' id='word_1_254' title='bbox 3175 3931 3193 3948; x_wconf 92' lang='lat'><strong>.</strong></span> <span class='ocrx_word' id='word_1_255' title='bbox 3250 3877 3556 3951; x_wconf 89' lang='lat' dir='ltr'>marchio</span> <span class='ocrx_word' id='word_1_256' title='bbox 3607 3879 3697 3953; x_wconf 92' lang='lat' dir='ltr'>de</span> 
     </span>
     <span class='ocr_line' id='line_1_28' title="bbox 881 3996 3689 4095; baseline 0.002 -26"><span class='ocrx_word' id='word_1_257' title='bbox 881 3996 1148 4087; x_wconf 88' lang='lat' dir='ltr'>Baden,</span> <span class='ocrx_word' id='word_1_258' title='bbox 1200 3999 1404 4092; x_wconf 78' lang='lat' dir='ltr'>frater</span> <span class='ocrx_word' id='word_1_259' title='bbox 1439 4000 1874 4072; x_wconf 91' lang='lat' dir='ltr'>Hermannus</span> <span class='ocrx_word' id='word_1_260' title='bbox 1913 4001 2239 4095; x_wconf 89' lang='lat' dir='ltr'>magister</span> <span class='ocrx_word' id='word_1_261' title='bbox 2275 4000 2526 4073; x_wconf 91' lang='lat' dir='ltr'>domus</span> <span class='ocrx_word' id='word_1_262' title='bbox 2564 3997 3142 4074; x_wconf 88' lang='lat' dir='ltr'>Theutonicorum</span> <span class='ocrx_word' id='word_1_263' title='bbox 3181 4001 3253 4073; x_wconf 92' lang='lat' dir='ltr'>in</span> <span class='ocrx_word' id='word_1_264' title='bbox 3286 4002 3689 4092; x_wconf 86' lang='lat' dir='ltr'>Jerusalem,</span> 
     </span>
     <span class='ocr_line' id='line_1_29' title="bbox 883 4119 3694 4217; baseline 0.002 -23"><span class='ocrx_word' id='word_1_265' title='bbox 883 4119 1235 4195; x_wconf 91' lang='lat' dir='ltr'>Conradus</span> <span class='ocrx_word' id='word_1_266' title='bbox 1284 4122 1744 4216; x_wconf 87' lang='lat' dir='ltr'>burggravius</span> <span class='ocrx_word' id='word_1_267' title='bbox 1797 4123 1886 4197; x_wconf 94' lang='lat' dir='ltr'>de</span> <span class='ocrx_word' id='word_1_268' title='bbox 1938 4123 2442 4213; x_wconf 88' lang='lat' dir='ltr'>Nurembercb‚</span> <span class='ocrx_word' id='word_1_269' title='bbox 2502 4121 2828 4195; x_wconf 88' lang='lat' dir='ltr'>Albertus</span> <span class='ocrx_word' id='word_1_270' title='bbox 2879 4122 2970 4196; x_wconf 90' lang='lat' dir='ltr'>de</span> <span class='ocrx_word' id='word_1_271' title='bbox 3021 4124 3420 4217; x_wconf 86' lang='lat' dir='ltr'>Rotenvels‚</span> <span class='ocrx_word' id='word_1_272' title='bbox 3490 4127 3694 4199; x_wconf 90' lang='lat' dir='ltr'>Wol-</span> 
     </span>
     <span class='ocr_line' id='line_1_30' title="bbox 879 4242 3695 4341; baseline 0.002 -26"><span class='ocrx_word' id='word_1_273' title='bbox 879 4244 1116 4317; x_wconf 88' lang='lat' dir='ltr'>fradus</span> <span class='ocrx_word' id='word_1_274' title='bbox 1169 4245 1259 4318; x_wconf 92' lang='lat' dir='ltr'>de</span> <span class='ocrx_word' id='word_1_275' title='bbox 1316 4244 1702 4336; x_wconf 88' lang='lat' dir='ltr'>Crutheim,</span> <span class='ocrx_word' id='word_1_276' title='bbox 1758 4246 2236 4341; x_wconf 86' lang='lat' dir='ltr'>Engelhardus</span> <span class='ocrx_word' id='word_1_277' title='bbox 2291 4245 2381 4319; x_wconf 91' lang='lat' dir='ltr'>de</span> <span class='ocrx_word' id='word_1_278' title='bbox 2441 4246 2768 4336; x_wconf 89' lang='lat' dir='ltr'>Osterna,</span> <span class='ocrx_word' id='word_1_279' title='bbox 2817 4242 3174 4317; x_wconf 87' lang='lat' dir='ltr'>Conradus</span> <span class='ocrx_word' id='word_1_280' title='bbox 3227 4246 3558 4340; x_wconf 87' lang='lat' dir='ltr'>pincerna</span> <span class='ocrx_word' id='word_1_281' title='bbox 3605 4248 3695 4321; x_wconf 89' lang='lat' dir='ltr'>de</span> 
     </span>
     <span class='ocr_line' id='line_1_31' title="bbox 878 4365 3690 4464; baseline 0.002 -28"><span class='ocrx_word' id='word_1_282' title='bbox 878 4366 1419 4459; x_wconf 88' lang='lat' dir='ltr'>Winterstetten‚</span> <span class='ocrx_word' id='word_1_283' title='bbox 1448 4367 1801 4441; x_wconf 88' lang='lat' dir='ltr'>Conradus</span> <span class='ocrx_word' id='word_1_284' title='bbox 1835 4370 2164 4464; x_wconf 91' lang='lat' dir='ltr'>pincerna</span> <span class='ocrx_word' id='word_1_285' title='bbox 2198 4368 2287 4441; x_wconf 93' lang='lat' dir='ltr'>de</span> <span class='ocrx_word' id='word_1_286' title='bbox 2313 4367 2836 4462; x_wconf 88' lang='lat' dir='ltr'>Clingenborch,</span> <span class='ocrx_word' id='word_1_287' title='bbox 2874 4365 3261 4438; x_wconf 90' lang='lat' dir='ltr'>Fridericus</span> <span class='ocrx_word' id='word_1_288' title='bbox 3295 4368 3389 4441; x_wconf 87' lang='lat' dir='ltr'>de</span> <span class='ocrx_word' id='word_1_289' title='bbox 3411 4370 3690 4445; x_wconf 86' lang='lat' dir='ltr'>Kezzel·</span> 
     </span>
     <span class='ocr_line' id='line_1_32' title="bbox 876 4487 3690 4581; baseline 0.002 -20"><span class='ocrx_word' id='word_1_290' title='bbox 876 4487 1074 4579; x_wconf 88' lang='lat' dir='ltr'>berc,</span> <span class='ocrx_word' id='word_1_291' title='bbox 1117 4489 1475 4562; x_wconf 91' lang='lat' dir='ltr'>Conradus</span> <span class='ocrx_word' id='word_1_292' title='bbox 1511 4490 1600 4563; x_wconf 93' lang='lat' dir='ltr'>de</span> <span class='ocrx_word' id='word_1_293' title='bbox 1635 4491 2039 4566; x_wconf 86' lang='lat' dir='ltr'>Smidelvelt</span> <span class='ocrx_word' id='word_1_294' title='bbox 2061 4546 2081 4581; x_wconf 89' lang='lat'><strong>,</strong></span> <span class='ocrx_word' id='word_1_295' title='bbox 2128 4491 2542 4564; x_wconf 87' lang='lat' dir='ltr'>Godefridus</span> <span class='ocrx_word' id='word_1_296' title='bbox 2577 4489 2665 4564; x_wconf 88' lang='lat' dir='ltr'>de</span> <span class='ocrx_word' id='word_1_297' title='bbox 2700 4488 3098 4579; x_wconf 87' lang='lat' dir='ltr'>Solzberch,</span> <span class='ocrx_word' id='word_1_298' title='bbox 3139 4490 3567 4566; x_wconf 90' lang='lat' dir='ltr'>Hermannus</span> <span class='ocrx_word' id='word_1_299' title='bbox 3599 4495 3690 4568; x_wconf 91' lang='lat' dir='ltr'>de</span> 
     </span>
     <span class='ocr_line' id='line_1_33' title="bbox 874 4610 3679 4712; baseline 0.004 -31"><span class='ocrx_word' id='word_1_300' title='bbox 874 4610 1159 4706; x_wconf 88' lang='lat' dir='ltr'>Lapide‚</span> <span class='ocrx_word' id='word_1_301' title='bbox 1195 4613 1555 4687; x_wconf 82' lang='lat' dir='ltr'>Otnandus</span> <span class='ocrx_word' id='word_1_302' title='bbox 1590 4613 1679 4686; x_wconf 89' lang='lat' dir='ltr'>de</span> <span class='ocrx_word' id='word_1_303' title='bbox 1718 4615 2134 4700; x_wconf 85' lang='lat' dir='ltr'>Eshenowe,</span> <span class='ocrx_word' id='word_1_304' title='bbox 2180 4617 2381 4708; x_wconf 89' lang='lat' dir='ltr'>Hugo</span> <span class='ocrx_word' id='word_1_305' title='bbox 2416 4613 2508 4686; x_wconf 90' lang='lat' dir='ltr'>de</span> <span class='ocrx_word' id='word_1_306' title='bbox 2536 4614 2763 4704; x_wconf 86' lang='lat' dir='ltr'>Sulze,</span> <span class='ocrx_word' id='word_1_307' title='bbox 2797 4612 3258 4706; x_wconf 85' lang='lat' dir='ltr'>Marquardus</span> <span class='ocrx_word' id='word_1_308' title='bbox 3295 4613 3387 4687; x_wconf 90' lang='lat' dir='ltr'>de</span> <span class='ocrx_word' id='word_1_309' title='bbox 3416 4618 3679 4712; x_wconf 86' lang='lat' dir='ltr'>Sueite‚</span> 
     </span>
     <span class='ocr_line' id='line_1_34' title="bbox 874 4733 2798 4833; baseline 0.002 -27"><span class='ocrx_word' id='word_1_310' title='bbox 874 4733 1284 4808; x_wconf 88' lang='lat' dir='ltr'>Godefridus</span> <span class='ocrx_word' id='word_1_311' title='bbox 1330 4737 1524 4810; x_wconf 86' lang='lat' dir='ltr'>miles</span> <span class='ocrx_word' id='word_1_312' title='bbox 1564 4737 1655 4810; x_wconf 87' lang='lat' dir='ltr'>de</span> <span class='ocrx_word' id='word_1_313' title='bbox 1693 4740 2040 4830; x_wconf 88' lang='lat' dir='ltr'>Hohen10‚</span> <span class='ocrx_word' id='word_1_314' title='bbox 2079 4749 2151 4812; x_wconf 89' lang='lat' dir='ltr'>et</span> <span class='ocrx_word' id='word_1_315' title='bbox 2183 4740 2297 4810; x_wconf 89' lang='lat' dir='ltr'>alii</span> <span class='ocrx_word' id='word_1_316' title='bbox 2328 4738 2798 4833; x_wconf 88' lang='lat' dir='ltr'>quamplures.</span> 
     </span>
    </p>
   </div>
  </div>
 </body>
</html>
