<?xml version="1.0" encoding="UTF-8"?>
<!DOCTYPE html PUBLIC "-//W3C//DTD XHTML 1.0 Transitional//EN"
    "http://www.w3.org/TR/xhtml1/DTD/xhtml1-transitional.dtd">
<html xmlns="http://www.w3.org/1999/xhtml" xml:lang="en" lang="en">
 <head>
  <title>
</title>
<meta http-equiv="Content-Type" content="text/html;charset=utf-8" />
  <meta name='ocr-system' content='tesseract 3.04.00' />
  <meta name='ocr-capabilities' content='ocr_page ocr_carea ocr_par ocr_line ocrx_word'/>
</head>
<body>
  <div class='ocr_page' id='page_1' title='image "./historiadiploma01degoog_0106.png"; bbox 0 0 4842 5802; ppageno 0'>
   <div class='ocr_carea' id='block_1_1' title="bbox 1138 710 3950 949">
    <p class='ocr_par' dir='ltr' id='par_1_1' title="bbox 1138 710 3950 949">
     <span class='ocr_line' id='line_1_1' title="bbox 1138 710 3950 804; baseline 0.009 -42"><span class='ocrx_word' id='word_1_1' title='bbox 1138 716 1259 780; x_wconf 74' lang='lat'>630</span> <span class='ocrx_word' id='word_1_2' title='bbox 2168 710 2514 771; x_wconf 78' lang='lat' dir='ltr'>HENRICI</span> <span class='ocrx_word' id='word_1_3' title='bbox 2564 712 2899 775; x_wconf 78' lang='lat' dir='ltr'>SEPTIMI</span> <span class='ocrx_word' id='word_1_4' title='bbox 3580 721 3738 804; x_wconf 70' lang='lat' dir='ltr'>[Anu.</span> <span class='ocrx_word' id='word_1_5' title='bbox 3776 725 3950 788; x_wconf 75' lang='lat'>1234.</span> 
     </span>
     <span class='ocr_line' id='line_1_2' title="bbox 1230 844 3896 949; baseline 0.004 -27"><span class='ocrx_word' id='word_1_6' title='bbox 1230 854 1477 923; x_wconf 86' lang='lat' dir='ltr'>Datum</span> <span class='ocrx_word' id='word_1_7' title='bbox 1501 847 1986 938; x_wconf 81' lang='lat' dir='ltr'>Frankensurt‚</span> <span class='ocrx_word' id='word_1_8' title='bbox 2032 868 2215 919; x_wconf 85' lang='lat' dir='ltr'>anno</span> <span class='ocrx_word' id='word_1_9' title='bbox 2245 844 2520 919; x_wconf 88' lang='lat' dir='ltr'>Domini</span> <span class='ocrx_word' id='word_1_10' title='bbox 2545 848 2996 923; x_wconf 85' lang='lat' dir='ltr'>MCCXXXIII</span> <span class='ocrx_word' id='word_1_11' title='bbox 3028 850 3168 949; x_wconf 76' lang='lat' dir='ltr'>(t),</span> <span class='ocrx_word' id='word_1_12' title='bbox 3208 853 3522 928; x_wconf 78' lang='lat' dir='ltr'><strong>kalendis</strong></span> <span class='ocrx_word' id='word_1_13' title='bbox 3543 857 3896 934; x_wconf 82' lang='lat' dir='ltr'>februarii.</span> 
     </span>
    </p>
   </div>
   <div class='ocr_carea' id='block_1_2' title="bbox 1592 1156 3505 1170">
    <p class='ocr_par' dir='ltr' id='par_1_2' title="bbox 1592 1156 3505 1170">
     <span class='ocr_line' id='line_1_3' title="bbox 1592 1156 3505 1170; baseline 0.002 -4"><span class='ocrx_word' id='word_1_14' title='bbox 1592 1158 3317 1169; x_wconf 53' lang='lat' dir='ltr'>—m—mmmw</span> <span class='ocrx_word' id='word_1_15' title='bbox 3323 1156 3505 1170; x_wconf 47' lang='grc' dir='ltr'>ῳ--α</span> 
     </span>
    </p>
   </div>
   <div class='ocr_carea' id='block_1_3' title="bbox 755 1449 927 1493">
    <p class='ocr_par' dir='ltr' id='par_1_3' title="bbox 755 1449 927 1493">
     <span class='ocr_line' id='line_1_4' title="bbox 755 1449 927 1493; baseline 0 0"><span class='ocrx_word' id='word_1_16' title='bbox 755 1449 927 1493; x_wconf 75' lang='lat' dir='ltr'>Franke</span> 
     </span>
    </p>
   </div>
   <div class='ocr_carea' id='block_1_4' title="bbox 753 1421 3954 1550">
    <p class='ocr_par' dir='ltr' id='par_1_4' title="bbox 753 1421 3954 1550">
     <span class='ocr_line' id='line_1_5' title="bbox 753 1421 3954 1550; baseline -0.002 -35"><span class='ocrx_word' id='word_1_17' title='bbox 753 1506 830 1548; x_wconf 54' lang='grc' dir='ltr'>Η</span> <span class='ocrx_word' id='word_1_18' title='bbox 848 1450 1075 1550; x_wconf 46' lang='lat' dir='ltr'>rebam-1¹5:</span> <span class='ocrx_word' id='word_1_19' title='bbox 1250 1426 1494 1508; x_wconf 83' lang='lat' dir='ltr'>Anno&#39;</span> <span class='ocrx_word' id='word_1_20' title='bbox 1526 1424 1831 1507; x_wconf 89' lang='lat' dir='ltr'>Domini</span> <span class='ocrx_word' id='word_1_21' title='bbox 1890 1421 2456 1532; x_wconf 83' lang='lat' dir='ltr'>MCCXXXIIII‚</span> <span class='ocrx_word' id='word_1_22' title='bbox 2502 1450 2638 1508; x_wconf 87' lang='lat' dir='ltr'>rex</span> <span class='ocrx_word' id='word_1_23' title='bbox 2690 1424 3085 1507; x_wconf 89' lang='lat' dir='ltr'>Heinricus</span> <span class='ocrx_word' id='word_1_24' title='bbox 3140 1425 3433 1507; x_wconf 90' lang='lat' dir='ltr'>curiam</span> <span class='ocrx_word' id='word_1_25' title='bbox 3487 1426 3954 1536; x_wconf 85' lang='lat' dir='ltr'>solempnem</span> 
     </span>
    </p>
   </div>
   <div class='ocr_carea' id='block_1_5' title="bbox 1134 1555 3961 4312">
    <p class='ocr_par' dir='ltr' id='par_1_5' title="bbox 1134 1555 3961 4312">
     <span class='ocr_line' id='line_1_6' title="bbox 1137 1555 3956 1667; baseline -0.001 -23"><span class='ocrx_word' id='word_1_26' title='bbox 1137 1559 1706 1644; x_wconf 78' lang='lat' dir='ltr'>Frankenevurt</span> <span class='ocrx_word' id='word_1_27' title='bbox 1755 1558 1835 1638; x_wconf 93' lang='lat' dir='ltr'>in</span> <span class='ocrx_word' id='word_1_28' title='bbox 1891 1556 2418 1639; x_wconf 89' lang='lat' dir='ltr'>Purificatione</span> <span class='ocrx_word' id='word_1_29' title='bbox 2456 1556 2550 1667; x_wconf 77' lang='lat'>(2</span> <span class='ocrx_word' id='word_1_30' title='bbox 2593 1555 2832 1666; x_wconf 86' lang='lat' dir='ltr'>febr.)</span> <span class='ocrx_word' id='word_1_31' title='bbox 2875 1556 3320 1665; x_wconf 79' lang='lat' dir='ltr'>celebravit,</span> <span class='ocrx_word' id='word_1_32' title='bbox 3361 1558 3625 1640; x_wconf 90' lang='lat' dir='ltr'>multis</span> <span class='ocrx_word' id='word_1_33' title='bbox 3671 1558 3956 1642; x_wconf 84' lang='lat' dir='ltr'>ibidem</span> 
     </span>
     <span class='ocr_line' id='line_1_7' title="bbox 1138 1688 3955 1801; baseline 0 -29"><span class='ocrx_word' id='word_1_34' title='bbox 1138 1688 1609 1801; x_wconf 91' lang='lat' dir='ltr'>principibus</span> <span class='ocrx_word' id='word_1_35' title='bbox 1664 1699 1739 1771; x_wconf 91' lang='lat' dir='ltr'>et</span> <span class='ocrx_word' id='word_1_36' title='bbox 1788 1688 2158 1798; x_wconf 89' lang='lat' dir='ltr'>episcopis</span> <span class='ocrx_word' id='word_1_37' title='bbox 2209 1688 2689 1798; x_wconf 86' lang='lat' dir='ltr'>congregatis</span> <span class='ocrx_word' id='word_1_38' title='bbox 2747 1713 2839 1770; x_wconf 89' lang='lat' dir='ltr'>ac</span> <span class='ocrx_word' id='word_1_39' title='bbox 2889 1689 3312 1772; x_wconf 91' lang='lat' dir='ltr'>multorum</span> <span class='ocrx_word' id='word_1_40' title='bbox 3365 1689 3725 1772; x_wconf 86' lang='lat' dir='ltr'>ordinum</span> <span class='ocrx_word' id='word_1_41' title='bbox 3778 1689 3955 1772; x_wconf 88' lang='lat' dir='ltr'>fra-</span> 
     </span>
     <span class='ocr_line' id='line_1_8' title="bbox 1142 1821 3958 1931; baseline -0.001 -24"><span class='ocrx_word' id='word_1_42' title='bbox 1142 1824 1388 1907; x_wconf 87' lang='lat' dir='ltr'>tribus</span> <span class='ocrx_word' id='word_1_43' title='bbox 1411 1886 1435 1931; x_wconf 83' lang='lat'>‚</span> <span class='ocrx_word' id='word_1_44' title='bbox 1496 1823 1775 1905; x_wconf 90' lang='lat' dir='ltr'>scilicet</span> <span class='ocrx_word' id='word_1_45' title='bbox 1830 1821 2449 1904; x_wconf 88' lang='lat' dir='ltr'>Cisterciensibus</span> <span class='ocrx_word' id='word_1_46' title='bbox 2474 1884 2498 1929; x_wconf 82' lang='lat'>‚</span> <span class='ocrx_word' id='word_1_47' title='bbox 2554 1821 3206 1904; x_wconf 82' lang='lat' dir='ltr'>Praedicatoribus</span> <span class='ocrx_word' id='word_1_48' title='bbox 3260 1830 3489 1931; x_wconf 87' lang='lat' dir='ltr'>atque</span> <span class='ocrx_word' id='word_1_49' title='bbox 3539 1821 3958 1906; x_wconf 84' lang='lat' dir='ltr'>Minoribus</span> 
     </span>
     <span class='ocr_line' id='line_1_9' title="bbox 1139 1953 3957 2065; baseline -0.001 -26"><span class='ocrx_word' id='word_1_50' title='bbox 1139 1966 1215 2040; x_wconf 89' lang='lat' dir='ltr'>et</span> <span class='ocrx_word' id='word_1_51' title='bbox 1283 1956 1594 2039; x_wconf 87' lang='lat' dir='ltr'>caeteris</span> <span class='ocrx_word' id='word_1_52' title='bbox 1666 1954 2038 2064; x_wconf 84' lang='lat' dir='ltr'>religiosis</span> <span class='ocrx_word' id='word_1_53' title='bbox 2103 1954 2446 2061; x_wconf 89' lang='lat' dir='ltr'>personis</span> <span class='ocrx_word' id='word_1_54' title='bbox 2456 2013 2651 2036; x_wconf 89' lang='grc'><strong>......</strong></span> <span class='ocrx_word' id='word_1_55' title='bbox 2718 1953 2877 2065; x_wconf 80' lang='lat' dir='ltr'>Rex</span> <span class='ocrx_word' id='word_1_56' title='bbox 2945 1953 3027 2037; x_wconf 89' lang='lat' dir='ltr'>in</span> <span class='ocrx_word' id='word_1_57' title='bbox 3090 1962 3463 2037; x_wconf 81' lang='lat' dir='ltr'>conventu</span> <span class='ocrx_word' id='word_1_58' title='bbox 3525 1954 3957 2063; x_wconf 87' lang='lat' dir='ltr'>principum</span> 
     </span>
     <span class='ocr_line' id='line_1_10' title="bbox 1134 2086 3957 2195; baseline -0.001 -25"><span class='ocrx_word' id='word_1_59' title='bbox 1134 2089 1914 2172; x_wconf 90' lang='lat' dir='ltr'>Hildensheimensem</span> <span class='ocrx_word' id='word_1_60' title='bbox 1949 2088 2388 2195; x_wconf 89' lang='lat' dir='ltr'>episcopum</span> <span class='ocrx_word' id='word_1_61' title='bbox 2435 2111 2791 2168; x_wconf 88' lang='lat' dir='ltr'>accusare</span> <span class='ocrx_word' id='word_1_62' title='bbox 2826 2086 3107 2193; x_wconf 81' lang='lat' dir='ltr'>coepit,</span> <span class='ocrx_word' id='word_1_63' title='bbox 3150 2111 3292 2194; x_wconf 92' lang='lat' dir='ltr'>pro</span> <span class='ocrx_word' id='word_1_64' title='bbox 3342 2111 3432 2167; x_wconf 94' lang='lat' dir='ltr'>eo</span> <span class='ocrx_word' id='word_1_65' title='bbox 3475 2086 3688 2194; x_wconf 88' lang='lat' dir='ltr'>quod</span> <span class='ocrx_word' id='word_1_66' title='bbox 3725 2112 3957 2194; x_wconf 91' lang='lat' dir='ltr'>supra</span> 
     </span>
     <span class='ocr_line' id='line_1_11' title="bbox 1139 2217 3950 2329; baseline -0.001 -26"><span class='ocrx_word' id='word_1_67' title='bbox 1139 2222 1553 2305; x_wconf 92' lang='lat' dir='ltr'>haereticos</span> <span class='ocrx_word' id='word_1_68' title='bbox 1595 2220 1968 2329; x_wconf 92' lang='lat' dir='ltr'>populum</span> <span class='ocrx_word' id='word_1_69' title='bbox 2020 2220 2596 2329; x_wconf 87' lang='lat' dir='ltr'>crucesignavit.</span> <span class='ocrx_word' id='word_1_70' title='bbox 2661 2218 2811 2316; x_wconf 83' lang='lat' dir='ltr'>Qui</span> <span class='ocrx_word' id='word_1_71' title='bbox 2866 2245 2947 2300; x_wconf 91' lang='lat' dir='ltr'>se</span> <span class='ocrx_word' id='word_1_72' title='bbox 2998 2217 3492 2326; x_wconf 82' lang='lat' dir='ltr'>probabiliter</span> <span class='ocrx_word' id='word_1_73' title='bbox 3538 2244 3950 2326; x_wconf 81' lang='lat' dir='ltr'>excusans,</span> 
     </span>
     <span class='ocr_line' id='line_1_12' title="bbox 1140 2350 3961 2461; baseline -0.002 -24"><span class='ocrx_word' id='word_1_74' title='bbox 1140 2354 1654 2437; x_wconf 84' lang='lat' dir='ltr'>exhortatione</span> <span class='ocrx_word' id='word_1_75' title='bbox 1697 2352 2149 2461; x_wconf 81' lang='lat' dir='ltr'>competenti</span> <span class='ocrx_word' id='word_1_76' title='bbox 2202 2351 2399 2434; x_wconf 89' lang='lat' dir='ltr'>facta</span> <span class='ocrx_word' id='word_1_77' title='bbox 2452 2378 2593 2460; x_wconf 92' lang='lat' dir='ltr'>pro</span> <span class='ocrx_word' id='word_1_78' title='bbox 2646 2351 2894 2433; x_wconf 90' lang='lat' dir='ltr'>crucis</span> <span class='ocrx_word' id='word_1_79' title='bbox 2949 2350 3252 2461; x_wconf 89' lang='lat' dir='ltr'>negotio</span> <span class='ocrx_word' id='word_1_80' title='bbox 3276 2413 3300 2458; x_wconf 83' lang='lat'>‚</span> <span class='ocrx_word' id='word_1_81' title='bbox 3351 2350 3708 2433; x_wconf 92' lang='lat' dir='ltr'>omnibus</span> <span class='ocrx_word' id='word_1_82' title='bbox 3770 2375 3961 2458; x_wconf 91' lang='lat' dir='ltr'>pos-</span> 
     </span>
     <span class='ocr_line' id='line_1_13' title="bbox 1138 2480 3961 2595; baseline -0.002 -24"><span class='ocrx_word' id='word_1_83' title='bbox 1138 2487 1481 2571; x_wconf 83' lang='lat' dir='ltr'>centibus</span> <span class='ocrx_word' id='word_1_84' title='bbox 1537 2486 2119 2595; x_wconf 88' lang='lat' dir='ltr'>[crucesignari]</span> <span class='ocrx_word' id='word_1_85' title='bbox 2175 2512 2256 2567; x_wconf 91' lang='lat' dir='ltr'>se</span> <span class='ocrx_word' id='word_1_86' title='bbox 2307 2495 2740 2568; x_wconf 83' lang='lat' dir='ltr'>constanter</span> <span class='ocrx_word' id='word_1_87' title='bbox 2801 2483 3283 2590; x_wconf 81' lang='lat' dir='ltr'>exsolvebat,</span> <span class='ocrx_word' id='word_1_88' title='bbox 3345 2510 3436 2565; x_wconf 92' lang='lat' dir='ltr'>ac</span> <span class='ocrx_word' id='word_1_89' title='bbox 3486 2509 3663 2566; x_wconf 90' lang='lat' dir='ltr'>cum</span> <span class='ocrx_word' id='word_1_90' title='bbox 3726 2480 3961 2565; x_wconf 86' lang='lat' dir='ltr'>fratre</span> 
     </span>
     <span class='ocr_line' id='line_1_14' title="bbox 1145 2614 3959 2727; baseline -0.003 -23"><span class='ocrx_word' id='word_1_91' title='bbox 1145 2621 1449 2723; x_wconf 81' lang='lat' dir='ltr'>Ottone,</span> <span class='ocrx_word' id='word_1_92' title='bbox 1503 2618 1792 2700; x_wconf 92' lang='lat' dir='ltr'>ordinis</span> <span class='ocrx_word' id='word_1_93' title='bbox 1850 2617 2496 2725; x_wconf 79' lang='lat' dir='ltr'>praedicatorum,</span> <span class='ocrx_word' id='word_1_94' title='bbox 2535 2627 2829 2726; x_wconf 90' lang='lat' dir='ltr'>partem</span> <span class='ocrx_word' id='word_1_95' title='bbox 2865 2616 3212 2727; x_wconf 82' lang='lat' dir='ltr'>magistri</span> <span class='ocrx_word' id='word_1_96' title='bbox 3252 2616 3588 2697; x_wconf 89' lang='lat' dir='ltr'>Cunradi</span> <span class='ocrx_word' id='word_1_97' title='bbox 3625 2614 3959 2697; x_wconf 89' lang='lat' dir='ltr'>defuncti</span> 
     </span>
     <span class='ocr_line' id='line_1_15' title="bbox 1139 2746 3960 2861; baseline -0.002 -28"><span class='ocrx_word' id='word_1_98' title='bbox 1139 2753 1536 2861; x_wconf 86' lang='lat' dir='ltr'>diligenter</span> <span class='ocrx_word' id='word_1_99' title='bbox 1590 2752 1944 2832; x_wconf 88' lang='lat' dir='ltr'>tuebatur</span> <span class='ocrx_word' id='word_1_100' title='bbox 1954 2809 2112 2830; x_wconf 94' lang='grc'><strong>.....</strong></span> <span class='ocrx_word' id='word_1_101' title='bbox 2172 2750 2462 2832; x_wconf 88' lang='lat' dir='ltr'>Deinde</span> <span class='ocrx_word' id='word_1_102' title='bbox 2527 2747 2715 2830; x_wconf 89' lang='lat' dir='ltr'>feria</span> <span class='ocrx_word' id='word_1_103' title='bbox 2771 2749 3101 2829; x_wconf 92' lang='lat' dir='ltr'>secunda</span> <span class='ocrx_word' id='word_1_104' title='bbox 3154 2746 3249 2857; x_wconf 83' lang='lat'>(6</span> <span class='ocrx_word' id='word_1_105' title='bbox 3313 2746 3551 2854; x_wconf 86' lang='lat' dir='ltr'>febr.)</span> <span class='ocrx_word' id='word_1_106' title='bbox 3600 2772 3732 2828; x_wconf 88' lang='lat' dir='ltr'>rex</span> <span class='ocrx_word' id='word_1_107' title='bbox 3781 2773 3960 2827; x_wconf 93' lang='lat' dir='ltr'>cum</span> 
     </span>
     <span class='ocr_line' id='line_1_16' title="bbox 1137 2878 3954 2992; baseline -0.003 -25"><span class='ocrx_word' id='word_1_108' title='bbox 1137 2884 1495 2968; x_wconf 89' lang='lat' dir='ltr'>omnibus</span> <span class='ocrx_word' id='word_1_109' title='bbox 1531 2882 1997 2992; x_wconf 89' lang='lat' dir='ltr'>principibus</span> <span class='ocrx_word' id='word_1_110' title='bbox 2050 2909 2139 2964; x_wconf 93' lang='lat' dir='ltr'>ac</span> <span class='ocrx_word' id='word_1_111' title='bbox 2173 2880 2528 2990; x_wconf 90' lang='lat' dir='ltr'>praelatis</span> <span class='ocrx_word' id='word_1_112' title='bbox 2581 2881 2715 2989; x_wconf 90' lang='lat' dir='ltr'>qui</span> <span class='ocrx_word' id='word_1_113' title='bbox 2751 2880 3068 2962; x_wconf 88' lang='lat' dir='ltr'>aderant</span> <span class='ocrx_word' id='word_1_114' title='bbox 3101 2878 3477 2961; x_wconf 82' lang='lat' dir='ltr'>civitatem</span> <span class='ocrx_word' id='word_1_115' title='bbox 3512 2878 3909 2987; x_wconf 90' lang='lat' dir='ltr'>egrediens</span> <span class='ocrx_word' id='word_1_116' title='bbox 3930 2937 3954 2982; x_wconf 87' lang='lat'>‚</span> 
     </span>
     <span class='ocr_line' id='line_1_17' title="bbox 1140 3011 3960 3123; baseline -0.002 -24"><span class='ocrx_word' id='word_1_117' title='bbox 1140 3020 1222 3099; x_wconf 92' lang='lat' dir='ltr'>in</span> <span class='ocrx_word' id='word_1_118' title='bbox 1285 3042 1555 3123; x_wconf 91' lang='lat' dir='ltr'>campo</span> <span class='ocrx_word' id='word_1_119' title='bbox 1611 3015 1988 3122; x_wconf 85' lang='lat' dir='ltr'>praesedit</span> <span class='ocrx_word' id='word_1_120' title='bbox 2023 3013 2350 3123; x_wconf 77' lang='lat' dir='ltr'>judicio,</span> <span class='ocrx_word' id='word_1_121' title='bbox 2399 3014 2659 3122; x_wconf 89' lang='lat' dir='ltr'>ibique</span> <span class='ocrx_word' id='word_1_122' title='bbox 2703 3038 2957 3096; x_wconf 89' lang='lat' dir='ltr'>comes</span> <span class='ocrx_word' id='word_1_123' title='bbox 3010 3013 3106 3094; x_wconf 91' lang='lat' dir='ltr'>de</span> <span class='ocrx_word' id='word_1_124' title='bbox 3161 3011 3382 3092; x_wconf 89' lang='lat' dir='ltr'>Seine</span> <span class='ocrx_word' id='word_1_125' title='bbox 3436 3036 3516 3091; x_wconf 87' lang='lat' dir='ltr'>se</span> <span class='ocrx_word' id='word_1_126' title='bbox 3559 3036 3736 3090; x_wconf 93' lang='lat' dir='ltr'>cum</span> <span class='ocrx_word' id='word_1_127' title='bbox 3789 3020 3960 3094; x_wconf 87' lang='lat' dir='ltr'>octo</span> 
     </span>
     <span class='ocr_line' id='line_1_18' title="bbox 1140 3142 3956 3258; baseline -0.002 -26"><span class='ocrx_word' id='word_1_128' title='bbox 1140 3148 1507 3258; x_wconf 90' lang='lat' dir='ltr'>episcopis</span> <span class='ocrx_word' id='word_1_129' title='bbox 1562 3156 1636 3228; x_wconf 90' lang='lat' dir='ltr'>et</span> <span class='ocrx_word' id='word_1_130' title='bbox 1689 3145 2092 3228; x_wconf 85' lang='lat' dir='ltr'>duodecim</span> <span class='ocrx_word' id='word_1_131' title='bbox 2129 3146 2354 3255; x_wconf 89' lang='lat' dir='ltr'>grisei</span> <span class='ocrx_word' id='word_1_132' title='bbox 2399 3146 2688 3227; x_wconf 85' lang='lat' dir='ltr'>ordinis</span> <span class='ocrx_word' id='word_1_133' title='bbox 2725 3145 3131 3228; x_wconf 85' lang='lat' dir='ltr'>abbatibus</span> <span class='ocrx_word' id='word_1_134' title='bbox 3187 3169 3276 3226; x_wconf 87' lang='lat' dir='ltr'>ac</span> <span class='ocrx_word' id='word_1_135' title='bbox 3328 3142 3643 3226; x_wconf 88' lang='lat' dir='ltr'>totidem</span> <span class='ocrx_word' id='word_1_136' title='bbox 3695 3143 3956 3226; x_wconf 90' lang='lat' dir='ltr'>Mino-</span> 
     </span>
     <span class='ocr_line' id='line_1_19' title="bbox 1140 3271 3959 3383; baseline -0.002 -22"><span class='ocrx_word' id='word_1_137' title='bbox 1140 3281 1355 3361; x_wconf 84' lang='lat' dir='ltr'>ribus</span> <span class='ocrx_word' id='word_1_138' title='bbox 1393 3278 1755 3360; x_wconf 89' lang='lat' dir='ltr'>fratribus</span> <span class='ocrx_word' id='word_1_139' title='bbox 1789 3287 1863 3361; x_wconf 91' lang='lat' dir='ltr'>et</span> <span class='ocrx_word' id='word_1_140' title='bbox 1906 3276 2151 3359; x_wconf 88' lang='lat' dir='ltr'>tribus</span> <span class='ocrx_word' id='word_1_141' title='bbox 2195 3277 2846 3360; x_wconf 90' lang='lat' dir='ltr'>Praedicatoribus</span> <span class='ocrx_word' id='word_1_142' title='bbox 2882 3301 2973 3358; x_wconf 92' lang='lat' dir='ltr'>ac</span> <span class='ocrx_word' id='word_1_143' title='bbox 3006 3276 3248 3358; x_wconf 52' lang='lat' dir='ltr'>etiam.</span> <span class='ocrx_word' id='word_1_144' title='bbox 3271 3273 3684 3383; x_wconf 88' lang='lat' dir='ltr'>Nigrorum</span> <span class='ocrx_word' id='word_1_145' title='bbox 3720 3271 3959 3354; x_wconf 89' lang='lat' dir='ltr'>abba-</span> 
     </span>
     <span class='ocr_line' id='line_1_20' title="bbox 1141 3404 3961 3517; baseline -0.002 -22"><span class='ocrx_word' id='word_1_146' title='bbox 1141 3412 1377 3517; x_wconf 80' lang='lat' dir='ltr'>tibus,</span> <span class='ocrx_word' id='word_1_147' title='bbox 1419 3420 1493 3494; x_wconf 88' lang='lat' dir='ltr'>et</span> <span class='ocrx_word' id='word_1_148' title='bbox 1534 3410 1823 3492; x_wconf 90' lang='lat' dir='ltr'>clericis</span> <span class='ocrx_word' id='word_1_149' title='bbox 1861 3436 1993 3492; x_wconf 88' lang='lat' dir='ltr'>seu</span> <span class='ocrx_word' id='word_1_150' title='bbox 2030 3408 2415 3492; x_wconf 89' lang='lat' dir='ltr'>nobilibus</span> <span class='ocrx_word' id='word_1_151' title='bbox 2469 3408 2683 3490; x_wconf 87' lang='lat' dir='ltr'>laicis</span> <span class='ocrx_word' id='word_1_152' title='bbox 2719 3408 3063 3517; x_wconf 91' lang='lat' dir='ltr'>personis</span> <span class='ocrx_word' id='word_1_153' title='bbox 3115 3434 3271 3490; x_wconf 93' lang='lat' dir='ltr'>non</span> <span class='ocrx_word' id='word_1_154' title='bbox 3326 3406 3619 3514; x_wconf 80' lang='lat' dir='ltr'>pauciS‚</span> <span class='ocrx_word' id='word_1_155' title='bbox 3658 3404 3961 3512; x_wconf 79' lang='lat' dir='ltr'>publice</span> 
     </span>
     <span class='ocr_line' id='line_1_21' title="bbox 1143 3539 3959 3651; baseline -0.003 -23"><span class='ocrx_word' id='word_1_156' title='bbox 1143 3555 1218 3628; x_wconf 91' lang='lat' dir='ltr'>et</span> <span class='ocrx_word' id='word_1_157' title='bbox 1288 3544 1750 3626; x_wconf 89' lang='lat' dir='ltr'>confidenter</span> <span class='ocrx_word' id='word_1_158' title='bbox 1810 3543 2280 3651; x_wconf 78' lang='lat' dir='ltr'>expurgavit.</span> <span class='ocrx_word' id='word_1_159' title='bbox 2341 3542 2704 3650; x_wconf 89' lang='lat' dir='ltr'>Idemque</span> <span class='ocrx_word' id='word_1_160' title='bbox 2757 3566 3009 3622; x_wconf 88' lang='lat' dir='ltr'>comes</span> <span class='ocrx_word' id='word_1_161' title='bbox 3064 3541 3162 3622; x_wconf 91' lang='lat' dir='ltr'>de</span> <span class='ocrx_word' id='word_1_162' title='bbox 3216 3539 3493 3621; x_wconf 90' lang='lat' dir='ltr'>Solmis</span> <span class='ocrx_word' id='word_1_163' title='bbox 3557 3563 3731 3620; x_wconf 91' lang='lat' dir='ltr'>cum</span> <span class='ocrx_word' id='word_1_164' title='bbox 3800 3539 3959 3620; x_wconf 89' lang='lat' dir='ltr'>suis</span> 
     </span>
     <span class='ocr_line' id='line_1_22' title="bbox 1142 3670 3959 3784; baseline -0.002 -27"><span class='ocrx_word' id='word_1_165' title='bbox 1142 3676 1319 3758; x_wconf 85' lang='lat' dir='ltr'>fecit</span> <span class='ocrx_word' id='word_1_166' title='bbox 1339 3740 1362 3784; x_wconf 72' lang='lat'><strong><em>⁷</em></strong></span> <span class='ocrx_word' id='word_1_167' title='bbox 1439 3674 1723 3758; x_wconf 90' lang='lat' dir='ltr'>obortis</span> <span class='ocrx_word' id='word_1_168' title='bbox 1794 3674 2126 3755; x_wconf 90' lang='lat' dir='ltr'>lacrimis</span> <span class='ocrx_word' id='word_1_169' title='bbox 2179 3672 2481 3781; x_wconf 89' lang='lat' dir='ltr'>publice</span> <span class='ocrx_word' id='word_1_170' title='bbox 2534 3672 2840 3754; x_wconf 88' lang='lat' dir='ltr'>fatendo</span> <span class='ocrx_word' id='word_1_171' title='bbox 2904 3699 2985 3753; x_wconf 91' lang='lat' dir='ltr'>se</span> <span class='ocrx_word' id='word_1_172' title='bbox 3047 3681 3347 3754; x_wconf 91' lang='lat' dir='ltr'>tantum</span> <span class='ocrx_word' id='word_1_173' title='bbox 3420 3670 3687 3752; x_wconf 88' lang='lat' dir='ltr'>mortis</span> <span class='ocrx_word' id='word_1_174' title='bbox 3749 3679 3959 3752; x_wconf 89' lang='lat' dir='ltr'>metu</span> 
     </span>
     <span class='ocr_line' id='line_1_23' title="bbox 1138 3789 3957 3916; baseline -0.003 -25"><span class='ocrx_word' id='word_1_175' title='bbox 1138 3810 1511 3891; x_wconf 88' lang='lat' dir='ltr'>haeresim</span> <span class='ocrx_word' id='word_1_176' title='bbox 1548 3808 1782 3890; x_wconf 89' lang='lat' dir='ltr'>fuisse</span> <span class='ocrx_word' id='word_1_177' title='bbox 1827 3789 2283 3916; x_wconf 85' lang='lat' dir='ltr'>professum.</span> <span class='ocrx_word' id='word_1_178' title='bbox 2328 3806 2423 3889; x_wconf 89' lang='lat' dir='ltr'>Et</span> <span class='ocrx_word' id='word_1_179' title='bbox 2487 3807 2850 3916; x_wconf 92' lang='lat' dir='ltr'>quoniam</span> <span class='ocrx_word' id='word_1_180' title='bbox 2904 3805 3223 3915; x_wconf 88' lang='lat' dir='ltr'>legitimi</span> <span class='ocrx_word' id='word_1_181' title='bbox 3279 3814 3752 3887; x_wconf 88' lang='lat' dir='ltr'>accusatores</span> <span class='ocrx_word' id='word_1_182' title='bbox 3801 3827 3957 3885; x_wconf 92' lang='lat' dir='ltr'>non</span> 
     </span>
     <span class='ocr_line' id='line_1_24' title="bbox 1141 3935 3948 4048; baseline -0.004 -23"><span class='ocrx_word' id='word_1_183' title='bbox 1141 3944 1498 4047; x_wconf 79' lang='lat' dir='ltr'>aderant,</span> <span class='ocrx_word' id='word_1_184' title='bbox 1577 3942 1675 4022; x_wconf 88' lang='lat' dir='ltr'>ad</span> <span class='ocrx_word' id='word_1_185' title='bbox 1758 3940 2117 4022; x_wconf 88' lang='lat' dir='ltr'>infamiae</span> <span class='ocrx_word' id='word_1_186' title='bbox 2189 3940 2814 4048; x_wconf 86' lang='lat' dir='ltr'>expurgationem</span> <span class='ocrx_word' id='word_1_187' title='bbox 2887 3938 3182 4019; x_wconf 90' lang='lat' dir='ltr'>admitti</span> <span class='ocrx_word' id='word_1_188' title='bbox 3246 3936 3420 4045; x_wconf 87' lang='lat' dir='ltr'>jure</span> <span class='ocrx_word' id='word_1_189' title='bbox 3505 3935 3948 4016; x_wconf 77' lang='lat' dir='ltr'>debuerant.</span> 
     </span>
     <span class='ocr_line' id='line_1_25' title="bbox 1145 4063 3947 4181; baseline -0.005 -24"><span class='ocrx_word' id='word_1_190' title='bbox 1145 4073 1485 4158; x_wconf 74' lang='lat' dir='ltr'>chronic.</span> <span class='ocrx_word' id='word_1_191' title='bbox 1544 4074 1927 4181; x_wconf 80' lang='lat' dir='ltr'>Erphord.</span> <span class='ocrx_word' id='word_1_192' title='bbox 1971 4099 2096 4180; x_wconf 91' lang='lat' dir='ltr'>ap.</span> <span class='ocrx_word' id='word_1_193' title='bbox 2155 4071 2553 4172; x_wconf 65' lang='lat' dir='ltr'>Boanum,</span> <span class='ocrx_word' id='word_1_194' title='bbox 2606 4078 2909 4176; x_wconf 81' lang='lat' dir='ltr'>Fontes,</span> <span class='ocrx_word' id='word_1_195' title='bbox 2950 4080 3008 4150; x_wconf 92' lang='lat' dir='ltr'>t.</span> <span class='ocrx_word' id='word_1_196' title='bbox 3059 4069 3169 4175; x_wconf 81' lang='lat'>11,</span> <span class='ocrx_word' id='word_1_197' title='bbox 3229 4094 3308 4175; x_wconf 91' lang='lat' dir='ltr'>p.</span> <span class='ocrx_word' id='word_1_198' title='bbox 3373 4067 3765 4147; x_wconf 75' lang='lat'>391-595.</span> <span class='ocrx_word' id='word_1_199' title='bbox 3830 4063 3947 4147; x_wconf 88' lang='lat' dir='ltr'>Cf.</span> 
     </span>
     <span class='ocr_line' id='line_1_26' title="bbox 1142 4203 2658 4312; baseline -0.003 -24"><span class='ocrx_word' id='word_1_200' title='bbox 1142 4215 1328 4289; x_wconf 84' lang='lat' dir='ltr'>Gest.</span> <span class='ocrx_word' id='word_1_201' title='bbox 1382 4205 1666 4287; x_wconf 83' lang='lat' dir='ltr'>Trevir.</span> <span class='ocrx_word' id='word_1_202' title='bbox 1709 4231 1833 4312; x_wconf 91' lang='lat' dir='ltr'>ap.</span> <span class='ocrx_word' id='word_1_203' title='bbox 1876 4204 2305 4310; x_wconf 62' lang='lat' dir='ltr'>Hominem,</span> <span class='ocrx_word' id='word_1_204' title='bbox 2347 4229 2427 4310; x_wconf 92' lang='lat' dir='ltr'>p.</span> <span class='ocrx_word' id='word_1_205' title='bbox 2471 4203 2658 4283; x_wconf 87' lang='grc'><strong>798.</strong></span> 
     </span>
    </p>
   </div>
   <div class='ocr_carea' id='block_1_6' title="bbox 2378 4409 2620 4418">
    <p class='ocr_par' dir='ltr' id='par_1_6' title="bbox 2378 4409 2620 4418">
     <span class='ocr_line' id='line_1_27' title="bbox 2378 4409 2620 4418; baseline 0 1384"><span class='ocrx_word' id='word_1_206' title='bbox 2378 4409 2620 4418; x_wconf 95' lang='lat' dir='ltr'> </span> 
     </span>
    </p>
   </div>
   <div class='ocr_carea' id='block_1_7' title="bbox 1148 4414 1213 4425">
    <p class='ocr_par' dir='ltr' id='par_1_7' title="bbox 1148 4414 1213 4425">
     <span class='ocr_line' id='line_1_28' title="bbox 1148 4414 1213 4425; baseline 0 -1"><span class='ocrx_word' id='word_1_207' title='bbox 1148 4414 1213 4425; x_wconf 72' lang='grc' dir='ltr'>-ι-</span> 
     </span>
    </p>
   </div>
   <div class='ocr_carea' id='block_1_8' title="bbox 1143 4511 3960 4694">
    <p class='ocr_par' dir='ltr' id='par_1_8' title="bbox 1143 4511 3960 4694">
     <span class='ocr_line' id='line_1_29' title="bbox 1216 4511 3960 4598; baseline -0.004 -20"><span class='ocrx_word' id='word_1_208' title='bbox 1216 4525 1288 4598; x_wconf 69' lang='grc'>(1)</span> <span class='ocrx_word' id='word_1_209' title='bbox 1324 4525 1484 4581; x_wconf 84' lang='lat' dir='ltr'>Deest</span> <span class='ocrx_word' id='word_1_210' title='bbox 1510 4519 1812 4578; x_wconf 84' lang='lat' dir='ltr'>indictionis</span> <span class='ocrx_word' id='word_1_211' title='bbox 1829 4525 1975 4576; x_wconf 82' lang='lat' dir='ltr'>nota.</span> <span class='ocrx_word' id='word_1_212' title='bbox 2006 4517 2409 4590; x_wconf 86' lang='lat' dir='ltr'>Intelligendum</span> <span class='ocrx_word' id='word_1_213' title='bbox 2438 4521 2619 4574; x_wconf 87' lang='lat' dir='ltr'>tamen</span> <span class='ocrx_word' id='word_1_214' title='bbox 2651 4531 2791 4574; x_wconf 88' lang='lat' dir='ltr'>anno</span> <span class='ocrx_word' id='word_1_215' title='bbox 2816 4517 2976 4586; x_wconf 69' lang='lat'><strong>⁴234,</strong></span> <span class='ocrx_word' id='word_1_216' title='bbox 3000 4530 3167 4588; x_wconf 86' lang='lat' dir='ltr'>quum</span> <span class='ocrx_word' id='word_1_217' title='bbox 3193 4513 3354 4588; x_wconf 87' lang='lat' dir='ltr'>paulo</span> <span class='ocrx_word' id='word_1_218' title='bbox 3372 4520 3522 4588; x_wconf 88' lang='lat' dir='ltr'>post,</span> <span class='ocrx_word' id='word_1_219' title='bbox 3545 4512 3747 4571; x_wconf 85' lang='lat' dir='ltr'>scilicet</span> <span class='ocrx_word' id='word_1_220' title='bbox 3771 4511 3960 4586; x_wconf 84' lang='lat' dir='ltr'>quinto</span> 
     </span>
     <span class='ocr_line' id='line_1_30' title="bbox 1143 4612 3314 4694; baseline -0.004 -17"><span class='ocrx_word' id='word_1_221' title='bbox 1143 4619 1347 4677; x_wconf 88' lang='lat' dir='ltr'>decimo</span> <span class='ocrx_word' id='word_1_222' title='bbox 1376 4619 1461 4675; x_wconf 90' lang='lat' dir='ltr'>die</span> <span class='ocrx_word' id='word_1_223' title='bbox 1488 4619 1725 4690; x_wconf 87' lang='lat' dir='ltr'>ejusdem</span> <span class='ocrx_word' id='word_1_224' title='bbox 1753 4615 1972 4687; x_wconf 89' lang='lat' dir='ltr'>mensis,</span> <span class='ocrx_word' id='word_1_225' title='bbox 1999 4614 2186 4671; x_wconf 87' lang='lat' dir='ltr'>eadem</span> <span class='ocrx_word' id='word_1_226' title='bbox 2215 4613 2482 4672; x_wconf 88' lang='lat' dir='ltr'>sententia</span> <span class='ocrx_word' id='word_1_227' title='bbox 2503 4613 2657 4689; x_wconf 86' lang='lat' dir='ltr'>quasi</span> <span class='ocrx_word' id='word_1_228' title='bbox 2677 4612 2942 4673; x_wconf 85' lang='lat' dir='ltr'>recentior</span> <span class='ocrx_word' id='word_1_229' title='bbox 2969 4618 3314 4694; x_wconf 85' lang='lat' dir='ltr'>memoretur.</span> 
     </span>
    </p>
   </div>
  </div>
 </body>
</html>
