4842 5802
851 648 1051 709 lnnrcr.
1084 641 1171 726 9.]
1750 640 2142 703 HISTORIA
2170 639 2781 723 DIPLOMATJGA.
3557 643 3678 706 793

951 782 1028 853 ln
1063 776 1345 851 nomine
1378 774 1613 849 sancte
1644 784 1715 849 et
1759 774 2131 849 individue
2154 774 2526 848 Trinitatis;
2569 773 2969 850 Fredericus
2998 774 3384 867 secundus,
3430 776 3670 852 divina

852 902 1132 975 favente
1169 898 1529 972 clementia
1559 898 2021 971 Romanorum
2052 899 2436 993 imperator·
2458 910 2742 993 semper
2776 904 3115 992 'augustus
3129 953 3149 988 ,
3189 899 3566 972 Jerusalem
3600 909 3672 973 et

853 1024 1083 1097 Sicilie
1135 1044 1292 1096 rex.·
1339 1020 1731 1118 Imperialis
1783 1021 2190 1095 excellentie
2245 1019 2548 1115 dignitas
2604 1024 2770 1093 tunc
2824 1025 2991 1095 vere
3017 1019 3334 1094 laudum
3387 1044 3670 1095 suarum

851 1148 1092 1221 titulos
1135 1144 1420 1241 ampliat
1462 1152 1533 1218 et
1578 1143 1877 1218 nominis
1912 1145 2022 1216 sui
2061 1144 2317 1217 famam
2368 1143 2676 1232 extollit,
2719 1166 2875 1217 cnm
2912 1150 2989 1218 se
3031 1142 3344 1217 fidelium
3386 1166 3666 1239 suorum

852 1266 1305 1366 petitionibus
1345 1267 1811 1341 favorabiliter
1842 1266 2128 1340 exhibet
2146 1320 2166 1355 ,
2201 1267 2275 1338 in
2308 1265 2444 1338 hiis
2486 1266 3133 1363 precipueper‘que
3164 1268 3668 1341 venerabilium

854 1393 1162 1464 locorum
1209 1389 1574 1464 commoda
1623 1399 2117 1486 procurantur,
2175 1390 2338 1484 qnia
2392 1389 2585 1483 quod
2631 1391 2753 1461 uni
2814 1391 3162 1463 confertur
3209 1390 3299 1462 ob
3353 1390 3672 1462 meritum

853 1513 1360 1587 transfunditur
1408 1513 1502 1585 ad
1556 1513 1728 1586 alios
1780 1534 1905 1608 per
1951 1507 2378 1608 exemplum.
2436 1511 2811 1606 Eapropter
2862 1521 3102 1584 notum
3167 1512 3459 1585 facimus
3515 1512 3673 1584 uni·
3784 1556 3790 1573 ι

854 1637 1074 1711 versis
1112 1646 1251 1709 tam
1289 1636 1722 1731 presentibus
1769 1657 1984 1730 quam
2008 1634 2276 1707 'futuris
2308 1634 2500 1728 quod
2547 1635 2751 1707 frater
2795 1636 3230 1709 Hermannus
3264 1636 3674 1710 venerabilis

853 1762 1182 1855 magister
1225 1759 1585 1856 hospitalis
1618 1761 1866 1833 Sancte
1918 1758 2136 1831 Marie
2181 1757 2755 1830 'theutonicorum
2807 1758 2878 1829 in
2927 1756 3339 1849 Jerusalem,
3382 1757 3690 1832 dilectus¹

855 1881 1082 1956 fidelis
1128 1892 1384 1975 noster,
1425 1885 1498 1953 in
1552 1891 1786 1955 nostra
1838 1880 2179 1976 presentia
2238 1880 2683 1971 constitutus,
2732 1879 3036 1953 ostendit
3083 1881 3284 1954 nobis
3345 1883 3672 1977 scriptum

856 2005 1211 2101 quoddam
1247 2028 1462 2079 manu
1503 2004 1782 2101 publica
1824 2012 1895 2076 et
1929 2002 2218 2098 ydoneis
2257 2003 2547 2075 testibus
2582 2003 3010 2092 roboratum,
3058 2005 3130 2075 in
3176 2026 3318 2100 quo
3356 2007 3676 2080 contine-

854 2130 1064 2202 batur
1096 2129 1391 2224 qualiter
1425 2125 1843 2200 Bertrandus
1868 2127 2173 2200 Porcelet
2208 2134 2277 2199 et
2310 2126 2595 2198 Isabella
2633 2148 2814 2198 uxor
2846 2149 2974 2200 sua
3011 2126 3101 2200 de
3130 2130 3370 2201 Bezem
3398 2127 3499 2225 (a)
3535 2127 3675 2203 filia

854 2251 1210 2346 quondam
1249 2251 1547 2347 Philippi
1579 2248 1765 2337 Rufi,
1799 2249 1872 2321 in
1914 2249 2257 2344 presentia
2291 2248 2609 2321 Richardi
2644 2250 3007 2344 Filangerii
3043 2253 3434 2344 marscalci,
3475 2255 3674 2346 regni

855 2374 1398 2470 lerosolymitani
1441 2373 1657 2464 bajuli
1698 2381 1769 2445 et
1796 2373 2006 2463 legati
2050 2371 2321 2465 imperii
2358 2372 2431 2442 in
2469 2372 2782 2467 partibus
2816 2374 3039 2468 Syrie,
3073 2372 3298 2447 fidelis
3326 2375 3572 2467 nostri,
3610 2385 3681 2450 et

855 2498 1147 2570 aliorum
1179 2497 1516 2569 nobilium
1571 2495 1766 2589 regni
1806 2495 2023 2568 nostri
2071 2494 2614 2590 lerosolymitani
2636 2549 2657 2587 ,
2709 2493 2799 2568 de
2843 2497 3026 2568 bona
3068 2506 3139 2569 et
3197 2498 3493 2588 gratuita
3542 2521 3681 2570 vo-

857 2620 1119 2693 luntate
1167 2620 1474 2715 ipsorum
1513 2616 1857 2691 dederunt
1888 2618 1958 2688 in
2016 2618 2481 2711 elemosynam
2531 2627 2602 2689 et
2646 2616 3116 2691 vendiderunt
3159 2619 3350 2690 fratri
3388 2618 3681 2694 Ludolfo

854 2753 1023 2816 tunc
1056 2744 1385 2839 temporis
1425 2742 1805 2838 preceptori
1856 2739 2164 2836 predicte
2210 2738 2458 2812 domus
2501 2740 2857 2836 hospitalis
2902 2742 3149 2814 Sancte
3189 2741 3407 2815 Marie
3443 2743 3683 2817 Theu-

855 2869 1235 2941 tonicorum
1270 2865 1849 2961 lerosolymitane,
1884 2863 2241 2959 recipienti
2282 2864 2432 2937 loco
2469 2872 2539 2938 et
2562 2865 2722 2957 jure
2753 2864 2969 2961 ipsius
2998 2862 3244 2938 domus
3270 2876 3339 2939 et
3371 2868 3680 2962 magistri

856 2991 994 3084 sui,
1032 2990 1175 3065 duo
1209 2991 1491 3074 casalia,
1533 2987 1861 3063 videlicet
1883 2987 2210 3060 Arabiam
2242 2996 2312 3060 et
2345 2987 2756 3060 Zeehaniam
2788 2987 2916 3084 (b),
2951 3010 3110 3061 cum
3146 2990 3468 3063 omnihus
3510 3013 3681 3087 per-

853 3115 1161 3189 tinentiis
1202 3123 1271 3189 et
1309 3115 1597 3208 ,iustitiis
1647 3111 2085 3205 eorumdem,
2127 3111 2414 3205 gastinis
2456 3112 2661 3184 etiam
2709 3111 3062 3184 Bethenne
3086 3169 3102 3199 ,
3154 3112 3460 3202 Mezera‚
3515 3116 3679 3188 Mis-

853 3238 1063 3334 kelyn
1091 3260 1251 3312 cum
1279 3239 1553 3311 villanis
1587 3236 2055 3332 predictorum
2084 3234 2413 3307 casalium
2451 3242 2519 3307 et
2551 3235 2972 3325 gastinarum
3003 3233 3303 3330 ipsarum
3342 3246 3409 3307 et
3437 3257 3678 3310 eorum

853 3361 1196 3433 uxoribus
1248 3382 1332 3433 ac
1363 3359 1562 3451 filiis,
1605 3359 1804 3431 terris
1855 3359 2176 3431 laboratis
2211 3366 2279 3430 et
2314 3378 2453 3428 non
2506 3357 2866 3448 laboratis,
2908 3357 3291 3447 montibus,
3339 3360 3671 3451 vallibu8‚

852 3481 1103 3575 planiS,
1138 3483 1574 3574 nemoribus,
1610 3482 1809 3575 aquis
1852 3489 1921 3553 et
1964 3480 2272 3575 pascuis,
2315 3480 2610 3574 receptis
2657 3477 2920 3552 exinde
2963 3479 3054 3551 ab
3099 3479 3345 3552 eodem
3388 3501 3674 3579 precep-

854 3611 1004 3675 tore
1038 3603 1314 3675 nomine
1352 3603 1537 3676 dicte
1588 3602 1838 3677 domus
1873 3590 2229 3698 hospitalis
2275 3601 2495 3673 tribus
2530 3602 2836 3674 millibus
2870 3610 2938 3674 et
2972 3601 3402 3695 sexingentis
3440 3604 3673 3676 bisan-

854 3725 971 3797 tiis
1021 3727 1508 3819 sarracenatis,
1547 3728 1640 3799 ad
1682 3725 2081 3799 habendum
2116 3733 2184 3797 et
2219 3722 2715 3817 possidendum
2745 3722 2989 3797 eadem
3032 3726 3285 3797 casalia
3319 3746 3479 3797 cum
3517 3750 3680 3828 gas:-

851 3847 1018 3919 tinis
1047 3860 1117 3920 et
1147 3849 1471 3923 omnibus
1498 3848 1896 3922 hominibus
1922 3870 2004 3921 ac
2038 3847 2431 3920 tenimentis
2461 3867 2698 3920 eorum
2733 3847 2936 3943 pleno
2973 3849 3131 3940 jure
3163 3845 3450 3920 dominii
3482 3861 3551 3923 et
3585 3854 3679 3927 ad

854 3970 1249 4045 faciendum
1278 3994 1372 4045 ex
1405 3972 1666 4046 eisdem
1722 3971 2066 4046 casalibus
2113 3969 2452 4066 quicquid
2489 3970 2730 4063 velint,
2763 3979 2971 4067 prout
2999 3970 3130 4043 hec
3165 3979 3235 4044 et
3267 3971 3401 4045 alia
3448 3973 3674 4069 ipsum

850 4095 1383 4169 instrumentum
1421 4097 1818 4193 expressius
1844 4095 2260 4169 continebat.
2299 4095 2586 4191 Propter
2616 4094 2809 4190 quod
2842 4094 3064 4168 dictus
3093 4095 3418 4188 magister
3446 4108 3678 4172 nostre

852 4218 1267 4292 celsitudini
1300 4219 1717 4315 supplicavit
1742 4228 1822 4291 ut
1849 4218 2284 4292 donationem
2316 4225 2384 4290 et
2409 4216 2877 4291 venditionem
2914 4218 3136 4314 ipsam
3172 4219 3400 4291 sibiet
3435 4219 3673 4294 domui

850 4361 980 4413 sue
1014 4341 1297 4434 factam,
1340 4352 1546 4437 prout
1590 4343 1909 4439 superius
1950 4343 2363 4433 continetur,
2395 4350 2613 4415 ratam
2658 4342 2916 4445 habere
2954 4352 3022 4416 et
3065 4340 3467 4416 confirmare
3512 4366 3674 4439 per-

849 4471 1061 4557 petuo
1105 4463 1575 4558 dignaremur.
1612 4466 1752 4540 Nos
1783 4466 1995 4561 igitur
2037 4465 2468 4541 attendentes
2512 4474 2707 4561 grata
2748 4468 2899 4558 ejus
2951 4472 3021 4539 et
3069 4474 3347 4560 accepta
3392 4468 3673 4540 servitia

935 4619 1022 4701 (α)
1066 4623 1230 4684 Alias
1255 4622 1326 4683 de
1352 4627 1561 4689 Bezen.

939 4724 1024 4805 (b)
1065 4726 1232 4789 Alias
1257 4727 1608 4791 Zeehaniam
1630 4733 1755 4794 sive
1779 4714 2148 4796 Zethoniam.

1013 4832 1122 4894 IV.
1164 4846 1277 4892 Pu·
1302 4851 1346 4894 a.
3251 4849 3364 4903 100
