4842 5802
780 579 983 637 Inmer-
1017 572 1140 656 10.]
1676 569 2073 632 HISTORIA
2127 569 2719 634 DIPLOMATIGA.
3493 563 3615 626 929

888 1081 1314 1165 Fridericus
1330 1140 1355 1185 ‚
1437 1079 1957 1163 Romanorum
2037 1079 2448 1187 imperator
2462 1138 2487 1183 ‚
2571 1103 2749 1159 cum
2835 1101 3119 1187 magno
3197 1074 3601 1183 praeconio

787 1214 1046 1297 scribit
1079 1213 1637 1297 panormitanis
1683 1212 1827 1295 sibi
1896 1212 1992 1294 de
2028 1238 2224 1295 nova
2260 1222 2609 1295 consorte
2645 1235 2785 1292 sua
2819 1220 3080 1293 natam
3117 1235 3279 1292 esse
3314 1208 3598 1314 filiam3

789 1372 986 1457 quae
1025 1348 1333 1457 quidem
1373 1345 1756 1429 masculae
1793 1345 2077 1428 sobolis
2116 1370 2329 1453 spem
2365 1342 3296 1450 certissimam'promittit.

951 1559 1142 1640 (Edit.
1175 1562 1238 1620 in
1265 1559 1430 1620 Patr.
1464 1556 1533 1618 de
1571 1558 1696 1618 Vin.
1730 1558 1919 1637 epist„
1950 1557 2053 1618 lib.
2080 1557 2193 1630 III,
2224 1574 2277 1617 c.
2312 1566 2411 1633 71,
2442 1562 2503 1617 et
2527 1572 2627 1632 ap.
2657 1557 2942 1629 Invitam,
2969 1551 3193 1615 Amal.
3224 1551 3288 1613 di
3315 1550 3603 1627 Palen-mo,

1028 1672 1076 1728 t.
1105 1666 1218 1737 ΙΙΙ,
1249 1683 1309 1742 p.
1345 1673 1485 1726 589.
1508 1696 1589 1709 -
1612 1666 1844 1725 anc.
1873 1664 2147 1735 Baton,
2180 1660 2249 1722 de
2270 1663 2551 1723 Panorm.
2585 1662 2839 1743 majest„
2868 1661 2970 1721 lib.
2999 1661 3106 1735 IV,
3143 1677 3198 1722 c.
3230 1660 3281 1732 Ι,
3311 1675 3409 1736 ap.
3439 1661 3612 1720 Bun-

1031 1789 1232 1845 mn,
1262 1771 1574 1850 Scriptum,
1602 1777 1653 1832 t.
1676 1770 1854 1842 XIII,
1884 1787 1941 1846 p.
1976 1767 2148 1849 409.)

889 1958 1276 2031 Fridericus
1304 1958 1686 2048 secunduS,
1721 1968 1886 2047 etc.,
1913 1956 2416 2028 Panormitanis
2445 1953 2766 2027 fidelibus
2795 1954 2939 2025 suis
2957 2008 2974 2037 ‚
3004 1963 3135 2025 etc.
3168 1952 3611 2025 Communem

798 2093 866 2154 et
906 2081 1209 2154 debitam
1257 2081 1565 2153 omnium
1617 2082 2032 2175 populorum
2079 2080 2435 2172 regiminis
2478 2079 2692 2150 nostri
2742 2079 3021 2150 letitiam
3062 2077 3614 2172 expectationum

798 2215 1179 2278 vestrarum
1211 2206 1389 2277 votis
1418 2204 1804 2299 specialiter
1836 2204 2302 2293 deducenteS,
2341 2202 2432 2275 ad
2470 2224 2598 2274 vos
2629 2202 3087 2295 imperialium
3127 2204 3401 2294 apicum
3436 2210 3619 2273 certa

803 2328 1261 2423 descriptione
1298 2328 1672 2400 deferimus
1699 2327 1890 2420 quod
1917 2327 2012 2400 ad
2044 2327 2335 2398 aliorum
2366 2325 2675 2397 notitiam
2712 2326 2895 2396 fama
2931 2324 3404 2397 tantummodo
3432 2324 3618 2396 veri·

804 2452 961 2525 tatis
985 2450 1360 2544 aliquando
1390 2451 1619 2522 nescia
1645 2451 2016 2522 nunciante
2044 2449 2368 2522 defertur.
2395 2449 2777 2542 Singularis
2803 2458 3030 2520 tamen
3055 2458 3121 2520 et
3146 2469 3363 2543 purus
3391 2458 3621 2520 nostre

803 2574 1273 2647 familiaritatis
1313 2574 1597 2646 affectus
1631 2595 1837 2666 quem
1877 2575 1968 2648 ad
2001 2595 2126 2645 vos
2163 2575 2358 2645 velut
2395 2572 2487 2645 ad
2533 2581 2835 2643 nostrum
2885 2574 3219 2667 populum
3252 2572 3617 2666 specialem

801 2708 869 2769 et
899 2696 1309 2792 peculiarem
1346 2698 1685 2769 habemus
1704 2751 1725 2785 ,
1759 2719 1898 2769 non
1934 2697 2258 2788 injustam
2292 2697 2534 2769 ceteris
2555 2716 2834 2768 causam
2865 2695 3131 2769 invidie
3158 2696 3248 2769 de
3276 2695 3478 2768 nobis
3507 2697 3620 2768 vel

802 2821 1272 2894 admirationis
1321 2820 1630 2894 adducit.
1666 2821 1805 2892 Vos
1858 2824 2112 2892 etenim
2137 2874 2156 2909 ‚
2199 2819 2573 2892 clarissima
2630 2819 3184 2914 predecessorum
3237 2828 3620 2890 nostrorum

803 2945 1184 3035 hereditaS,
1240 2967 1712 3018 successorum
1762 2944 2150 3016 indubitata
2203 2944 2426 3038 patria
2473 2946 2630 3015 aula
2682 2965 2961 3035 regum,
3015 2965 3140 3016 vos
3187 2943 3623 3016 exaltationis

804 3071 1037 3142 nostre
1068 3068 1270 3141 fidele
1310 3068 1724 3163 principium
1767 3077 1841 3140 et
1874 3067 2372 3140 sublimationis
2410 3088 2780 3162 processus
2824 3066 3185 3161 egregius,
3224 3067 3621 3161 precipuam

806 3193 1093 3283 gratiam
1124 3193 1496 3264 meruistis.
1519 3193 1802 3287 Propter
1824 3191 2014 3285 quod
2049 3192 2227 3263 sicut
2257 3192 2347 3264 de
2375 3212 2587 3262 manu
2613 3191 2883 3263 Domini
2913 3191 3396 3262 continuantur
3423 3190 3624 3288 nobis

806 3316 990 3387 bona
1023 3316 1380 3404 continue,
1423 3316 1525 3386 sic
1556 3335 1880 3408 prospera
1914 3315 2257 3409 prosperis
2284 3316 2678 3386 successive
2713 3315 3129 3404 succedunt,
3169 3315 3403 3407 sicque
3436 3313 3621 3384 desi-

808 3438 996 3510 deria
1052 3446 1281 3509 vestra
1328 3438 1621 3531 provide
1677 3438 1921 3508 merito
1979 3459 2403 3527 recreamus,
2469 3437 2559 3510 de
2617 3438 2969 3509 carissima
3019 3446 3330 3509 consorte
3393 3446 3622 3507 nostra

811 3568 1038 3630 natam
1067 3559 1267 3630 nobis
1291 3561 1685 3652 nuperrime
1712 3557 1921 3630 filiam
1947 3561 2199 3631 votivis
2228 3560 2825 3653 expectationibus
2851 3561 3094 3632 vestris
3118 3560 3419 3630 hilariter
3445 3581 3622 3630 nun-

815 3683 1058 3753 tiantes
1105 3704 1123 3748 ε
1163 3688 1396 3774 utpote
1429 3680 1551 3772 qui
1582 3680 1927 3752 felicitatis
1966 3690 2195 3752 nostre
2237 3702 2365 3751 nec
2401 3680 2631 3753 minus
2665 3691 2891 3753 vestre
2933 3681 3224 3752 leticiam
3263 3681 3617 3753 vobiscum

813 3805 1133 3876 volumus
1165 3802 1537 3875 domestica
1576 3803 2096 3898 participatione
2127 3803 2373 3877 sortiri.
2416 3805 2599 3876 Inter
2630 3813 2854 3877 cetera
2887 3827 3187 3897 namque
3232 3806 3322 3878 de
3364 3806 3622 3898 quibus

813 3927 932 3999 Dei
981 3927 1282 4022 potentia
1329 3926 1699 4020 gratificari
1748 3949 1824 4000 se
1872 3928 2073 3999 nobis
2110 3930 2562 4000 communiter
2605 3928 2850 4001 eodem
2886 3928 3217 4001 beneficio
3252 3940 3511 4025 posset,
3555 3939 3623 4002 et

810 4050 1009 4122 vobis
1037 4050 1303 4121 nullum
1340 4071 1596 4122 munus
1628 4051 1974 4122 communi
1998 4061 2162 4123 voto
2197 4051 2657 4140 communius,
2692 4052 2954 4122 nullum
2987 4052 3237 4123 nostris
3262 4074 3342 4124 ac
3374 4053 3620 4125 vestris

810 4174 1228 4269 profectibus
1261 4173 1609 4246 efficacius
1648 4175 2058 4246 arbitramur
2093 4196 2301 4267 quam
2335 4196 2494 4245 cum
2533 4184 2760 4246 nostre
2806 4174 3238 4246 fecunditatis
3281 4177 3618 4267 gremium

808 4297 1017 4392 prolis
1043 4319 1224 4369 nove
1256 4299 1397 4368 fetu
1436 4295 2014 4394 multiplicat[ur],
2049 4320 2206 4369 cum
2237 4320 2376 4392 qua
2411 4299 2864 4393 tranquillitas
2890 4299 3103 4370 vestri
3131 4308 3344 4370 status
3376 4322 3622 4372 secun·

812 4421 989 4492 diori
1027 4419 1270 4492 robore
1305 4421 1516 4492 nostri
1557 4420 1845 4492 dominii
1878 4421 2263 4511 roboratur,
2301 4430 2369 4494 et
2401 4421 2613 4516 petita
2644 4444 2785 4517 pax
2820 4422 3021 4494 vobis
3046 4432 3113 4494 et
3143 4422 3426 4518 posteris
3458 4444 3621 4495 con-

813 4542 1148 4615 firmatur.
1213 4545 1386 4616 Hinc
1433 4545 1695 4639 quippe
1750 4553 1856 4617 est
1900 4566 2266 4639 regnorum
2303 4547 2613 4617 omnium
2664 4547 2884 4635 salus,
2925 4547 3088 4618 hinc
3141 4547 3284 4618 vita
3334 4547 3621 4642 pacifica

815 4667 1249 4761 populorum,
1277 4690 1436 4739 cum
1460 4669 1710 4763 regalis
1742 4690 1982 4741 mense
2015 4669 2340 4741 circuitus
2368 4668 2669 4763 legitima
2693 4671 2926 4744 sobole
2959 4670 3448 4743 circumdatur.
3481 4674 3624 4746 Hec

972 4787 1080 4850 IV.
1121 4804 1234 4848 Pu·
1255 4805 1300 4848 2.
3197 4803 3308 4854 117

3770 1078 3909 1130 [Anno

3721 1127 3947 1186 exonam]
