4842 5802
864 660 1055 720 lnnlcr.
1092 651 1175 738 6.1
1758 648 2151 710 HISTORIA
2202 649 2793 715 DH‘LOMA'rch.
3569 647 3690 710 587

868 813 1008 864 sam
1036 797 1337 862 nostram
1367 806 1444 859 se
1467 784 1773 880 graviter
1803 783 2169 857 incurrisse
2198 786 2371 858 sciat
2394 787 2815 881 presentium
2850 783 3237 859 testimonio
3268 783 3673 855 litterarum.

960 915 1199 987 Datum
1238 909 1434 1007 apud
1474 910 1781 1005 Spiram,
1821 929 2002 981 anno
2036 908 2377 989 dominice
2420 911 2907 984 incarnationis
2942 909 3305 981 millesimo
3342 906 3679 980 ducente·

866 1038 1033 1111 simo
1061 1036 1418 1129 trigesimo
1449 1032 1781 1124 secundo,
1822 1031 2047 1127 pridie
2072 1033 2397 1106 calendas
2435 1034 2757 1129 octobris,
2800 1034 3171 1107 indictione
3206 1039 3430 1106 sexta.

1303 1320 1542 1333 -—---—-
1559 1320 1710 1328 m
1720 1318 3227 1328 ——-————.———-———-—-——-——-—-

965 1597 1331 1683 Henricus
1352 1660 1376 1705 ‚
1450 1598 1974 1682 Romanorum
2046 1626 2178 1682 rex
2202 1659 2227 1706 ,
2303 1608 2551 1681 ratam
2622 1597 2853 1679 habet
2922 1598 3380 1705 emptionem
3459 1597 3683 1680 villae

871 1729 1445 1814 Winmotsheim
1484 1728 1967 1841 (Wimbsen)
2007 1758 2245 1841 quam
2289 1731 2690 1815 Gozwinus
2737 1730 2976 1815 abbas
3021 1741 3096 1813 et
3138 1741 3550 1814 conventus
3586 1732 3682 1813 de

862 1862 1306 1947 Maulbronn
1346 1890 1392 1946 a
1430 1863 1818 1948 Gotefrido
1863 1866 2136 1949 comite
2171 1866 2268 1948 de
2303 1864 2724 1974 Vaihingen
2775 1875 3444 1973 comparaverunt,
3482 1889 3681 1973 pro-

862 1994 1234 2105 mittitque
1276 1997 1486 2105 quod
1543 1998 2014 2082 advocatiam
2068 1999 2294 2083 villae
2357 1996 2696 2107 ejusdem
2754 2023 3155 2107 nunquam
3211 1998 3309 2081 ab
3362 1998 3679 2107 imperio

862 2126 1239 2212 alienabit.

1017 2341 1205 2421 (Edit.
1239 2361 1337 2421 ap.
1368 2345 1630 2417 Bsssonn,
1660 2345 1893 2405 Docum.
1925 2343 2112 2406 mdiv.
2144 2351 2454 2407 monaster.
2499 2343 2895 2425 wirtemberq.
2909 2387 2931 2419 ,
2958 2350 3000 2404 t.
3040 2344 3091 2422 1,
3120 2361 3182 2421 p.
3215 2341 3385 2422 496.)

951 2530 1309 2604 Heinricus
1366 2531 1744 2625 septimus,
1822 2531 2064 2604 divina
2125 2533 2404 2605 favente
2480 2531 2840 2604 clementia
2893 2532 3352 2604 Romanorum
3423 2550 3550 2602 rex
3613 2540 3680 2603 et

858 2674 1119 2747 semper
1164 2664 1540 2749 angustus,
1581 2655 1928 2731 universis
1975 2656 2247 2750 imperii
2300 2654 2622 2728 fidelibus
2664 2655 2737 2726 in
2772 2665 3209 2750 perpetuum.
3249 2654 3338 2725 Ut
3372 2652 3466 2725 ad
3519 2674 3677 2732 nos-

860 2786 994 2848 tros
1023 2799 1458 2851 successores
1502 2778 1909 2872 perveniant
1953 2777 2148 2850 firma
2187 2799 2271 2851 ea
2304 2799 2444 2872 que
2482 2798 2713 2850 coram
2751 2778 2951 2850 nobis
2990 2778 3366 2850 litterarum
3403 2775 3680 2849 indiciis

858 2899 1188 2974 duximus
1232 2903 1680 2998 perhennari‚
1739 2904 1833 2977 ad
1885 2905 2203 2977 notitiam
2262 2904 2474 2999 igitur
2522 2912 2661 2975 tam
2713 2903 3195 2977 modernorum
3234 2926 3445 2998 quam
3494 2905 3678 2976 futu·

854 3046 1081 3098 rorum
1118 3027 1444 3100 volumus
1484 3029 1845 3122 pervenire
1874 3027 2068 3124 qnod
2095 3027 2471 3102 Gozwinns
2515 3027 2734 3099 abbas
2782 3037 2851 3100 et
2888 3037 3271 3100 conventus
3299 3027 3391 3101 de
3415 3028 3677 3102 Mulen-

851 3146 1027 3221 brun
1063 3151 1250 3243 juste
1291 3162 1362 3224 et
1408 3152 1904 3228 rationabiliter
1951 3154 2500 3250 comparaverint
2537 3152 2772 3224 villam
2815 3152 3344 3226 Winmotsheim
3389 3174 3512 3248 pro
3539 3165 3676 3226 'co-

853 3273 1016 3346 mite
1049 3274 1363 3349 Gotfrido
1390 3274 1482 3349 de
1514 3275 1876 3370 Vehingen
1901 3278 2363 3352 etheredibus
2392 3277 2563 3368 suiS,
2598 3298 2753 3349 cnm
2776 3277 3093 3370 ecclesia,
3127 3299 3283 3350 cum
3316 3277 3679 3351 advocatia

852 3406 919 3470 et
947 3399 1155 3492 agris,
1187 3399 1491 3495 pascuis,
1522 3401 1724 3496 aquis
1753 3411 1824 3475 et
1855 3425 2194 3497 aquarum
2223 3401 2632 3477 decursibus
2668 3410 2740 3475 et
2769 3401 2954 3496 agris
2992 3410 3132 3474 tam
3164 3401 3435 3475 incultis
3462 3424 3674 3496 quam

854 3521 1091 3612 cultis,
1144 3544 1303 3595 cum
1351 3524 1678 3598 omnibns
1729 3527 2186 3623 appenditiis;
2243 3537 2312 3600 et
2357 3527 2490 3623 ipsi
2544 3525 2922 3602 venditioni
2975 3536 3046 3600 et
3096 3525 3426 3622 emptioni
3475 3525 3675 3600 adhi-

854 3639 1131 3716 buimus
1170 3666 1413 3720 manus
1455 3657 1723 3723 nostras
1769 3660 1838 3724 et
1887 3659 2121 3723 tenore
2165 3651 2587 3746 presentium
2636 3651 2771 3747 ipsi
2815 3649 3100 3724 eccloeie
3142 3650 3214 3722 in
3261 3658 3669 3744 perpetuum

855 3763 1359 3842 confirmamus
1396 3771 1483 3843 Et
1511 3772 1676 3867 quia
1727 3774 1952 3847 totalis
1993 3774 2377 3848 advocatus
2428 3795 2671 3846 snmus
2715 3772 3008 3846 ecclesie
3052 3781 3455 3865 memorate,
3506 3793 3669 3869 pro·

850 3889 1185 3964 mittimus
1243 3901 1317 3965 nt
1376 3894 1814 3972 advocatiam
1879 3898 2045 3971 ville
2104 3906 2458 3993 pretaxate
2517 3918 2560 3969 a
2611 3896 2811 3969 nobis
2856 3905 2926 3970 et
2974 3895 3262 3991 imperio
3312 3918 3668 3993 nunqnam

848 4012 1223 4089 alienemus
1262 4038 1386 4112 per
1417 4019 1905 4115 obligationem
1958 4024 2071 4096 vel
2106 4021 2575 4097 venditionem
2625 4022 2737 4094 vel
2793 4020 3352 4116 infeodationem,
3400 4031 3470 4097 et
3501 4024 3560 4096 si
3592 4024 3664 4095 in

850 4139 1260 4212 contrarium
1304 4143 1672 4218 fecerimus
1703 4147 2170 4241 immemores,
2209 4147 2644 4222 decernimus
2680 4147 2893 4221 nichil
2927 4168 3105 4220 esse.

942 4263 1170 4335 Testes
1215 4275 1379 4337 sunt
1424 4267 1522 4339 hii
1563 4296 1580 4339 ε
1629 4270 2051 4345 Ludewicns
2103 4293 2333 4346 eomes
2380 4272 2471 4346 de
2520 4271 2895 4363 Rienecke,
2948 4272 3317 4345 Anselmns
3360 4270 3450 4345 de
3497 4272 3662 4344 Jus-

848 4380 1115 4476 tingen,
1164 4386 1247 4457 E.
1291 4387 1562 4483 dapifer
1609 4391 1697 4465 de
1738 4394 2117 4491 Waldpurc
2174 4405 2243 4467 et
2284 4395 2356 4467 C.
2414 4395 2740 4491 pincerna
2789 4394 2881 4468 de
2934 4395 3448 4487 Wintersteten,
3494 4395 3676 4467 wil--

846 4502 1176 4580 lehelmns
1214 4509 1305 4583 de
1340 4512 1719 4608 Wimpina,
1762 4526 1832 4589 et
1871 4518 1987 4590 alii
2025 4520 2491 4614 quamplures.
3409 4605 3462 4628 ,s

938 4627 1186 4704 Actum
1227 4634 1419 4730 apud
1454 4637 1909 4734 Wimpinam,
1952 4663 2135 4714 anno
2182 4642 2273 4714 ab
2309 4643 2777 4716 incarnatione
2807 4641 3081 4715 Domini
3124 4642 3484 4719 millesimo
3532 4644 3663 4721 du-

851 4754 1213 4829 centesimo
1247 4756 1592 4834 tricesimo
1626 4763 1960 4853 secund0,
1998 4765 2090 4838 VI
2124 4785 2342 4839 nonas
2375 4766 2697 4861 octobriS,
2733 4766 3109 4842 indictione
3140 4777 3364 4841 sexta.

3847 1619 3972 1672 Apud

3762 1671 4032 1727 Wimpinnm
4044 1702 4059 1725 ‚

3781 1727 3810 1768 2
3831 1728 4032 1770 octobris.
