4842 5802
875 646 1068 703 tamer.
1100 640 1185 724 9.]
1775 639 2172 700 msronm
2221 636 2809 698 nmmum-rma.
3578 614 3698 701 8⁴13

877 800 1053 856 cum
1127 773 1250 854 isti
1322 771 1556 853 nullis
1613 772 1820 880 pacis
1893 770 2453 853 conditionibus
2527 771 2876 851 accedere
2946 769 3211 871 velint,
3269 796 3449 852 mox
3520 771 3688 853 Ita-

873 908 1058 989 liam
1095 907 1662 1016 ingressurum‚
1715 903 2098 1013 simulque
2142 902 2600 1012 objectiones
2639 928 2880 1010 papae
2924 903 3019 984 de
3063 903 3365 1011 negotio
3417 904 3688 987 Terrae

870 1039 1195 1167 ’Sanctae
1229 1038 1564 1120 ineundo
1599 1036 1900 1120 refellit.

1031 1282 1304 1361 (Initium
1332 1279 1517 1340 edidit
1542 1279 1745 1338 Mart.
1773 1278 1992 1348 Panis,
2021 1275 2172 1336 Hm.
2206 1275 2347 1355 maj.
2367 1270 2635 1354 Anqlor„
2664 1291 2727 1350 p.
2756 1282 2894 1345 335,
2915 1275 2992 1334 ad
3013 1291 3154 1335 ann.
3190 1284 3367 1347 1239,
3405 1276 3506 1335 sed
3531 1293 3688 1337 erro·

1113 1404 1255 1461 nee,
1293 1392 1356 1446 et
1381 1385 1787 1463 fragmentum
1815 1383 1890 1445 G.
1924 1384 2156 1443 Fame.
2193 1382 2539 1453 Panumo,
2571 1381 2787 1441 Histor.
2819 1378 2914 1441 del
2936 1378 3158 1456 F'riuli,
3191 1382 3293 1443 lib.
3322 1383 3399 1454 V,
3436 1401 3498 1460 p.
3543 1393 3683 1446 223.

1114 1495 1375 1555 Primam
1398 1498 1596 1553 autem
1616 1488 2027 1551 tantummodo
2051 1494 2275 1565 partem
2303 1505 2492 1565 usque
2520 1488 2598 1548 ad
2637 1488 2780 1548 haec
2808 1488 2991 1549 verba
3024 1489 3252 1548 vexatio
3280 1487 3486 1550 tribuit
3511 1488 3689 1551 intel-

1115 1597 1346 1675 lectum,
1375 1603 1533 1677 prior
1559 1598 1786 1670 retulit;
1816 1597 1978 1674 quod
2002 1596 2206 1656 eodem
2232 1595 2406 1655 modo
2430 1595 2799 1655 decurtatum
2824 1612 3060 1672 quoque
3087 1596 3371 1658 habemus
3399 1600 3461 1658 in
3490 1600 3689 1659 codice

1115 1708 1426 1768 Parisiensi
1458 1711 1637 1777 8567,
1668 1703 1772 1763 fol.
1814 1712 1913 1775 27,
1942 1719 2079 1762 curn
2104 1702 2217 1761 hoc
2252 1703 2425 1761 titulo
2456 1720 2471 1760 ε
2508 1721 2539 1758 u
2570 1702 2892 1781 Imperator
2907 1720 3021 1787 per
3046 1704 3288 1763 Petrum
3314 1702 3383 1764 de
3421 1705 3632 1767 Vincis.
3653 1727 3685 1764 υ

1111 1842 1193 1856 -
1214 1810 1477 1871 Alteram
1513 1826 1654 1869 vero
1694 1810 1932 1886 majoris
1974 1810 2146 1885 spatii
2189 1813 2248 1867 et
2293 1809 2575 1867 momenti
2602 1815 2825 1882 partem
2864 1825 3022 1868 nunc
3054 1812 3311 1886 primum
3347 1811 3690 1873 exhibemus

1115 1934 1148 1975 e
1182 1917 1383 1977 codice
1417 1916 1688 1976 binoth.
1720 1914 1980 1975 Vindob.
2008 1910 2248 1984 Philet„
2279 1922 2346 1972 n⁰
2372 1912 2590 1989 CCCV,
2619 1912 2722 1975 fol.
2762 1923 2869 1974 159
2907 1931 3108 1991 verso,
3146 1924 3257 1975 162
3288 1924 3467 1977 recto.
3499 1918 3687 1992 Quem

1115 2024 1311 2082 minus
1337 2029 1596 2083 correcte
1623 2023 1911 2098 scriptum
1937 2022 1999 2079 ln
2027 2035 2262 2080 sensum
2288 2019 2714 2097 intelligibilem
2736 2020 3187 2100 convertimus.)

972 2234 1390 2322 FridericuS,
1430 2244 1594 2324 etc.,
1645 2238 1796 2329 regi
1841 2234 2160 2324 Francie,
2217 2241 2346 2305 etc.
2408 2232 2612 2304 Inviti
2664 2233 3046 2326 loquimur,
3103 2235 3228 2306 sed
3273 2245 3494 2310 tacere
3550 2262 3687 2314 non

876 2380 1269 2453 possumus.
1323 2360 1470 2431 Jam
1518 2359 1702 2430 enim
1749 2358 2010 2430 securis
2053 2356 2147 2428 ad
2194 2357 2495 2428 radicem
2553 2356 2816 2427 arboris
2859 2356 3081 2451 posita
3130 2369 3198 2429 et
3232 2359 3505 2452 gladius
3548 2367 3689 2441 fere

877 2505 1100 2576 usque
1173 2482 1264 2555 ad
1335 2483 1635 2555 animam
1684 2482 2021 2553 transiens
2076 2480 2259 2554 labia
2318 2479 2813 2569 dissolverunt,
2868 2482 3125 2575 J‘usque
3167 2482 3403 2556 datum
3450 2491 3688 2564 sceleri

876 2607 1238 2678 scribimus
1282 2617 1351 2679 et
1385 2606 1716 2702 populum
1759 2616 2234 2677 contumacem
2276 2602 2636 2675 dexteram
2683 2604 2755 2673 in
2790 2603 3052 2677 viscera
3091 2608 3365 2701 propria
3405 2612 3690 2685 vertisse

877 2729 1344 2802 condolemus.
1381 2731 1525 2800 luri
1568 2730 1905 2824 prefertur
1947 2729 2196 2819 injuria
2235 2738 2305 2799 et
2355 2727 2674 2799 voluntas
2717 2728 2982 2818 justitie
3032 2730 3457 2822 dominatur,
3515 2734 3688 2809 dum

874 2852 1158 2948 quidam
1215 2855 1406 2927 Italie
1451 2854 1687 2950 populi
1742 2862 2086 2949 sceptrum
2124 2862 2561 2926 contemnere
2602 2862 2936 2925 conantur
2983 2853 3282 2949 imperii,
3347 2877 3430 2929 ac
3484 2859 3687 2933 etiam

873 2980 1150 3075 proprie
1184 2979 1687 3052 commoditatis
1722 2980 2192 3066 immemoreS,
2238 2977 2570 3049 libertatis
2599 2976 2959 3068 cujusdam
2999 2977 3101 3073 (a)
3136 3000 3316 3071 vage
3344 2983 3690 3059 luxuriam

872 3104 1088 3197 quieti
1129 3105 1316 3197 pacis
1356 3104 1721 3197 imponunt
1766 3112 1836 3174 et
1884 3102 2169 3196 equitati
2211 3102 2615 3195 justitieque
2672 3100 3119 3193 pretulerunt.
3169 3103 3311 3175 Nec
3352 3115 3580 3178 tamen
3648 3131 3691 3182 a

875 3227 1075 3298 nobis
1105 3229 1541 3300 rebellionem
1577 3225 1972 3320 huJ'usmodi
2001 3226 2375 3321 sumpsisse
2404 3246 2593 3296 nunc
2617 3225 2910 3319 primum
2944 3226 3311 3299 exordium
3330 3231 3683 3324 estimatis,

875 3350 1000 3422 sed
1025 3352 1245 3422 avitas
1278 3362 1346 3422 et
1372 3361 1690 3446 paternas
1718 3350 2197 3444 prosequimur
2235 3349 2542 3439 inJuriaS‚
2566 3358 2633 3419 et
2664 3348 3063 3442 productam
3083 3352 3227 3441 jam
3260 3351 3351 3424 ad
3385 3354 3553 3425 alias
3579 3378 3689 3428 re-

876 3471 1115 3564 giones
1153 3474 1483 3545 libertatis
1519 3475 1866 3547 invidiose
1903 3475 2351 3568 propaginem
2392 3473 2675 3543 nitimur
2712 3475 3174 3568 supplantare.
3226 3474 3363 3547 Sed
3391 3498 3521 3549 nec
3556 3479 3686 3554 ista

876 3595 1344 3667 dissimulasse
1370 3597 1767 3690 aliquolibet
1802 3595 2012 3668 modo
2050 3617 2178 3669 nos
2202 3596 2534 3668 hactenus
2566 3604 2688 3667 aut
2718 3596 3245 3668 conniventibus
3280 3600 3498 3671 oculis
3530 3623 3683 3696 per-

874 3716 1199 3789 transisse
1239 3718 1557 3790 credatis.
1613 3719 2136 3813 Quamprimum
2182 3718 2367 3790 enim
2419 3718 2492 3788 in
2541 3717 2742 3790 nobis
2785 3719 3321 3812 pubescentibus
3371 3724 3569 3795 annis
3605 3747 3688 3799 ac

875 3840 1121 3911 mentis
1157 3850 1226 3912 et
1261 3841 1565 3935 corporis
1614 3841 1996 3913 calescente
2034 3841 2321 3925 virtute,
2365 3839 2457 3912 ad
2509 3842 2790 3913 Romani
2830 3842 3100 3912 culmen
3156 3843 3423 3936 imperii
3465 3858 3690 3941 preter

875 3986 1067 4057 spem
1100 3965 1462 4037 hominum
1501 3974 1671 4035 nutu
1710 3964 2141 4038 solummodo
2175 3965 2273 4062 (b)
2307 3964 2742 4037 Providentia
2773 3963 3010 4037 divine
3041 3968 3565 4044 conscendimus
3602 3996 3683 4046 ac

872 4109 1162 4181 regnum
1214 4089 1479 4179 Sicilie,
1519 4090 1823 4184 preclara
1876 4097 2180 4160 materne
2231 4087 2687 4160 successionis
2721 4086 3102 4177 hereditaS,
3137 4088 3227 4161 ad
3264 4091 3421 4182 jura
3453 4104 3684 4168 nostra

874 4213 1218 4305 pervenit,
1264 4213 1480 4285 aciem
1513 4213 1760 4284 mentis
1799 4223 2025 4284 nostre
2039 4214 2362 4285 continuo
2389 4210 2777 4283 direximus
2798 4210 2889 4283 ad
2911 4210 3241 4306 predicta.
3277 4213 3376 4285 Ac
3402 4214 3684 4290 demum

870 4335 958 4406 ad
1015 4338 1671 4408 consummationem
1728 4335 2052 4430 propositi
2104 4335 2319 4407 nostri
2374 4334 2746 4406 miserabili
2796 4355 2959 4405 casu
2999 4335 3088 4406 de
3138 4339 3503 4411 amissione
3535 4342 3681 4413 Da-

870 4458 1075 4531 miate
1112 4468 1279 4532 tunc
1322 4460 1643 4554 temporis
1689 4460 2041 4530 materiam
2082 4459 2541 4548 ministrante,
2604 4480 2759 4530 cum
2817 4458 3192 4530 venerabili
3227 4472 3419 4556 patre
3453 4475 3680 4538 nostro

956 4654 1035 4733 (a)
1079 4658 1148 4717 In
1178 4662 1460 4734 impresso
1489 4659 1768 4741 ejusdem,
1797 4662 1971 4720 male.

955 4758 1034 4838 (b)
1080 4763 1148 4821 In
1178 4765 1311 4822 cod.
1341 4765 1557 4826 Philol.
1594 4776 1733 4843 305,
1765 4784 1840 4825 ea:
1865 4765 2243 4846 dispositione.

1029 4868 1137 4930 IV.
1180 4883 1292 4928 Pan
1316 4887 1358 4928 2.
3263 4883 3374 4937 110
