4842 5802
843 643 1044 702 lunicr.
1080 639 1171 715 8.]
1750 630 2140 691 HISTORIA
2189 625 2771 689 nll‘LoltATch.
3546 615 3666 676 749

847 788 916 852 et
950 778 1256 869 legaliter
1290 793 1366 844 se
1396 770 1679 844 babebit
1707 768 1779 839 in
1816 767 2075 858 officio,
2118 767 2289 837 nibil
2319 767 2699 860 scripturus
2729 771 2798 834 et
2832 762 3135 832 facturus
3179 766 3413 828 contra
3442 756 3563 845 jus
3595 761 3666 824 et

844 901 1157 976 debitum
1187 895 1572 971 secundnm
1607 892 2093 966 conscientiam
2120 891 2302 963 bone
2329 886 2524 972 fidei,
2546 885 2733 959 omni
2767 884 2928 957 dolo
2960 891 3029 955 et
3061 878 3308 953 fraude
3324 883 3654 950 cessante.

939 1022 1051 1097 Ad
1095 1019 1488 1116 generalem
1519 1025 1773 1090 statum
1821 1022 1892 1087 et
1944 1012 2507 1107 tranquillitatem
2551 1008 2824 1104 imperii
2883 1005 3065 1078 edite
3117 1014 3185 1075 et
3236 1000 3664 1097 promulgate

843 1155 1006 1219 sunt
1039 1146 1172 1219 hee
1215 1142 1507 1216 constitu
1516 1140 1735 1213 tiones
1777 1137 1869 1212 de
1901 1138 2186 1211 consilio
2227 1146 2297 1208 et
2328 1155 2613 1207 assensu
2644 1130 3031 1227 principum
3066 1136 3204 1200 tam
3245 1123 3666 1198 ecclesiasti-

843 1291 1081 1344 corum
1112 1291 1324 1363 quam
1349 1265 1762 1339 secularium
1791 1284 2059 1336 necnon
2097 1261 2551 1358 plurimorum
2581 1256 2915 1329 nobilium
2933 1263 3003 1326 et
3031 1251 3319 1323 aliorum
3357 1247 3662 1321 fidelium

843 1392 1147 1488 imperii,
1207 1390 1280 1460 in
1322 1387 1683 1480 sollempni
1716 1386 1908 1458 curia
1941 1383 2285 1457 celebrata
2308 1380 2708 1475 Maguncie‚
2760 1397 2944 1450 anno
2988 1372 3475 1446 incarnationis
3508 1372 3665 1442 Do-

847 1513 1014 1586 mini
1040 1510 1505 1601 MCCXXXV,
1543 1529 1780 1581 mense
1813 1507 2127 1601 augusti,
2168 1502 2547 1577 indictione
2573 1503 2758 1589 VIII,
2795 1500 3172 1596 imperante
3206 1497 3487 1571 domino
3516 1494 3664 1566 Fri-

848 1638 1079 1711 derico
1123 1634 1457 1727 secundo,
1510 1632 1636 1705 Dei
1678 1633 1898 1725 gratia
1947 1629 2395 1702 invictissimo
2438 1629 2901 1700 Romanorum
2952 1624 3358 1719 imperatore
3396 1642 3668 1717 semper

845 1769 1167 1851 anguem,
1199 1757 1574 1830 Jerusalem
1608 1767 1677 1828 et
1702 1754 1931 1828 Sicilie
1958 1773 2146 1845 rege,
2184 1773 2367 1825 anno
2402 1749 2675 1845 imperii
2700 1750 2849 1842 ejus
2872 1748 3030 1837 XV,
3060 1747 3264 1840 'regni
3297 1746 3663 1819 Ierusalem

846 1888 942 1974 X,
986 1882 1182 1977 regni
1205 1902 1375 1956 vero
1401 1880 1632 1953 Sicilie
1652 1877 1999 1964 XXXVII,
2041 1875 2349 1949 feliciter.
2388 1877 2630 1947 Amen.

949 2507 1372 2589 Fridericus
1396 2568 1420 2613 ‚
1461 2506 1983 2589 Romanorum
2035 2504 2478 2613 imperator,
2518 2507 2617 2587 ad
2679 2531 2937 2613 preces
2991 2505 3309 2589 Walteri
3363 2504 3659 2588 abbatis

846 2639 1103 2720 Sancti
1149 2639 1471 2745 Gisleni,
1507 2638 1772 2720 inserit
1811 2647 1886 2719 et
1929 2638 2366 2720 renovando
2409 2636 2813 2720 confirmat
2854 2635 3338 2746 privilegium
3374 2663 3418 2718 a
3445 2647 3658 2745 patre

846 2797 987 2854 suo
1029 2770 1352 2853 Henrico
1396 2770 1849 2879 imperatore
1895 2797 2098 2854 anno
2154 2771 2354 2852 1191
2376 2830 2400 2875 ,
2468 2772 2562 2849 17
2613 2766 2858 2878 junii,
2916 2769 3161 2851 eidem
3196 2773 3658 2855 monasterio

843 2930 1312 2988 concessum.

1006 3119 1218 3199 (Edld.
1249 3121 1533 3193 Binum,
1569 3116 1794 3180 Amul.
1843 3117 1914 3179 dc
1940 3114 2110 3181 talah.
2144 3116 2215 3178 de
2241 3121 2305 3178 S.
2349 3115 2644 3192 θΙιίεΙαίη,
2667 3135 2765 3195 ap.
2811 3119 3268 3191 Ratumenna,
3297 3120 3663 3182 Monuments

1076 3242 1232 3305 pour
1250 3243 1396 3287 serv.
1424 3223 1467 3285 ὰ
1492 3222 1672 3287 l'lzisc.
1703 3223 1801 3285 des
1823 3243 1988 3306 prov.
2017 3222 2088 3284 de
2107 3225 2394 3301 Hainaut,
2418 3230 2562 3296 etc„
2591 3230 2640 3284 t.
2670 3225 2837 3296 vm,
2865 3243 2923 3302 p.
2958 3233 3106 3298 4293
3137 3226 3272 3288 coll.
3300 3243 3438 3287 cum
3467 3231 3660 3306 orlgl-

1084 3334 1208 3393 nali
1250 3336 1316 3392 in
1361 3334 1601 3395 archivo
1643 3333 2033 3395 Bruxellensi.
2082 3333 2255 3394 Bulla
2279 3333 2521 3405 avulsa,
2568 3331 2825 3409 pendent
2857 3336 3092 3392 tantum
3129 3329 3229 3391 fila
3274 3335 3456 3393 serica
3497 3333 3662 3394 rubri

1081 3437 1339 3515 coloris.)

945 3623 1021 3693 In
1057 3621 1334 3693 nomine
1349 3630 1585 3693 sancte
1607 3631 1677 3694 et
1698 3619 2066 3695 individue
2086 3621 2459 3693 Trinitatis.
2495 3621 2923 3710 Fredericus‚
2954 3621 3196 3694 divina
3222 3623 3495 3696 favente
3521 3625 3660 3697 cle·

845 3745 1101 3818 mentia
1134 3744 1598 3815 Romanorum
1632 3744 1998 3837 imperator
2033 3765 2305 3839 semper
2332 3754 2694 3838 augustus,
2737 3747 3108 3819 Jerusalem
3134 3753 3203 3818 et
3235 3745 3465 3819 Sicilie
3499 3769 3652 3822 rex.

846 3867 1226 3963 Imperialis
1256 3866 1629 3939 eminentia
1663 3874 1830 3938 tunc
1851 3867 2182 3962 precipue
2203 3867 2315 3939 sui
2348 3864 2647 3940 nominis
2673 3869 2908 3941 titulos
2929 3869 3210 3961 ampliat
3233 3889 3393 3941 cum
3421 3869 3662 3945 divine

845 3991 1117 4084 pietatis
1140 3990 1396 4061 intuitu
1435 3991 1555 4085 per
1587 4011 1795 4085 quam
1825 4000 2051 4085 preest
2078 3991 2505 4085 principibus
2535 3992 2722 4064 orbis
2756 4002 2931 4065 terre
2949 4049 2966 4078 ‚
3011 3994 3161 4066 loca
3192 3995 3509 4088 religiosa
3541 3996 3658 4091 pia

846 4115 1093 4188 mentis
1129 4113 1492 4187 affectione
1518 4123 1750 4188 tuetur
1771 4135 1855 4188 ac
1879 4115 2175 4210 protegit
2203 4125 2272 4188 et
2298 4115 2765 4189 favorabiliter
2791 4138 3029 4188 eorum
3043 4119 3267 4209 justas
3300 4120 3662 4213 petitiones

844 4238 1168 4313 admittit.
1216 4241 1592 4337 Eapropter
1627 4239 1976 4314 universis
2003 4239 2274 4335 imperii
2315 4239 2637 4313 fidelibus
2666 4250 2803 4312 tam
2832 4238 3262 4335 presentibus
3298 4263 3508 4335 quam
3545 4244 3658 4314 fu-

845 4363 1018 4436 turis
1049 4364 1375 4437 volumus
1410 4383 1566 4436 esse
1607 4372 1847 4436 notum
1879 4362 2072 4458 quod
2105 4363 2513 4436 constitutus
2550 4363 2622 4433 in
2666 4364 3009 4458 presentia
3052 4372 3284 4437 nostra
3317 4364 3660 4438 Walterus

848 4488 1259 4559 venerabilis
1271 4488 1490 4560 abbas
1516 4487 1911 4560 monasterii
1940 4487 2174 4560 Sancti
2199 4486 2488 4578 Gisleni,
2519 4485 2746 4559 fidelis
2774 4496 3026 4577 noster,
3056 4486 3414 4580 quoddam
3440 4489 3658 4582 privi-

849 4608 1134 4701 legium,
1165 4610 1332 4681 olim
1360 4609 1707 4683 indultum
1738 4611 2149 4683 monasterio
2184 4631 2315 4682 suo
2341 4610 2432 4680 ab
2458 4609 2754 4681 Henrico
2785 4619 2979 4705 patre
3013 4619 3244 4682 nostro
3276 4611 3508 4685 inclite
3538 4633 3661 4685 re-

848 4730 1264 4806 cordationis
1287 4743 1610 4829 augusto,
1645 4730 2283 4808 nostrecelsitudini
2313 4732 2764 4826 presentavit,
2805 4732 3151 4805 humiliter
3164 4735 3563 4831 supplicans
3584 4747 3664 4810 ut

3824 2535 3953 2590 Apud

3741 2588 4014 2641 maguntiam
4028 2622 4039 2640 ,

3795 2650 4001 2697 augusto.
