4842 5802
1217 586 1340 648 982
2129 591 2386 651 INDEX
2438 591 3133 653 DOCUMENTORUM.

1248 786 1468 861 1236

1241 924 1313 974 12
1334 931 1472 993 aug.
1594 915 1664 975 In
1689 931 1897 993 eampo
1998 948 2070 961 -
2112 918 2348 978 Aidrieo
2400 923 2675 996 episcopo
2716 919 3060 979 Tridentino
3095 918 3380 994 praecipit
3428 916 3541 977 sub
3593 932 3782 993 poena
3834 918 4056 994 gratiae

1645 1015 1856 1073 martio
2072 1028 2214 1072 suae
2253 1030 2330 1072 ne
2372 1015 2597 1090 aliquid
2634 1014 2710 1073 de
2736 1014 2906 1073 bonis
2934 1015 3301 1089 episcopatus
3326 1028 3431 1088 per
3457 1010 3935 1088 mandationem,
3961 1012 4054 1085 pi-

1604 1110 1885 1170 Tridenti.
2072 1113 2477 1187 gnorationem
2506 1126 2609 1171 seu
2638 1111 2837 1188 aliquo
2864 1111 3040 1169 modo
3067 1110 3320 1169 alienare
3346 1113 3704 1185 praesumat.
3937 1115 4053 1166 000

1220 1200 1498 1285 [august]
1546 1248 1959 1267 .......
1994 1237 2074 1250 —
2114 1205 2327 1266 Scribit
2349 1207 2652 1281 Romanis,
2683 1212 2939 1266 veterem
2969 1206 3217 1283 gloriam
3242 1204 3408 1264 urbis
3434 1205 3656 1264 Romae
3692 1218 4052 1264 commemo-

2073 1317 2212 1361 rans
2253 1309 2312 1362 et
2337 1302 2623 1362 desidiam
2648 1304 2912 1378 ipsorum
2951 1303 3291 1376 increpans,
3333 1300 3693 1378 mandatque
3728 1304 3798 1360 ut
3833 1300 4054 1376 legatos

2072 1415 2222 1475 quos
2249 1405 2391 1458 tunc
2430 1398 2736 1476 Augustae
2780 1405 3042 1459 moratus
3077 1398 3189 1459 sibi
3218 1400 3372 1458 mitti
3398 1400 3646 1473 petierat
3678 1414 3789 1458 nec
3826 1398 3889 1456 in
3925 1397 4051 1457 Ita-

2072 1497 2211 1555 liam
2240 1499 2480 1555 veniens
2507 1498 2762 1568 invenit,
2790 1499 3224 1572 promptissime
3248 1496 3583 1572 expediant.
3935 1503 4044 1554 901

1241 1601 1315 1653 20
1344 1597 1495 1669 sept.
1554 1595 1622 1654 In
1650 1595 1858 1653 casti-Is
1883 1594 1946 1652 in
1993 1624 2073 1638 —
2114 1593 2394 1670 Gregorio
2441 1609 2626 1670 papae
2670 1609 2844 1669 super
2883 1593 3163 1652 omnibus
3214 1593 3487 1669 capitulis
3530 1592 3641 1652 sibi
3683 1592 3927 1668 objectis
3977 1591 4052 1650 de

1596 1690 1896 1751 obsidione
2073 1690 2301 1749 damnis
2327 1706 2480 1766 quae
2504 1691 2762 1749 ecclesiis
2789 1696 2849 1749 et
2876 1690 3251 1749 ecclesiarum
3275 1690 3551 1764 praelatis
3592 1689 3831 1749 fuerunt
3854 1688 4048 1762 illata,

1592 1788 1896 1847 Mantuae.
2074 1788 2334 1846 seriatim
2363 1786 2702 1861 respondet,
2733 1787 2933 1846 omnia
2960 1788 3222 1846 vicissim
3250 1786 3510 1858 diluens;
3534 1787 3884 1860 nuntiatque
3912 1799 4049 1843 cum

2072 1885 2417 1945 mandatum
2462 1901 2638 1945 suum
2684 1885 2759 1945 de
2800 1888 2964 1945 curia
3003 1883 3234 1945 Meliiae
3279 1883 3692 1962 congreganda
3742 1900 3918 1959 super
3957 1883 4051 1943 his

2073 1981 2514 2060 gravaminibus
2563 1981 2927 2058 eorrigendis
2978 1980 3157 2040 finem
3209 1997 3330 2041 non
3386 1979 3691 2053 babuerit,
3743 1996 3807 2040 se
3858 1980 4051 2039 denuo

2072 2078 2461 2139 familiaribus
2483 2080 2606 2137 suis
2633 2078 2946 2138 mandasse
2970 2084 3037 2139 ut
3062 2077 3293 2154 singula
3312 2077 3626 2154 diligenter
3647 2084 3707 2137 et
3728 2077 3900 2153 plene
3916 2082 4046 2136 stu-

2071 2176 2253 2236 deant
2276 2176 2616 2253 adimpiere.
3930 2181 4044 2233 005

1264 2281 1296 2330 7
1326 2270 1456 2331 dec.
1548 2263 1725 2340 Apud
1741 2263 1940 2324 Gratt-
1988 2305 2069 2319 —
2109 2274 2478 2334 conventum
2507 2272 2707 2332 Sancti
2727 2270 3023 2331 Lamberti
3049 2273 3113 2330 in
3135 2270 3499 2349 Grazzluppa
3522 2287 3658 2331 cum
3683 2269 4045 2343 bominibus,

2070 2370 2436 2446 pertinentiis
2460 2374 2521 2426 et
2554 2367 2723 2427 bonis
2749 2370 2881 2444 ejus
2919 2367 3031 2427 sub
3061 2384 3169 2428 sua
3195 2375 3256 2427 et
3278 2368 3506 2443 imperii
3537 2368 3891 2444 protectione
3917 2383 4046 2426 sus-

2065 2466 2230 2542 cipit.
3759 2470 3900 2535 925,
3930 2470 4045 2522 926

1263 2564 1456 2637 [anno
1539 2597 1956 2618 .......
1988 2595 2068 2608 —
2109 2561 2259 2623 Cum
2301 2575 2518 2638 magno
2556 2562 2866 2635 praeconio
2902 2559 3106 2619 scribit
3143 2561 3581 2621 Panormitanis
3621 2558 3735 2619 sibi
3775 2559 3850 2619 de
3892 2575 4048 2619 nova

1216 2658 1496 2733 exeunte]
2068 2664 2335 2720 consorte
2362 2672 2471 2716 sua
2507 2663 2706 2716 natam
2741 2672 2870 2715 esse
2895 2654 3113 2726 flliam3
3144 2673 3295 2733 quae
3335 2657 3578 2733 quidem
3614 2655 3907 2715 masculae
3947 2671 4045 2714 so·

2068 2761 2220 2820 bolis
2249 2775 2412 2835 spem
2438 2760 2828 2818 certissimam
2857 2759 3168 2834 promittit.
3929 2765 4044 2817 920

1268 2849 1445 2933 [anno
1546 2890 1956 2922 ·······
1990 2890 2068 2901 —
2110 2855 2404 2919 Omnibus
2433 2854 2771 2914 civitatibus
2796 2859 2856 2913 et
2889 2852 3162 2914 fidelibus
3190 2854 3313 2913 suis
3354 2854 3521 2932 regni
3551 2852 3781 2915 Siciliae
3804 2853 4049 2916 mandat

1216 2944 1496 3029 exeunte]
2070 2954 2231 3030 quod
2267 2951 2489 3012 faciant
2516 2953 2569 3011 ei
2602 2951 2932 3011 subsidium
2946 2993 2963 3023 ,
2995 2967 3181 3028 quum
3208 2950 3321 3011 hac
3346 2952 3477 3010 vice
3501 2966 3639 3009 cum
3675 2955 3843 3009 tanto
3878 2965 4045 3011 exer-

2069 3050 2192 3107 citu
2226 3048 2645 3107 Lombardiam
2681 3046 2908 3124 ingredi
2949 3047 3222 3123 disponat
3263 3047 3425 3124 quod
3462 3045 3766 3106 rebellium
3805 3059 4046 3109 suorum

2068 3146 2363 3222 protervia
2390 3144 2784 3203 conculcetur.
3869 3198 3878 3207 .
3928 3150 4044 3203 930

1248 3689 1462 3765 ¹231
2393 3616 2745 3707 Greqovius
2796 3617 2893 3684 IX
2938 3634 3232 3684 summus
3273 3612 3645 3707 pontiseoe:

1249 3824 1284 3874 4
1312 3823 1464 3892 sept.
1639 3810 1843 3870 Reate.
1986 3841 2068 3857 —
2108 3813 2453 3891 Reginensi,
2491 3811 2850 3883 Mutinensi,
2890 3810 3183 3870 Brixiend
3227 3807 3516 3885 episcopis
3551 3811 3613 3865 et
3654 3806 3838 3865 electo
3871 3805 4043 3865 Man-

2065 3913 2249 3969 tuano
2295 3906 2499 3968 scribit
2547 3906 2841 3985 quomodo
2883 3905 3220 3965 Fridericus
3274 3904 3678 3964 Romanorum
3733 3903 4048 3978 imperator

2066 4007 2370 4082 negotium
2397 4004 2790 4065 Lombardiae
2816 4017 2926 4061 suo
2963 4001 3207 4062 arbitrio
3231 3999 3584 4060 fiducialiter
3606 4000 3964 4059 commiserit
3986 4005 4051 4059 et

2065 4103 2424 4179 colloquium
2447 4099 2761 4178 pacificum
2783 4102 2847 4159 in
2873 4100 3142 4174 proximo
3168 4094 3462 4157 celebrare
3489 4094 3775 4155 intendat.
3926 4102 4043 4154 035

1238 4211 1311 4263 27
1341 4208 1485 4280 sept.
1637 4199 1838 4259 Reate.
1983 4229 2065 4244 —
2104 4199 2461 4260 vercellensi
2485 4203 2546 4258 et
2572 4198 2864 4258 Brixiensi
2891 4196 3182 4272 episcopis
3203 4194 3508 4269 electoque
3534 4192 3863 4251 Mantuano
3890 4192 4048 4250 scri-

2064 4295 2154 4355 bit
2178 4295 2338 4371 quod
2366 4310 2505 4355 cum
2533 4294 2868 4354 Friderlcus
2887 4334 2905 4366 ,
2935 4292 3335 4352 Romanorum
3366 4291 3703 4365 imperator,
3739 4303 3877 4347 eum
3920 4284 4047 4346 filio

2065 4397 2195 4471 ejus
2259 4400 2321 4453 et
2383 4393 2770 4453 Alemanniae
2823 4388 3190 4466 principibus
3257 4387 3616 4463 colloquium
3662 4388 3728 4446 in
3778 4384 4046 4462 partibus

2062 4488 2448 4549 Lombardiae
2481 4488 2697 4548 habere
2736 4486 3007 4547 intendat
3022 4530 3041 4560 ‚
3083 4486 3199 4562 ipsi
3236 4488 3519 4543 moneant
3553 4487 3808 4541 rectores
3845 4482 4045 4541 socie-

2060 4587 2199 4645 tatis
2228 4584 2616 4645 Lombardiae
2650 4600 2726 4644 ne
2768 4583 2912 4660 quid
2952 4580 3356 4658 impedimenti
3394 4580 3534 4640 huie
3572 4578 3864 4655 colloquio
3889 4576 4045 4637 affe-

2060 4687 2214 4741 rant·
3923 4683 3998 4734 26
4008 4684 4041 4734 ⁴1
