4842 5802
870 681 1062 744 Inuum.
1091 682 1180 763 5.]
1773 675 2167 737 nls'romA
2215 670 2802 736 DIPLOMATICA.
3561 664 3683 725 579

971 1252 1343 1337 Hem-icus
1364 1313 1390 1359 ,
1450 1250 1972 1334 Romanorum
2016 1273 2150 1331 rex
2164 1308 2189 1355 ,
2249 1255 2518 1331 notum
2571 1244 2753 1327 facit
2804 1269 2886 1328 se
2930 1242 3247 1326 minime
3289 1254 3635 1328 monetas
3657 1307 3681 1353 ,
3749 1312 3788 1357 1,
3789 1259 4090 1367 ...m‘ssmm

874 1384 1192 1496 pedagia
1234 1392 1311 1473 et
1353 1382 1689 1493 justitias
1740 1379 2070 1490 episcopi
2110 1377 2728 1490 osnaburgensis
2752 1438 2776 1483 ,
2833 1402 3031 1487 quae
3068 1402 3116 1459 a
3159 1375 3319 1460 suis
3354 1377 3688 1486 praede-
3787 1371 3817 1413 ³
3847 1368 4040 1421 ‘mm‘

877 1516 1298 1602 cessoribus
1331 1525 1585 1621 tenet,
1633 1514 1877 1596 minui
1912 1512 2107 1596 velle
2130 1575 2154 1620 ‚
2199 1513 2333 1596 sed
2367 1537 2411 1594 e
2445 1521 2711 1595 contra
2744 1511 2932 1592 haec
2967 1510 3213 1593 eidem
3256 1509 3339 1590 in
3374 1509 3693 1618 pristino

878 1659 1075 1734 statu
1122 1647 1602 1753 confirmari,
1669 1670 1825 1730 non
1889 1644 2375 1730 obstantibus
2436 1643 2708 1727 litteris
2759 1667 2956 1751 quae
3012 1667 3060 1724 a
3102 1667 3185 1725 se
3226 1641 3345 1725 vel
3391 1641 3493 1725 ab
3538 1642 3699 1725 im-

879 1789 1223 1889 peratore
1282 1790 1497 1889 patre
1559 1803 1700 1862 suo
1762 1777 1845 1859 in
1908 1775 2460 1886 praejudicium
2514 1774 2843 1884 episcopi
2906 1773 3248 1883 ejusdem
3311 1773 3697 1883 impetrari

875 1912 1279 2021 potuerint.

1045 2122 1240 2202 (Edit.
1280 2140 1377 2201 ap.
1418 2125 1666 2197 Mosnn,
1706 2120 1956 2185 ombr.
1990 2118 2217 2196 Gadi„
2248 2127 2296 2182 t.
2336 2119 2444 2194 IV,
2475 2137 2536 2199 p.
2573 2129 2711 2193 350,
2746 2122 2810 2181 in
2852 2120 2995 2182 edit.
3026 2120 3100 2181 ds
3119 2136 3274 2181 anno
3317 2128 3502 2200 1343,
3530 2124 3703 2200 cujus

1111 2229 1413 2308 exemplar
1438 2230 1703 2290 nondum
1730 2230 1980 2306 reperire
2007 2224 2358 2305 potuimus.)

976 2409 1225 2482 Datum
1259 2408 1453 2502 apud
1482 2408 2009 2500 Francbenfurt‚
2053 2426 2239 2479 anno
2272 2405 2546 2478 Domini
2586 2405 2678 2477 M.
2709 2402 2834 2476 CC.
2857 2402 3137 2494 XXXII,
3186 2402 3275 2474 111
3324 2422 3541 2475 nonas
3580 2425 3704 2476 au·

888 2532 1098 2624 gusti,
1138 2531 1516 2606 indictione
1546 2531 1632 2605 V.

997 3103 1366 3187 Henricus
1380 3164 1404 3209 ,
1473 3101 1997 3185 Romanorum
2066 3125 2238 3209 rex,
2315 3099 2761 3185 auctoritate
2812 3102 3025 3214 regia
3064 3111 3142 3185 et
3191 3129 3285 3186 ex
3345 3112 3713 3214 potestate
3770 3129 4094 3239 mamm,

900 3258 1139 3343 quam-
1162 3257 1407 3343 nuper
1441 3256 1491 3314 a
1523 3232 1906 3317 Friderico
1948 3232 2402 3340 imperatore
2443 3242 2659 3340 patre
2702 3257 2843 3316 suo
2888 3233 3207 3343 adeptus
3251 3246 3403 3343 est,
3450 3239 3713 3323 omnia
3804 3236 4062 3341 ”32:¹3³

900 3365 1288 3477 privilegia
1330 3364 1432 3448 ab
1477 3363 2078 3449 antecessoribus
2124 3363 2285 3447 suis
2327 3362 2620 3448 civibus
2667 3364 3354 3451 Wormatiensibus
3415 3369 3714 3455 indulta
3803 3348 3834 3391 ⁸
3866 3343 4059 3397 ’Μ

902 3500 1296 3583 confirmat
1316 3562 1341 3609 ,
1388 3507 1467 3584 et
1491 3497 1713 3609 jubet
1770 3523 1862 3582 ea
1923 3497 2004 3578 in
2038 3496 2311 3582 robore
2364 3497 2659 3609 absque
2690 3499 3129 3609 calumpnia
3179 3500 3261 3586 in
3321 3512 3712 3611 posterum

899 3653 1308 3716 remanere.

914 3811 921 3816 ’
1060 3843 1328 3918 (Edtder.
1371 3844 1430 3907 J.
1468 3846 1583 3908 Fu.
1621 3842 1890 3917 Momm,
1920 3837 2312 3924 Abhandlunq
2340 3858 2454 3903 von
2491 3838 2594 3901 der
2619 3839 2797 3905 Stude
2841 3842 3090 3919 Worms,
3129 3846 3415 3924 append„
3462 3865 3524 3928 p.
3559 3859 3706 3925 133,

1133 3958 1201 4011 11⁶
1236 3959 1329 4012 ιι.
1346 3950 1919 4023 -Ηωεειιυᾼπη,
1947 3945 2378 4029 Diplomatisch.
2404 3946 2616 4009 Beweis
2639 3945 2737 4009 des
2755 3946 2958 4010 hames
2992 3947 3252 4030 Habent..
3281 3957 3328 4015 t.
3353 3953 3438 4031 11,
3457 3972 3514 4034 p.
3538 3966 3611 4019 27
3621 3956 3710 4040 7.)

993 4135 1068 4207 In
1114 4134 1394 4209 nomine
1444 4144 1680 4230 sancte
1725 4144 1797 4208 et
1839 4133 2200 4209 individue
2243 4134 2612 4210 Trinitatis.
2659 4135 2996 4209 Henricus
3037 4137 3370 4233 septimus
3393 4195 3411 4228 ‚
3468 4139 3710 4218 divina

902 4255 1169 4331 favente
1223 4258 1587 4332 clementia
1646 4279 1777 4332 rex
1827 4268 1898 4330 et
1950 4278 2220 4353 semper
2277 4266 2640 4352 augustus.
2697 4259 2767 4331 Si
2819 4280 2904 4334 ea
2951 4277 3091 4355 que
3137 4283 3268 4357 per
3323 4265 3711 4339 sanctiones

902 4376 1215 4454 divorum
1262 4391 1722 4474 augustorum
1773 4381 2262 4477 imperatorum
2313 4402 2399 4454 ac
2441 4402 2682 4476 regum
2725 4383 3091 4457 salubriori
3137 4386 3421 4460 consilio
3476 4387 3709 4484 dispo·

907 4512 1196 4596 nuntur,
1256 4505 1452 4600 regio
1482 4505 1863 4601 patrocinio
1908 4502 2434 4597 confirmamus,
2484 4505 2645 4596 jura
2682 4526 2808 4578 sua
2869 4506 3060 4580 illesa
3109 4508 3392 4582 cuilibet
3437 4532 3712 4586 conser-

907 4637 1179 4716 vantes,
1230 4625 1472 4701 fideles
1515 4627 1783 4723 imperii
1825 4628 2171 4701 credimus
2220 4649 2341 4723 per
2376 4627 2510 4700 hoc
2552 4627 2644 4700 ad
2680 4630 3095 4725 promptiora
3129 4633 3465 4729 obsequia
3517 4636 3716 4711 invi-

908 4756 1156 4823 tantur.
1194 4752 1478 4824 Noverit
1524 4751 1735 4847 igitur
1768 4758 1906 4824 tam
1948 4772 2231 4848 presens
2254 4759 2402 4824 etas
2442 4773 2652 4846 qnam
2688 4773 3089 4848 successura
3125 4757 3488 4851 posteritas
3523 4761 3718 4855 quod
