4842 5802
885 563 1078 625 Imm.
1112 562 1202 641 6.]
1795 558 2193 623 HISTORIA
2243 556 2826 622 DIPLOMATICA.
3592 555 3714 619 615

1355 853 3240 869 ffim-fflm——ae-o—t—-n—

989 1133 1360 1218 Henricus
1385 1195 1409 1243 ,
1486 1135 2012 1219 Romanorum
2082 1161 2214 1218 rex
2236 1195 2261 1238 ,
2325 1133 2659 1243 capitulo
2733 1131 3193 1218 Goslariensi
3247 1134 3717 1216 advocatiam
3790 1154 4093 1264 nmssssm

887 1265 967 1346 in
1002 1265 1199 1375 Egla
1256 1278 1334 1350 et
1384 1269 1581 1350 duas
1638 1267 1828 1350 alias
1881 1268 2310 1351 advocatias
2372 1293 2568 1376 quas
2622 1292 2670 1348 a
2721 1266 2995 1350 comite
3046 1265 3455 1349 Aschariae
3512 1266 3714 1350 idem
3834 1262 4050 1317 ΜΨ*

885 1399 1310 1507 capitulum
1357 1400 1719 1508 redemit,
1754 1401 1993 1484 donat
2034 1425 2214 1484 cum
2258 1399 2472 1481 omni
2500 1397 2676 1507 jure
2711 1408 2787 1480 et
2822 1398 3079 1482 banno
3123 1408 3483 1507 perpetuo
3526 1425 3717 1509 pos-

889 1530 1274 1615 sidendas.

1042 1754 1243 1839 (mm.
1281 1760 1670 1839 numm,
1696 1759 1999 1840 Ληιεςυεε.
2027 1755 2259 1834 Poeta„
2283 1756 2586 1837 appendix
2610 1757 2718 1833 lv,
2747 1740 2811 1837 ρ’.
2844 1765 2987 1833 288,
3016 1765 3082 1819 no
3108 1755 3302 1836 xv1.)

982 1958 1064 2029 In
1099 1957 1385 2031 nomine
1433 1968 1668 2033 sancte
1722 1967 1791 2032 et
1834 1955 2201 2032 individue
2249 1957 2625 2031 Trinitatis,
2682 1956 2928 2030 Amen.
2968 1956 3328 2029 Heinricus
3355 1957 3713 2054 septimus,

896 2080 1139 2154 divina
1169 2083 1450 2155 favente
1477 2080 1843 2155 clementia
1873 2081 2338 2154 Romanorum
2375 2103 2504 2154 rex
2532 2090 2601 2155 et
2645 2102 2917 2181 semper
2949 2089 3321 2174 augustus,
3375 2081 3721 2154 universis

884 2202 957 2276 in
994 2212 1430 2300 perpetuum.
1471 2186 1623 2278 Nori
1661 2206 1885 2279 solum
1936 2204 2151 2297 utilis,
2193 2205 2320 2278 sed
2349 2205 2736 2278 necessaria
2783 2212 2888 2278 est
2932 2204 3432 2276 autenticarum
3484 2204 3713 2277 cautio

885 2329 1379 2423 scripturarum
1399 2382 1420 2420 ,
1453 2350 1592 2423 que
1618 2324 1972 2423 gestorum
2001 2328 2249 2401 seriem
2280 2326 2576 2401 fideliter
2604 2335 2968 2401 conservat
3003 2337 3072 2401 et
3105 2327 3439 2399 veraciter
3463 2348 3714 2422 repre-

888 2460 1145 2544 sentat,
1189 2453 1585 2548 iniquarum
1621 2453 1958 2526 mentium
1989 2451 2185 2526 dolos
2210 2451 2578 2525 eliminans
2604 2460 2675 2526 et
2709 2449 3081 2525 oblivionis
3106 2448 3546 2545 dispendium
3570 2471 3709 2523 non

886 2575 1283 2649 admittens.
1315 2575 1433 2649 Ad
1458 2576 1771 2650 notitiam
1804 2576 2042 2670 itaque
2060 2584 2199 2648 tam
2226 2575 2715 2649 modernorum
2742 2596 2956 2670 quam
2980 2576 3366 2647 futurorum
3390 2573 3716 2646 volumus

887 2698 1256 2793 pervenire
1285 2699 1479 2793 quod
1509 2721 1636 2773 nos
1670 2699 1761 2773 de
1809 2700 2051 2773 innata
2084 2698 2286 2772 nobis
2318 2698 2513 2790 regia
2558 2698 2965 2772 liberalitate
3005 2696 3349 2770 licentiam
3391 2696 3715 2771 dedimus

886 2822 1185 2918 capitulo
1220 2823 1636 2896 Goslariensi
1680 2833 1762 2895 ut
1806 2822 2103 2896 redimm
2147 2821 2583 2897 advocatiam
2620 2823 2693 2893 in
2727 2821 2901 2915 Egla
2937 2829 3006 2893 et
3041 2819 3216 2893 duas
3253 2820 3421 2893 alias
3453 2819 3714 2915 quibus

885 2967 1115 3021 comes
1161 2945 1493 3020 Ascharie
1549 2970 1593 3021 a
1627 2947 1832 3021 nobis
1873 2956 1942 3021 et
1992 2947 2279 3042 imperio
2318 2945 2702 3019 dinoscitur
2730 2946 3160 3035 infeudatus,
3224 2954 3293 3018 et
3346 2967 3505 3018 cum
3565 2946 3715 3042 ipse

887 3080 1022 3145 tres
1084 3070 1448 3147 advocatie
1507 3074 1621 3147 vel
1690 3074 1925 3170 aliqua
1973 3073 2279 3169 ipsarum
2325 3073 2417 3146 ab
2471 3073 2624 3168 ipso
2672 3071 2977 3145 redemte
3027 3072 3282 3145 fuerint
3339 3080 3409 3144 et
3459 3072 3712 3155 solute,

887 3194 1166 3269 easdem
1204 3196 1625 3272 donavimus
1659 3220 1822 3270 cum
1848 3198 2038 3271 omni
2069 3199 2227 3291 jure
2274 3206 2344 3269 et
2370 3197 2607 3270 banno
2639 3206 2710 3270 et
2747 3196 3184 3269 libertatibus
3223 3196 3510 3269 ecclesie
3542 3217 3718 3292 pre-

884 3317 1092 3392 libate
1138 3329 1476 3418 perpetuo
1525 3321 1862 3395 tenendas
1904 3329 1973 3394 et
2014 3319 2505 3416 possidendas,
2565 3321 2754 3416 ipsas
2800 3320 2983 3393 dicto
3029 3320 3329 3415 capitulo
3369 3319 3460 3392 de
3486 3331 3716 3392 nostra

889 3440 1361 3518 munificentia
1410 3444 1919 3519 confirmantes.
1972 3443 2382 3527 Mandamus
2430 3445 2644 3539 igitur
2688 3445 2825 3519 sub
2888 3443 3442 3517 interminatione
3494 3444 3713 3537 gratie

892 3573 1123 3638 nostre
1147 3565 1533 3644 firmissime
1569 3570 2027 3666 precipientes
2057 3590 2147 3641 ne
2180 3569 2339 3662 quis
2376 3567 2639 3642 dictum
2676 3568 3052 3663 capitulum
3090 3568 3162 3638 in
3199 3564 3551 3662 premissis
3586 3566 3712 3640 ad·

894 3687 1181 3761 vocatiis
1214 3690 1546 3787 impediat
1573 3694 1687 3766 vel
1724 3694 2022 3765 infestet.
2061 3691 2196 3777 Qui
2223 3712 2392 3763 vero
2418 3713 2632 3788 super
2655 3691 2789 3764 hoc
2824 3691 3090 3783 fecerit,
3136 3690 3268 3761 XX
3314 3688 3526 3762 libras
3563 3690 3713 3762 auri

889 3812 1269 3906 persolvat,
1308 3838 1605 3910 quarum
1641 3816 2079 3890 medietatem
2108 3813 2273 3888 fisco
2308 3824 2541 3888 nostro
2580 3823 2649 3887 et
2683 3815 2965 3890 alteram
2997 3821 3262 3909 partem
3299 3813 3560 3909 prefate
3593 3834 3715 3886 eo-

890 3934 1099 4009 clesie
1134 3939 1460 4013 volumus
1496 3940 1851 4037 applicari.

985 4062 1219 4136 Testes
1270 4072 1433 4137 sunt
1481 4063 1579 4136 hii
1614 4090 1631 4134 ι
1677 4063 1972 4139 sifridus
2016 4064 2463 4158 Moguntinus
2502 4074 2571 4138 et
2620 4062 3084 4136 Theodericus
3136 4063 3556 4138 Trevirensis
3590 4084 3719 4135 ar-

892 4182 1349 4284 chiepiscopi,
1368 4188 1474 4260 fl.
1521 4188 2031 4283 Herbipolensis
2061 4188 2466 4284 episcopus,
2528 4240 2548 4260 .
2613 4241 2629 4260 .
2691 4241 2709 4259 .
2765 4185 3127 4259 Fuldensis
3162 4196 3232 4261 et
3271 4183 3500 4260 Sancti
3548 4184 3719 4258 Galli

895 4481 1220 4543 Boebmerus
1250 4486 1588 4561 privilegium
1623 4488 1787 4547 Hallis
1822 4488 2006 4547 datum
2030 4488 2221 4547 fuisse.
2259 4487 2413 4547 Unde
2450 4437 2692 4561 sequitur
2728 4490 2792 4543 ut
2834 4487 2977 4545 idem
3012 4487 3068 4544 in
3105 4487 3242 4546 serie
3276 4473 3719 4548 documentorum

896 4581 1093 4640 mensis
1114 4582 1250 4656 junii
1291 4584 1622 4658 inseramus,
1649 4587 1781 4644 dum
1814 4587 1966 4644 locus
2002 4586 2203 4660 optime
2245 4584 2421 4643 itineri
2459 4584 2600 4659 regis
2624 4584 2694 4642 ab
2718 4584 2997 4660 Bsslingen
3027 4585 3102 4643 ad
3128 4592 3310 4659 partes
3337 4571 3724 4686 Norimbergae

906 4679 1230 4739 transeuntis
1256 4684 1559 4741 conveniat.
1588 4682 1668 4742 Ct'.
1696 4682 2116 4742 &wimilabure
2134 4682 2355 4755 setteka,
2375 4699 2469 4757 ap.
2493 4681 3025 4757 numantiam,
3045 4684 3441 4758 p.1.xxxvn.
3603 4707 3606 4710 ’
