4842 5802
1187 621 1309 683 868
2193 621 2622 686 rmnssmcl
2671 620 3022 682 suenum
3622 622 3785 705 [An.
3821 625 3993 688 1236.

1287 752 1639 852 [Sequitur
1693 757 1784 831 de
1828 759 2042 833 verbo
2095 760 2187 834 ad
2227 760 2518 834 verbum
2566 757 3006 853 privilegium
3049 756 3288 829 datum
3342 759 3531 853 apud
3570 760 3993 854 Nuenburg‚

1187 878 1283 952 28
1312 880 1617 971 januarii
1647 883 1771 956 ⁴2⁴
1792 886 1880 973 53
1913 884 2104 977 quod
2131 906 2340 980 supra
2371 881 2785 969 videndum,
2818 891 2868 952 t.
2903 881 2965 971 1,
3005 904 3079 975 p.
3113 877 3316 978 357.]

1283 1001 1422 1075 Nos
1467 1003 1677 1097 igitur
1708 1004 1979 1078 devotis
2020 1006 2642 1102 supplicationibus
2681 1003 2970 1098 predicti
3022 1002 3294 1076 abbatis
3335 1026 3456 1099 pro
3502 1027 3580 1077 se
3606 1016 3676 1078 et
3704 1008 3996 1081 ecclesia

1185 1146 1313 1197 sua
1342 1126 1649 1198 Portensi
1685 1129 2145 1202 favorabiliter
2178 1130 2514 1219 inclinati,
2551 1149 2675 1224 pro
2705 1125 3014 1199 remedio
3049 1127 3279 1200 anime
3310 1137 3540 1201 nostre
3574 1139 3645 1201 et
3676 1128 3995 1203 divorum

1184 1250 1700 1343 progenitorum
1752 1261 2138 1324 nostrorum
2194 1253 2681 1349 imperatorum
2728 1260 2796 1323 et
2834 1271 3077 1342 regum
3123 1250 3506 1345 predictum
3555 1251 3995 1346 privilegium

1184 1373 1531 1446 indultum
1599 1377 2006 1448 monasterio
2072 1376 2424 1471 sepedicto
2478 1385 2782 1469 tempore
2841 1375 3037 1468 regni
3096 1374 3303 1446 nostri
3356 1374 3582 1447 eidem
3637 1375 3869 1448 abbati
3906 1385 3995 1449 ¹et

1183 1495 1509 1567 fratribus
1543 1497 1886 1570 Portensis
1920 1500 2205 1573 ecclesie
2232 1498 2322 1571 de
2358 1499 2785 1594 plenitudine
2828 1498 3202 1593 imperialis
3233 1497 3451 1593 gratie
3480 1497 3988 1573 confirmamus.

1183 1618 1364 1690 Nulli
1416 1639 1581 1712 ergo
1630 1621 1911 1693 omnino
1945 1622 2303 1695 hominum
2360 1620 2562 1695 liceat
2605 1621 2785 1693 hanc
2829 1620 3128 1693 divalem
3181 1620 3714 1694 confirmationis
3762 1631 3994 1696 nostre

1185 1741 1505 1835 paginam
1553 1742 1925 1835 infringere
1971 1745 2084 1815 vel
2134 1745 2198 1816 ei
2249 1767 2421 1816 ausu
2468 1745 2826 1818 temerario
2870 1743 3178 1815 obviare.
3223 1734 3426 1828 Quod
3459 1744 3579 1837 qui
3624 1765 3995 1840 presump-

1184 1865 1352 1938 serit
1383 1865 1453 1936 in
1489 1865 1862 1938 vindictam
1894 1868 2288 1940 temeritatis
2323 1890 2448 1941 sue
2485 1878 2757 1940 centum
2794 1889 3055 1939 marcas
3086 1867 3237 1939 auri
3274 1878 3662 1963 componat,
3699 1891 3990 1963 quarum

1186 1987 1414 2061 media
1456 2010 1615 2083 pars
1651 2010 1920 2064 camere
1950 2001 2204 2078 nostre,
2246 1992 2510 2086 reliqua
2551 2012 2718 2064 vero
2765 1992 2984 2086 passis
3021 1992 3343 2082 injuriam
3381 1992 3829 2085 persolvatur.
3882 1992 3993 2065 Ad

1180 2113 1392 2204 hujus
1441 2113 1674 2206 itaque
1733 2113 2266 2188 confirmationis
2315 2124 2544 2187 nostre
2590 2115 2985 2187 memoriam
3036 2122 3106 2187 et
3164 2114 3371 2185 robur
3423 2126 3758 2210 perpetuo
3801 2117 3992 2188 vali-

1182 2248 1457 2322 turum,
1519 2257 1801 2331 presens
1852 2238 2293 2333 privilegium
2341 2236 2490 2311 fieri
2537 2247 2607 2310 et
2659 2238 2884 2331 sigillo
2940 2249 3170 2310 nostre
3219 2238 3645 2311 celsitudinis
3702 2240 3991 2311 fecimus

1178 2362 1523 2456 insigniri.

1274 2487 1496 2578 Hujus
1531 2495 1761 2559 autem
1811 2486 1910 2558 rei
1955 2494 2161 2558 testes
2204 2495 2365 2556 sunt
2401 2511 2419 2554 ε
2460 2485 2888 2559 venerabiles
2918 2485 3338 2557 Eckebertus
3370 2486 3983 2580 Babenbergensis,

1185 2664 1204 2682 .
1237 2665 1252 2681 .
1285 2664 1302 2681 .
1341 2610 1796 2697 Pataviensis,
1831 2609 2067 2681 Siboto
2104 2606 2564 2701 Augustensis
2595 2608 2924 2703 episcopi,
2956 2609 3113 2680 Otto
3143 2629 3377 2681 comes
3404 2609 3746 2704 palatinus
3775 2610 3988 2683 Rheni

1178 2742 1247 2806 et
1307 2733 1458 2805 dux
1511 2733 1865 2824 Bavvarie,
1931 2786 1949 2803 .
1981 2786 1999 2803 .
2030 2787 2048 2804 .
2109 2733 2535 2826 lantgravius
2578 2732 2989 2826 Thuringie,
3051 2731 3404 2805 Conradus
3448 2733 3858 2826 burgravius
3902 2734 3991 2807 de

1176 2857 1635 2948 Nuerinberc‚
1684 2911 1701 2929 .
1738 2910 1755 2926 .
1787 2913 1803 2928 .
1850 2855 2306 2950 burcgravius
2340 2855 2992 2951 Magdeburgensis,
3028 2856 3382 2929 Conradus
3432 2857 3521 2930 de
3557 2857 3981 2950 Tannerode,

1178 2981 1525 3053 Gotsridus
1560 2980 1650 3053 de
1689 2980 2082 3053 Hohenloch
2130 3002 2359 3053 comes
2393 2982 2828 3072 Romaniole,
2865 2981 3246 3054 Fridericus
3291 2980 3380 3052 de
3417 2980 3982 3075 Truhendingen,

1179 3104 1600 3175 Gunzelinus
1648 3104 1736 3176 de
1786 3104 2300 3195 Wolfterbutel‚
2351 3104 2706 3177 Conradus
2759 3108 3082 3199 pincerna
3115 3105 3205 3177 de
3237 3103 3710 3190 Wintherstet‚
3763 3113 3834 3176 et
3868 3106 3984 3177 alii

1181 3228 1644 3322 quamplures.

1277 3351 1560 3444 Signum
1611 3350 1874 3424 domini
1926 3351 2136 3424 nostri
2174 3350 2505 3423 Friderici
2550 3349 2875 3442 secundi,
2929 3350 3052 3423 Dei
3096 3351 3310 3444 gratia
3370 3349 3800 3422 invictissimi
3849 3352 3984 3424 Ro-

1188 3495 1549 3547 manorum
1593 3475 2018 3570 imperatoris
2052 3495 2320 3569 semper
2366 3473 2679 3566 augusti,
2714 3474 3083 3545 Jerusalem
3119 3484 3186 3545 et
3221 3473 3452 3545 Sicilie
3485 3473 3688 3566 regis.
3731 3470 3987 3570 (Mono-

1175 3600 1537 3695 qramma.)

1272 3722 1444 3794 Acta
1505 3731 1668 3793 sunt
1730 3721 1858 3792 hec
1924 3742 2107 3792 anno
2171 3719 2515 3793 dominice
2576 3720 3062 3792 incarnationis
3109 3719 3278 3791 MCC
3336 3719 3677 3791 tricesimo
3740 3728 3979 3810 sexte,

1177 3867 1411 3917 mense
1449 3845 1661 3936 junii,
1708 3866 1889 3917 none
1937 3843 2368 3933 indictionis,
2419 3843 2802 3938 imperante
2846 3843 3126 3916 domino
3171 3853 3403 3915 nostro
3452 3843 3813 3915 Frederico
3861 3863 3985 3914 se-

1178 3967 1443 4058 cund0‚
1503 3969 1627 4039 Dei
1681 3969 1901 4062 gratia
1954 3969 2411 4040 Romanorum
2462 3967 2865 4061 imperatore
2908 3989 3179 4063 semper
3226 3976 3560 4058 augusto,
3607 3966 3985 4037 Jerusalem

1178 4101 1247 4165 et
1295 4092 1526 4164 Sicilie
1571 4112 1767 4184 rege,
1823 4091 2111 4163 Romani
2167 4090 2435 4184 imperii
2481 4092 2629 4180 ejus
2679 4111 2860 4162 anno
2902 4090 3191 4184 septimo
3244 4089 3547 4179 decimo,
3609 4088 3981 4160 Jerusalem

1180 4216 1584 4305 undecimo,
1623 4215 1816 4308 regni
1852 4235 2017 4286 vero
2048 4216 2198 4306 ejus
2232 4214 2461 4285 Sicilie
2488 4210 2831 4286 tricesimo
2877 4214 3167 4309 septimo
3218 4210 3278 4307 (l
3295 4212 3349 4308 )‚
3390 4210 3693 4284 feliciter.
3732 4210 3974 4283 Amen.

1275 4341 1524 4412 Datum
1559 4338 1748 4435 apud
1790 4338 2146 4429 Werdam,
2186 4358 2397 4428 anno,
2437 4357 2696 4427 mense,
2740 4335 3111 4410 indictione
3154 4334 3570 4432 prescriptis.

1251 4721 1318 4797 (4)
1354 4722 1437 4780 Ab
1464 4723 1569 4780 hoc
1585 4723 1735 4796 Junio
1764 4738 1951 4782 mense
1979 4736 2154 4781 annus
2178 4721 2324 4796 regni
2354 4721 2561 4780 Siciliae
2585 4722 2885 4780 tricesimus
2911 4738 3084 4780 nonus
3096 4723 3211 4796 Jam
3235 4722 3442 4779 initium
3465 4725 3788 4795 sumpserat.
