4842 5802
1174 617 1299 680 950
2274 611 2893 674 ADDITAMENTA.

1176 749 1558 824 decembris
1600 750 1963 845 imperator
1993 768 2152 819 cum
2197 746 2440 837 maJori
2473 756 2666 841 parte
2707 747 3056 821 exercitus
3089 746 3200 818 sui
3249 746 3321 817 in
3366 743 3793 818 Alemaniam
3831 765 3989 839 pro-

1173 873 1441 968 peravit
1475 870 1573 967 (a)
1608 881 1885 967 propter
1920 871 2167 946 ducem
2196 870 2474 943 Austrie
2505 871 2627 964 qui
2659 871 2723 943 ei
2753 871 2845 967 (b)
2879 869 3275 945 rebellabat.

1607 1179 1680 1190 ,ι-
1695 1179 1976 1187 --——-—--—-
1991 1180 2064 1187 ---
2074 1179 2167 1187 —0--
2179 1178 2372 1187 ———-
2938 1175 3570 1188 “·—-—-——--—.-..-

834 1461 1099 1569 affl,
1291 1453 1659 1535 Henricus
1675 1514 1697 1555 ,
1748 1451 2263 1535 Romanorum
2314 1479 2484 1559 rex,
2527 1454 2627 1534 ad
2662 1453 3287 1561 supplicationem
3325 1448 3761 1533 Theoderici
3796 1447 3996 1528 Tre-

816 1571 843 1610 ὃ
868 1570 1121 1611 novembri·

911 1624 1030 1665 12³1.
1188 1587 1521 1669 verensis
1575 1584 2150 1693 archiepiscopi,
2202 1585 2658 1668 monasterio
2704 1586 2798 1666 de
2833 1586 3346 1666 Hemmenrod
3398 1582 3790 1666 ecclesiam
3846 1578 4000 1662 Al-

1195 1733 1466 1828 truppe
1501 1719 1792 1802 confert
1842 1744 2018 1802 cum
2073 1720 2432 1803 omnibus
2479 1719 2949 1827 pertinentiis
2995 1718 3159 1827 ejus
3194 1728 3271 1800 et
3315 1717 3489 1826 jure
3525 1724 3996 1825 patronatus,

1355 1929 1475 2008 (Cf.
1515 1947 1725 2007 supra,
1755 1947 1816 2005 p.
1862 1939 2003 1991 537.
2035 1931 2413 2008 Privilegium
2456 1930 2745 1990 ineditum
2785 1947 2947 1990 nunc
2987 1932 3283 2008 integrum
3320 1930 3534 1989 damus
3571 1945 3642 1988 ex
3685 1926 4007 2002 exemplari

1431 2039 1602 2113 cujus
1628 2035 1797 2095 nobis
1825 2034 2143 2095 liberaliter
2177 2037 2404 2111 copiam
2434 2035 2573 2095 fecit
2596 2035 2976 2095 Boehmerus.
3010 2036 3195 2096 Adest
3219 2038 3281 2095 in
3315 2030 3645 2095 char-tutan
3676 2033 4001 2092 Hemmenr.

1433 2143 1507 2202 de
1534 2158 1673 2202 ann.
1710 2150 1887 2218 1345,
1923 2141 2041 2202 vol.
2076 2143 2192 2215 111,
2223 2141 2326 2202 fol.
2362 2151 2462 2214 50,
2492 2159 2587 2218 ap.
2619 2140 2889 2202 biblioth.
2921 2138 3383 2219 Treverensem.)

1292 2328 1649 2401 Heinricus
1721 2326 2056 2421 septimus
2076 2379 2099 2417 ,
2154 2324 2396 2398 divina
2462 2326 2738 2397 favente
2799 2327 3161 2399 clementia
3217 2327 3674 2398 Romanorum
3757 2344 3886 2395 rex
3942 2331 4013 2394 et

1198 2475 1471 2549 semper
1516 2461 1880 2545 augustus,
1923 2450 2268 2523 universis
2306 2452 2841 2545 imperpetuum.
2879 2450 3057 2535 Quia
3090 2449 3512 2522 desiderium
3560 2457 3869 2522 nostrum
3911 2455 4015 2519 est

1200 2580 1489 2652 dilatare
1538 2575 1854 2649 redditus
1898 2575 2386 2667 ecclesiarum,
2439 2596 2562 2669 pre
2608 2574 2850 2647 ceteris
2897 2584 3124 2649 tamen
3169 2575 3524 2647 ecclesiam
3569 2570 4015 2644 Hemminrod

1202 2702 1484 2797 speciali
1532 2699 2007 2795 amplectimur
2056 2697 2419 2770 dilectione
2455 2698 2546 2770 ob
2591 2698 3102 2792 religiositatem
3148 2698 3463 2791 ejusdem
3514 2697 3804 2769 ecclesie
3846 2715 4016 2789 per-

1200 2847 1552 2898 sonarum.
1591 2822 2073 2895 Meminuerint
2106 2822 2318 2913 igitur
2343 2831 2694 2916 presentes
2719 2831 2787 2894 et
2818 2823 3056 2913 futuri,
3089 2822 3282 2919 quod
3316 2843 3464 2912 nos,
3498 2822 3589 2895 ad
3620 2819 4017 2915 petitionem

1207 2948 1436 3021 dilecti
1471 2946 1797 3043 principis
1841 2946 2052 3017 nostri
2102 2945 2228 3016 Th.
2287 2947 2726 3018 Treverensis
2771 2947 3309 3042 archiepiscopi,
3360 2945 3647 3018 ecclesie
3692 2946 4022 3039 Hymme·

1207 3072 1483 3145 rodensi
1540 3070 1957 3141 contulimus
2002 3068 2362 3140 ecclesiam
2403 3067 2740 3165 Altruppe
2774 3069 2881 3166 (l)
2920 3092 3080 3142 cum
3125 3071 3307 3143 omni
3340 3072 3498 3161 jure
3534 3070 3748 3141 libere
3781 3078 4020 3141 tenen-

1209 3195 1369 3267 dam
1407 3204 1475 3267 et
1507 3193 1740 3286 quiete
1779 3190 2302 3286 possidendam,
2354 3200 2495 3262 tam
2543 3193 2614 3263 in
2652 3195 2864 3289 pratis
2896 3216 3107 3288 quam
3141 3195 3214 3264 in
3248 3193 3443 3265 silvis
3474 3203 3543 3265 et
3569 3193 3640 3264 in
3677 3193 3913 3287 aqum,
3953 3206 4025 3265 et

1209 3320 1428 3413 ipsam
1471 3317 1829 3389 ecclesiam
1872 3336 2033 3387 cum
2074 3316 2227 3407 jure
2262 3326 2662 3411 patronatus
2707 3319 2840 3414 ipsi
2888 3318 3177 3391 ecclesie
3223 3340 3317 3390 ex
3368 3317 3804 3415 providentia
3849 3337 4023 3388 con-

1208 3444 1343 3516 silii
1391 3442 1602 3513 nostri
1650 3440 1984 3513 duximus
2023 3439 2592 3514 confirmandam.
2645 3443 2733 3514 Ut
2789 3452 3021 3515 autem
3068 3443 3198 3516 bec
3258 3451 3487 3515 nostra
3547 3441 3831 3515 donatio
3879 3450 4021 3513 rata

1209 3574 1639 3662 permaneat,
1687 3585 1815 3636 nec
1858 3563 2147 3656 alicujus
2194 3564 2554 3638 dolositate
2601 3566 2984 3658 cavilletur,
3034 3565 3446 3640 mandamus
3488 3576 3560 3639 et
3609 3565 4025 3660 precipimus

1208 3693 1342 3764 sub
1387 3688 1932 3761 interminatione
1963 3688 2181 3781 gratie
2220 3697 2484 3778 nostre,
2527 3699 2607 3760 ut
2648 3692 2880 3762 nullus
2914 3691 3004 3763 sit
3037 3691 3157 3784 qui
3200 3689 3367 3762 hnic
3406 3700 3635 3762 nostre
3670 3688 4021 3763 donationi

1212 3809 1466 3884 audeat
1504 3808 1838 3880 malitiose
1884 3807 2194 3881 obviare.
2233 3807 2435 3892 Quod
2467 3809 2589 3902 qui
2629 3810 2863 3882 fecerit
2888 3864 2908 3900 ,
2944 3810 3445 3904 omnipotentis
3480 3809 4021 3903 indignationem

1212 3942 1281 4005 et
1314 3942 1612 4005 nostram
1649 3953 1725 4003 se
1758 3931 2026 4002 noverit
2062 3932 2455 4004 incurrisse.

1312 4057 1558 4127 Datum
1593 4053 1780 4149 apud
1809 4053 2218 4147 Augustam,
2256 4077 2441 4128 anno
2478 4054 2822 4128 dominice
2858 4055 3347 4129 incarnationis
3374 4057 3737 4131 millesimo
3764 4056 4025 4131 ducen-

1216 4180 1458 4253 tesimo
1488 4177 1830 4250 tricesimo
1856 4176 2102 4271 primo,
2138 4179 2339 4251 nonis
2371 4179 2793 4271 novembris,
2831 4179 3208 4254 indictione
3236 4181 3319 4254 V.

1299 4357 1380 4436 (α)
1426 4358 1496 4417 In
1526 4356 1726 4417 codiee
1740 4356 2104 4435 preparavit.

1294 4463 1372 4541 (b)
1418 4465 1487 4524 In
1511 4464 1711 4523 codlee
1737 4462 1840 4525 eis.

1220 4632 1418 4642 -Μ

1295 4726 1368 4799 (l)
1405 4725 1616 4782 Scilicet
1637 4722 1874 4795 Aleripp,
1900 4721 1967 4778 ad
1995 4720 2263 4778 sinistram
2285 4720 2456 4778 Rheni
2483 4721 2654 4796 ripam
2675 4723 2811 4780 inter
2838 4722 3051 4796 Spiram
3075 4730 3132 4781 et
3151 4722 3474 4781 Mannbeim.
