4842 5802
825 582 1019 643 lxmcr.
1050 582 1137 659 5.]
1723 579 2115 642 HISTORIA
2165 577 2750 641 DIPLOMATch.
3537 579 3661 642 569

826 716 1328 789 ordinationem
1362 722 1435 786 et
1468 712 1883 787 divisionem
1914 715 2254 787 bonorum
2300 713 2588 787 ecclesie
2623 712 2957 809 prelibato
3000 711 3374 805 infringere
3405 711 3660 786 audeat

827 848 946 911 aut
962 839 1379 933 cujusquam
1407 836 1673 930 ingenii
1692 838 2021 932 scrupulo
2051 848 2467 933 permutare.
2492 836 2695 920 Quod
2715 837 2839 930 qui
2875 836 3100 909 facere
3123 835 3652 930 presumpserit,

828 961 1377 1056 indignationem
1407 960 1535 1033 Dei
1583 960 2073 1055 omnipotentis
2120 969 2491 1052 nostreque
2542 958 2969 1032 celsitudinis
3013 956 3492 1052 gravissimam
3535 959 3656 1053 of-

828 1085 1089 1158 fensam
1124 1106 1202 1158 se
1237 1084 1508 1159 noverit
1543 1084 2010 1155 incursurum.
2050 1083 2165 1157 Ad
2197 1084 2408 1175 hujus
2433 1083 2667 1178 itaque
2696 1083 2856 1155 facti
2879 1082 3090 1154 nostri
3111 1102 3482 1177 perennem
3506 1102 3653 1154 me-

824 1210 1112 1283 moriam
1152 1218 1223 1282 et
1268 1209 1583 1283 stabilem
1620 1206 2008 1280 firmitatem
2037 1263 2055 1295 ‚
2115 1228 2396 1303 presens
2438 1205 2696 1279 exinde
2728 1205 3064 1278 conscribi
3102 1205 3546 1302 privilegium
3585 1215 3656 1278 et

825 1332 1047 1426 sigillo
1081 1344 1324 1405 nostro
1348 1332 1685 1424 jussimus
1707 1331 2045 1425 insigniri.

919 1455 1169 1529 Actum
1219 1455 1408 1551 apud
1462 1456 1848 1548 Augustam
1873 1508 1894 1545 ‚
1949 1475 2136 1527 anno
2201 1452 2546 1527 dominice
2614 1452 3104 1526 incarnationis
3165 1451 3648 1543 MCCXXXH,

827 1579 949 1653 XV
978 1579 1315 1654 kalendas
1331 1580 1509 1674 junii
1529 1633 1552 1666 ,
1590 1577 1966 1652 indictione
1991 1577 2077 1651 V.

3072 1866 3185 1878 -α-

937 2135 1309 2219 Henricus
1324 2197 1348 2243 ,
1388 2134 1908 2218 Romanorum
1946 2159 2109 2240 rex,
2168 2131 2426 2214 abbati
2464 2142 2539 2215 et
2572 2134 2972 2216 conventui
3035 2132 3354 2216 Sanctae
3393 2134 3656 2217 Crucis
3768 2149 3979 2247 wssffi„
3990 2233 4007 2257 .

841 2268 1038 2376 apud
1090 2266 1605 2351 Donauwerth
1649 2265 1994 2348 concedit
2035 2275 2124 2347 ut
2181 2264 2527 2347 minister
2588 2264 2734 2347 loci
2787 2264 3128 2373 ejusdem
3175 2264 3350 2373 jure
3402 2266 3658 2350 debito
3790 2260 3846 2301 ²⁴
3867 2259 3994 2302 Μ’·

843 2401 1045 2509 quod
1105 2400 1384 2482 dicitur
1442 2405 1885 2507 Voqetmuete
1944 2395 2216 2480 debeat
2276 2423 2442 2479 esse
2502 2406 2901 2479 contentus
2962 2405 3037 2478 et
3097 2422 3661 2506 quemcumque

844 2555 934 2612 ex
968 2530 1310 2614 officiatis
1364 2530 1660 2639 imperii
1696 2529 2109 2633 voluerint,
2174 2528 2319 2611 sibi
2356 2528 2643 2639 eligant
2687 2528 2768 2608 in
2804 2526 3022 2610 defen
3032 2553 3321 2635 sorem3
3363 2529 3663 2639 aliaque

842 2660 1009 2770 jura
1046 2690 1092 2746 a
1126 2662 1832 2772 praedecessoribus
1871 2662 2029 2744 suis
2084 2661 2383 2744 indulta
2417 2661 2703 2744 eisdem
2739 2659 3166 2744 confirmat.

1000 2875 1191 2956 (Edit.
1221 2893 1323 2955 ap.
1351 2875 1623 2939 Menum.
1653 2876 1838 2954 Βαίου
1867 2881 1917 2937 t.
1943 2875 2108 2952 XVI,
2138 2892 2200 2954 p.
2236 2884 2336 2951 35,
2365 2878 2430 2937 ln
2456 2875 2712 2937 Monam.
2763 2872 3088 2956 werden-r.)

935 3062 1298 3136 Heinricus
1349 3062 1686 3157 septimus
1730 3061 1854 3134 Dei
1889 3061 2120 3154 gracia
2155 3061 2621 3135 Romanorum
2664 3081 2794 3133 rex
2830 3071 2899 3133 et
2950 3081 3222 3156 semper
3277 3071 3614 3157 augustus
3639 3117 3661 3153 ‚

846 3188 1184 3261 universis
1220 3188 1498 3284 imperii
1535 3186 1858 3261 fidelibus
1891 3208 2178 3284 presens
2213 3188 2545 3283 scriptum
2594 3186 3004 3282 inspecturis
3046 3188 3333 3282 gratiam
3371 3210 3567 3261 suam
3601 3197 3671 3262 et

843 3331 1040 3383 omne
1061 3311 1351 3383 bonum.
1387 3312 1625 3383 Vestre
1648 3311 2027 3383 innotescat
2051 3310 2484 3384 universitati
2510 3310 2699 3405 quod
2730 3331 2773 3381 a
2797 3307 3397 3405 predecessoribus
3423 3297 3671 3383 nostris

845 3431 1301 3504 Romanorum
1338 3432 1863 3528 imperatoribus
1888 3442 1959 3506 et
2004 3434 2286 3524 regibus
2314 3432 2724 3505 monasterio
2754 3432 3001 3504 Sancte
3033 3431 3267 3504 Crucis
3304 3432 3375 3503 in
3412 3432 3670 3506 Werda

850 3564 921 3627 et
944 3554 1177 3626 abbati
1209 3566 1278 3627 et
1307 3556 1675 3628 conventui
1710 3557 1840 3628 loci
1867 3555 2180 3649 ejusdem
2212 3556 2545 3628 hactenus
2570 3566 2674 3629 est
2705 3576 3102 3627 concessum
3131 3553 3322 3648 quod
3360 3554 3673 3647 ministro

845 3677 984 3749 loci
1022 3678 1329 3770 ejusdem
1359 3688 1429 3753 et
1454 3681 1741 3776 insuper
1767 3680 1939 3751 nulli
1954 3680 2313 3752 hominum
2340 3679 2546 3751 licere
2578 3675 2830 3750 debeat
2860 3677 3050 3772 quod
3078 3699 3120 3748 a
3143 3677 3404 3749 colonis
3432 3700 3670 3752 eorum

845 3799 1083 3894 aliqua
1117 3801 1407 3898 accipiat
1443 3803 1789 3899 stipendia
1809 3856 1830 3895 ,
1863 3812 1985 3875 aut
2009 3802 2192 3874 bona
2222 3799 2534 3893 ejusdem
2569 3800 2962 3872 monasterii
2997 3799 3368 3872 destituere
3401 3802 3514 3873 vel
3554 3802 3673 3874 in·-

847 3925 1126 3998 stituere
1150 3926 1503 4021 aliquibus
1527 3928 1872 4023 personis,
1911 3938 2035 4000 aut
2067 3927 2141 3999 in
2172 3946 2502 4028 personas
2528 3923 2805 3997 easdem
2845 3932 2965 3995 aut
2998 3924 3233 4018 aliqua
3258 3923 3441 3996 bona
3479 3926 3542 4017 ej
3553 3948 3667 3997 us·

850 4046 1005 4120 dem
1039 4050 1442 4123 monasterii
1484 4072 1807 4123 exercere
1848 4049 2194 4123 indebitas
2249 4049 2646 4122 exactiones
2672 4103 2692 4142 ,
2753 4047 2879 4122 sed
2925 4056 3189 4120 tantum
3237 4049 3396 4140 jure
3435 4049 3669 4124 debito

849 4170 1035 4264 quod
1067 4171 1140 4243 in
1184 4173 1457 4268 vulgari
1486 4174 1937 4268 Vogetmuete
1977 4173 2233 4246 dicitur
2282 4173 2536 4247 debeat
2572 4194 2723 4246 esse
2759 4181 3158 4264 contentus3
3216 4171 3407 4267 quod
3455 4173 3670 4267 ipsius

850 4296 1243 4368 monasterii
1294 4295 1660 4370 advocatia
1708 4318 1847 4371 non
1883 4296 2131 4370 debeat
2162 4297 2252 4369 ab
2288 4296 2575 4392 imperio
2615 4296 3049 4391 aliquatenus
3083 4296 3369 4368 alienari
3412 4297 3522 4368 vel
3560 4320 3670 4370 se-

849 4419 1209 4510 questrari.
1249 4419 1420 4491 Item
1462 4419 1632 4515 ipsis
1672 4429 1777 4493 est
1815 4441 2220 4493 concessum
2252 4428 2329 4491 ut
2366 4441 2876 4515 quemcumque
2922 4441 3014 4492 ex
3047 4418 3359 4491 officiatis
3403 4419 3670 4515 imperii

853 4540 1219 4633 voluerint,
1256 4543 1391 4615 sibi
1421 4543 1677 4635 eligant
1700 4544 1771 4616 in
1790 4543 2319 4638 gubernatorem
2348 4552 2414 4616 et
2433 4543 2864 4616 defensorem
2891 4541 3252 4616 advocatie
3275 4547 3670 4619 monasterii

858 4666 1244 4756 memorati,
1287 4666 1482 4760 quod
1512 4667 1628 4741 ille
1652 4691 1790 4743 non
1823 4667 2073 4742 debeat
2101 4667 2271 4766 ipsis
2304 4668 2372 4740 in
2410 4668 2720 4765 personis
2760 4667 3051 4765 propriis
3103 4676 3222 4739 aut
3254 4668 3674 4762 quibuslibet

1047 4788 1155 4850 lV.
1195 4803 1308 4846 1³⁸1·
1334 4805 1381 4847 2.
3279 4799 3355 4851 72
