4842 5802
865 622 1066 683 nemer.
1098 615 1184 702 η
1770 612 2169 675 msronm
2217 610 2804 673 mnoMA'rch.
3541 607 3689 670 »643

863 750 1243 847 imperialis
1282 750 1438 822 aule
1481 748 1886 821 cancellario
1924 748 2015 821 de
2051 746 2293 843 predio
2327 768 2457 819 suo
2494 747 2567 818 in
2615 748 2850 818 Husen
2878 766 3005 817 sex
3037 744 3370 816 librarum
3405 742 3688 837 Augus-

863 874 1075 948 tensis
1110 879 1386 944 monete
1410 870 1726 943 redditus
1750 870 2128 964 resignavit
2161 879 2229 943 et
2266 872 2336 941 in
2373 870 2718 964 presentia
2745 878 2975 941 nostra
3008 866 3462 958 contradidit3
3508 889 3686 961 quos

867 997 956 1071 de
992 1019 1205 1070 manu
1242 1017 1368 1068 sua
1397 1016 1523 1090 pro
1557 994 1761 1067 feodo
1803 995 2092 1090 recepit,
2147 995 2242 1068 ita
2276 994 2525 1088 quod
2507 1016 2657 1089 ipse
2702 1003 2771 1066 et
2821 992 3114 1065 heredes
3164 992 3274 1063 sui
3329 1013 3371 1064 a
3424 992 3686 1084 prefato

866 1123 1186 1242 episcopo
1218 1130 1285 1229 et
1310 1143 1354 1193 a
1387 1119 1899 1192 successoribus
1920 1121 2066 1227 suis
2103 1118 2384 1231 eosdem
2413 1118 2728 1197 redditus
2749 1117 2997 1217 feodali
3020 1119 3176 1209 jure
3200 1114 3502 1201 debeant
3523 1136 3685 1211 pos-

866 1224 1115 1318 sidere.
1161 1247 1248 1317 Et
1281 1255 1360 1316 ut
1384 1244 1513 1341 hec
1548 1253 1697 1316 rata
1726 1253 1794 1316 et
1827 1242 2019 1351 firma
2059 1212 2542 1338 permaneant,
2581 1243 2798 1341 sigilli
2835 1242 3046 1313 nostri
3075 1222 3500 1365 appositione
3520 1261 3686 1339 pre·
3777 1256 3784 1263 ’

867 1378 1127 1441 sentem
1163 1364 1484 1465 paginam
1521 1354 1811 1439 fecimus
1838 1356 2270 1438 communiri.

962 1494 1212 1563 Datum
1249 1488 1775 1625 Franchenfurt,
1813 1490 1969 1562 XIII
2013 1480 2342 1564 kalendas
2379 1454 2652 1595 marcii,
2692 1487 3068 1559 indictione
3093 1450 3403 1627 septima.

2220 1828 2542 1837 -n——a-o-
2559 1827 3016 1835 0·w*—-m-”-§-·
3027 1825 3150 1835 ..o-.-
3175 1824 3222 1834 --

973 2126 1343 2209 Hem-icus
1358 2186 1383 2232 ,
1422 2127 1944 2210 Romanorum
1986 2152 2121 2208 rex
2135 2187 2159 2233 ,
2209 2125 2675 2209 abbatissam
2719 2136 2795 2206 et
2836 2136 3289 2209 conventum
3329 2128 3690 2210 ecclesiae

872 2257 968 2341 de
1000 2258 1391 2371 Kitzingen
1437 2260 1752 2343 diversis
1807 2257 2380 2370 gravaminibus
2429 2283 2834 2366 oppressae
2890 2257 3033 2339 sub
3082 2258 3377 2365 imperii
3427 2270 3501 2341 et
3551 2286 3690 2342 sua

870 2392 1330 2497 protectione
1363 2392 1652 2500 recipit.

1029 2634 1219 2707 (Edld.
1250 2635 1362 2695 Fa.
1389 2635 1545 2695 Amr.
1575 2635 1792 2708 hena,
1828 2628 2019 2694 Gesch.
2055 2588 2517 2705 Frankenlands,
2547 2647 2686 2707 pars
2711 2632 2824 2705 ΙΙΙ,
2859 2632 3047 2709 Βεγ1.,
3078 2650 3136 2709 p.
3175 2630 3344 2712 373.)

969 2848 1054 2920 Η.
1079 2903 1098 2939 ,
1138 2848 1262 2921 1)3ἰ
1298 2848 1515 2943 gratia
1543 2828 2005 2921 Romanorum
2042 2868 2170 2920 rex
2219 2855 2289 2919 et
2325 2866 2597 2941 semper
2626 2855 2987 2939 augustus.
3032 2846 3442 2943 Religiosam
3479 2849 3693 2924 vitam

872 2972 1286 3046 habentibus
1314 2974 1544 3067 regale
1578 2972 1785 3046 debet
1817 2955 2062 3045 adesse
2085 2971 2469 3066 presidium
2496 2993 2585 3044 ne
2617 2971 2926 3063 cujusvis
2950 2973 3347 3046 temeritatis
3380 2974 3695 3048 incursus

873 3107 991 3169 aut
1025 3118 1143 3169 eas
1193 3120 1233 3169 3
1280 3097 1465 3169 bono
1504 3096 1852 3191 proposito
1893 3105 2171 3168 revocet
2215 3104 2338 3168 aut
2391 3096 2466 3166 in
2508 3094 2641 3182 eis,
2696 3095 2886 3189 quod
2928 3097 3145 3189 absit,
3206 3098 3418 3171 robur
3458 3108 3693 3172 sancte

875 3220 1412 3293 conversationis
1447 3220 1800 3313 infringat.
1842 3218 2014 3291 Cum
2042 3199 2255 3312 igitur
2277 3219 2565 3292 ecclesia
2591 3219 2681 3292 de
2707 3220 3041 3313 Kizingen
3060 3275 3078 3308 ,
3131 3222 3309 3293 sicut
3341 3224 3694 3297 intellexi-

873 3366 1059 3435 mus,
1097 3346 1396 3437 agitetur
1413 3345 1753 3439 pressuris
1780 3344 2273 3439 multiplicibus
2296 3353 2365 3416 et
2389 3345 2682 3418 diversis
2696 3345 3215 3438 gravaminibus
3237 3348 3692 3442 opprimatur,

873 3470 1176 3540 volentes
1234 3470 1298 3541 ei
1345 3491 1438 3542 ex
1493 3476 1818 3541 consueta
1869 3477 2098 3541 nostre
2147 3467 2576 3540 celsitudinis
2608 3470 2967 3542 clementia
3007 3471 3409 3566 providere,
3470 3472 3694 3566 ipsam

875 3591 1230 3661 ecclesiam
1276 3612 1357 3662 ac
1402 3590 1723 3663 dilectam
1771 3590 1972 3662 nobis
2021 3591 2093 3660 in
2142 3590 2405 3662 Christo
2468 3591 2884 3663 abbatissam
2932 3614 3013 3664 ac
3060 3602 3316 3666 ceteras
3366 3615 3694 3687 personas

876 3713 1186 3805 ejusdem
1219 3716 1501 3787 ecclesie
1528 3736 1689 3787 cum
1721 3714 2042 3786 omnibus
2074 3713 2622 3809 possessionibus
2658 3738 2740 3788 ac
2769 3715 2970 3787 bonis
3004 3716 3222 3811 ipsius
3257 3717 3387 3790 sub
3415 3718 3687 3813 imperii

876 3846 942 3910 et
974 3847 1199 3909 nostra
1228 3839 1646 3932 protectione
1672 3837 2090 3931 recepimus,
2148 3838 2279 3909 sub
2330 3836 2615 3910 obtentu
2646 3839 2862 3931 gratie
2891 3849 3126 3912 nostre
3177 3839 3459 3916 firmiter
3506 3844 3684 3916 inhi-

872 3961 1109 4034 bentes
1131 3984 1220 4035 ne
1256 3963 1504 4056 aliquis
1526 3969 1647 4033 aut
1675 3983 2001 4057 personas
2033 3972 2152 4035 aut
2178 3963 2535 4036 ecclesiam
2570 3963 2642 4035 in
2681 3963 2940 4038 eisdem
2969 3967 3513 4060 possessionibus
3536 3969 3684 4041 sive

869 4084 1069 4158 bonis
1102 4087 1358 4159 audeat
1378 4086 1628 4179 aliquo
1655 4086 1864 4159 modo
1901 4087 2281 4160 molestare.
2322 4087 2524 4172 Quod
2550 4089 2669 4182 qui
2703 4098 2932 4161 contra
2960 4089 3485 4184 prohibitionem
3521 4113 3682 4164 nos-

872 4220 1040 4282 tram
1084 4210 1577 4305 presumpserit
1610 4191 2046 4318 attemptare,
2082 4211 2649 4304 indignationem
2695 4221 2991 4286 nostram
3023 4236 3099 4286 se
3145 4216 3415 4288 noverit
3445 4217 3679 4289 incur-

869 4353 1161 4405 surum.
3239 4353 3244 4360 “

963 4459 1211 4529 Datum
1250 4456 1441 4552 apud
1474 4458 1784 4548 Lutram,
1825 4456 2060 4531 idibus
2087 4459 2345 4548 martii,
2387 4458 2762 4533 indictione
2791 4463 2942 4537 vll.-

3725 2152 3820 2205 Apu
3790 2149 3852 2192 ud
3879 2148 4085 2204 Lutum,

3792 2204 3841 2247 15
3868 2204 4033 2246 mardi.
