4842 5802
1297 629 1419 691 966
2210 630 2466 690 INDEX
2514 629 3206 692 DOCUMENTORUM.

1323 829 1545 907 1252

1345 962 1522 1019 maio.
1628 957 1745 1034 Ap.
1759 957 2008 1016 Portum
2063 986 2145 998 -
2185 956 2407 1015 lterum
2435 963 2681 1017 renovat
2706 957 2894 1035 legem
2920 973 3041 1035 qua
3066 964 3414 1020 revocantur
3441 961 3806 1034 communia,
3838 945 4081 1022 consilia
4097 1004 4115 1031 ‚

1696 1052 1936 1113 Naonis.
2144 1056 2410 1130 magistri
2436 1055 2654 1131 aliique
2679 1055 2958 1116 officiales
2998 1058 3217 1117 civium
3234 1099 3253 1134 ‚
3281 1059 3386 1134 qui
3428 1058 3492 1116 in
3535 1057 3696 1116 omni
3738 1058 3976 1117 civitate
4025 1058 4120 1118 vel

2142 1150 2357 1225 oppido
2394 1149 2778 1211 Alemanniae
2803 1153 2931 1211 sine
2968 1154 3372 1229 episcoporum
3408 1152 3774 1227 beneplacito
3800 1158 3970 1213 erant
3994 1159 4120 1212 sta-

2142 1247 2255 1304 tuti
2270 1289 2286 1316 ‚
2313 1253 2427 1306 etc.
4003 1259 4117 1309 285

1347 1345 1524 1403 maio.
1627 1348 1742 1418 Ap.
1767 1342 2012 1401 Portum
2064 1369 2144 1384 —
2183 1339 2332 1400 Cum
2372 1341 2673 1402 Ludovico
2716 1342 3074 1404 Francorum
3117 1359 3254 1422 rege
3279 1343 3846 1404 confoederationem
3874 1351 4123 1405 renovat

1697 1439 1937 1500 Naonis.
2142 1443 2410 1497 mutuam
2456 1445 2516 1496 et
2563 1442 2755 1515 jurari
2796 1442 2860 1499 in
2905 1443 3100 1499 anima
3148 1457 3256 1500 sua
3294 1440 3491 1518 jubet,
3522 1457 3658 1502 cum
3703 1441 3816 1501 hac
3860 1442 4123 1501 clausula

2143 1533 2305 1609 quod
2348 1535 2573 1595 nullam
2621 1538 2941 1596 amicitiam
2980 1554 3117 1596 cum
3144 1552 3277 1613 rege
3304 1537 3631 1615 Angiorum
3655 1537 3831 1597 faciet
3855 1540 3982 1598 sine
4008 1556 4120 1598 vo-

2145 1630 2369 1689 luntate
2393 1631 2674 1706 praedicti
2701 1633 3061 1693 Francorum
3089 1635 3265 1710 regis.
4005 1642 4118 1693 353

1351 1731 1526 1788 maio.
1631 1731 1740 1808 Ap.
1771 1730 2012 1789 Portum
2073 1757 2146 1770 —
2188 1726 2284 1786 Ad
2329 1729 2768 1804 requisitionem
2814 1731 3070 1805 episcopi
3115 1728 3614 1806 osnaburgensis,
3665 1730 4018 1789 sententiam
4059 1731 4121 1789 in

1701 1826 1940 1886 Naonis.
2148 1826 2314 1882 curia
2342 1839 2449 1883 sua
2476 1824 2855 1884 Ravennensi
2882 1827 3063 1886 iatam
3089 1826 3422 1902 promulgat
3438 1868 3456 1900 ‚
3479 1830 3610 1885 tum
3635 1837 3811 1901 super
3835 1825 4122 1885 divisione

2149 1918 2436 1979 bonorum
2483 1936 2587 1994 per
2627 1920 2890 1996 judicem
2935 1924 3343 1998 pronuntiata,
3372 1927 3501 1981 tum
3541 1936 3717 1996 super
3753 1920 4124 1980 censualibus

2151 2017 2319 2076 bonis
2347 2016 2571 2093 absque
2598 2017 2903 2077 voluntate
2924 2019 3149 2077 domini
3174 2019 3494 2078 translatis.
4006 2025 4120 2077 356

1350 2115 1529 2176 maio.
1634 2116 1750 2194 Ap.
1769 2118 2016 2177 Portum
2069 2143 2150 2161 —
2188 2115 2402 2173 Notam
2430 2114 2572 2174 facit
2595 2117 2945 2174 sententiam
2988 2116 3050 2174 in
3088 2117 3249 2174 curia
3286 2131 3395 2175 sua
3432 2114 3634 2185 iatam,
3666 2112 3941 2173 videlicet
3964 2114 4125 2190 quod

1704 2212 1947 2273 Naonis.
2148 2211 2485 2271 Bernardus
2510 2210 2639 2270 dux
2666 2210 2998 2271 Corinthiae
3022 2228 3143 2271 non
3171 2211 3387 2272 habeat
3410 2213 3758 2287 potestatem
3781 2211 4124 2270 instituendi

2150 2308 2342 2368 forum
2368 2310 2436 2368 in
2462 2308 2588 2368 soio
2610 2311 2948 2368 monasterii
2977 2309 3178 2369 Sancti
3219 2308 3388 2368 Pauli
3414 2307 3491 2367 de
3516 2307 3759 2368 Lavant.
4007 2314 4117 2366 357

1352 2406 1530 2466 maio.
1635 2404 1751 2481 Ap.
1773 2406 2019 2465 Portum
2072 2436 2154 2448 —
2192 2402 2289 2463 Ad
2315 2405 2739 2478 querimoniam
2766 2403 2965 2464 sifridi
2993 2405 3433 2481 Ratisponensis
3457 2405 3746 2479 episcopi,
3776 2404 4125 2463 sententiam

1704 2502 1946 2564 Naouis.
2152 2501 2591 2576 proscriptionis
2616 2500 2979 2577 promulgat,
3011 2501 3192 2560 latam
3215 2502 3278 2559 in
3305 2498 3563 2577 generali
3588 2501 3754 2559 curia
3778 2499 3935 2575 apud
3965 2498 4122 2559 Sibi-

2153 2597 2382 2670 datum,
2414 2596 2698 2657 adversus
2724 2595 3055 2656 Conradum
3082 2598 3353 2657 comitem
3383 2596 3457 2656 de
3477 2595 3876 2675 Wasserburg
3897 2603 3957 2657 et
3980 2612 4124 2672 qua-

2151 2693 2477 2753 tuordecim
2505 2694 2816 2768 complices
2840 2695 2989 2770 ejus.
4006 2701 4119 2752 358

1362 2788 1543 2849 maio.
1639 2789 1754 2865 Ap.
1780 2789 2022 2848 Portum
2073 2819 2153 2833 —
2191 2787 2287 2847 Ad
2315 2791 2739 2864 querimoniam
2768 2788 3206 2863 Herbipoiensis
3231 2789 3516 2865 episcopi,
3547 2804 3621 2848 ex
3651 2789 3938 2849 sententia
3960 2789 4122 2864 prin-

1710 2884 1951 2946 Naonis.
2155 2887 2354 2965 cipum
2378 2885 2682 2946 Aibertum
2709 2885 2785 2946 de
2810 2887 2993 2946 Entse
3017 2885 3347 2962 proscribit,
3366 2901 3436 2947 eo
3455 2885 3618 2963 quod
3634 2891 3895 2947 castrum
3921 2885 4118 2958 Entse,

2156 2983 2233 3042 ad
2275 2983 2579 3042 ecclesiam
2626 2981 3100 3059 Herbipoiensem
3154 2988 3423 3059 spectans
3436 3024 3454 3055 ,
3483 2982 3723 3043 absente
3768 2984 3832 3041 in
3874 2983 4124 3041 servitiis

2155 3081 2385 3155 imperii
2410 3081 2704 3155 episcopo,
2734 3081 3018 3138 violenter
3044 3081 3436 3156 occupaverit.
4011 3084 4124 3137 359

1358 3171 1536 3231 maio.
1640 3175 1755 3251 Ap.
1782 3173 2027 3233 Portum
2079 3206 2158 3219 --
2196 3173 2292 3234 Ad
2317 3176 2793 3250 conquestionem
2820 3175 3055 3235 Henrici
3080 3175 3533 3235 wormatiensis
3559 3174 3837 3250 episcopi,
3868 3174 4036 3232 iiium
4060 3173 4123 3231 in

1711 3271 1952 3333 Naonis.
2155 3271 2523 3346 possessione
2545 3270 2721 3330 villae
2744 3271 3068 3331 Nekerowe
3105 3271 3360 3330 restituit
3374 3312 3392 3343 ,
3418 3269 3495 3329 de
3521 3285 3642 3345 qua
3665 3268 3858 3329 fuerat
3883 3285 3985 3344 per
4010 3268 4126 3327 du-

2157 3381 2285 3425 cem
2334 3366 2618 3426 Bavariae
2687 3367 3012 3443 palatinum
3076 3368 3346 3427 comitem
3400 3365 3593 3426 Rheni
3658 3367 3879 3442 injuste
3931 3364 4126 3424 desti-

2156 3468 2342 3523 tutus-
4007 3469 4121 3521 360

1357 3560 1531 3620 maio.
1638 3559 1756 3635 Ap.
1780 3557 2024 3618 Portum
2075 3593 2156 3605 —
2194 3560 2452 3620 Henrico
2493 3561 2776 3620 Misnensi
2820 3562 3091 3637 episcopo
3133 3575 3340 3619 omnes
3373 3573 3553 3619 venas
3577 3557 3948 3619 metallorum
3973 3572 4127 3634 quae

1714 3657 1949 3717 Naonis.
2154 3660 2218 3718 in
2256 3656 2441 3717 mado
2484 3658 2758 3717 ecclesiae
2797 3673 2941 3717 suae
2976 3658 3213 3733 reperiri
3259 3656 3600 3732 contigerit,
3631 3654 3899 3714 concedit
3934 3659 3994 3713 et
4018 3651 4123 3712 do-

2154 3761 2287 3829 nat,
2316 3771 2455 3815 cum
2479 3757 2650 3832 aquis
2674 3761 2735 3815 et
2760 3756 3056 3815 montanis
3084 3753 3187 3813 ubi
3209 3767 3420 3813 aurum
3435 3754 3649 3827 poterit
3665 3753 3945 3811 inveniri.
4010 3758 4122 3810 362

1360 3847 1533 3925 julio.
1747 3848 1924 3926 Apud
2078 3885 2160 3897 —
2197 3854 2385 3914 Raoni
2433 3851 2508 3911 de
2553 3851 2784 3911 Limata
2829 3850 3141 3911 confirmat
3163 3850 3409 3910 feudum
3435 3850 3611 3909 unius
3637 3850 3841 3909 militis
3866 3849 3929 3907 in
3954 3846 4125 3907 Alta-

1626 3943 2047 4022 Spinazzoiam.
2157 3946 2328 4023 viiia,
2373 3945 2534 4024 quod
2561 3945 2893 4005 Teobaldus
2935 3945 3268 4005 Francisius
3312 3944 3515 4021 vigore
3555 3944 3886 4004 testamenti
3922 3939 4125 4001 Jacobi

2157 4042 2440 4103 Francisii
2465 4042 2663 4102 frati-is
2689 4042 2782 4102 sui
2796 4084 2815 4119 ,
2841 4041 3030 4102 Raoni
3056 4042 3131 4100 de
3156 4040 3384 4102 Limata
3404 4041 3560 4116 patri
3584 4039 3849 4117 eiusdem
3873 4038 4120 4109 naonis,

2156 4144 2546 4211 concesserat,
2567 4143 2681 4200 etc.
4009 4142 4125 4193 364

1339 4239 1412 4291 18
1427 4229 1582 4308 julii.
1704 4232 1958 4295 Meiflae.
2087 4263 2155 4278 —
2192 4233 2588 4294 Januensibus
2612 4232 2850 4292 nuntiat
2886 4232 3193 4293 victoriam
3219 4231 3297 4291 ab
3323 4231 3585 4292 exercitu
3612 4245 3720 4291 suo
3756 4232 3819 4289 in
3862 4227 4125 4305 partibus

2156 4330 2564 4389 transmarinis
2589 4327 2854 4401 relatam,
2872 4330 3169 4405 mittitque
3185 4329 3449 4403 judicem
3474 4325 3824 4388 Manzinum
3850 4329 3912 4384 et
3933 4323 4129 4382 Thad-

2156 4425 2333 4484 denm
2360 4425 2435 4483 de
2461 4424 2695 4500 Suessa,
2724 4425 2939 4501 quibus
2964 4427 3027 4484 in
3061 4427 3146 4485 eis
3185 4441 3340 4502 quae
3361 4442 3438 4486 ex
3465 4431 3629 4503 parte
3670 4438 3779 4484 sua
3803 4426 4129 4501 proponent

2156 4520 2555 4580 indubitanter
2580 4520 2843 4580 credant.
4008 4525 4124 4576 368

1358 4615 1529 4693 julio.
1614 4620 1730 4695 Ap.
1765 4616 2046 4680 Meiflam.
2081 4647 2158 4662 -
2200 4618 2273 4676 In
2313 4615 2577 4676 favorem
2614 4616 2973 4694 Euphemiae
3000 4616 3328 4677 abbatissae
3356 4616 3696 4677 monasterii
3723 4614 3909 4674 Castri
3936 4612 4131 4674 Caroii

2157 4712 2725 4790 (ChAteau-Chaion)
2751 4715 2813 4773 in
2838 4714 3120 4774 comitatu
3145 4713 3521 4792 Burgundiae
3534 4756 3555 4792 ,
3590 4716 3836 4772 renovat
3881 4715 3942 4771 et
3982 4725 4132 4770 con-
