4842 5802
883 672 1084 733 Ιιωιοτ.
1112 666 1210 747 9.]
1788 661 2191 725 HISTORIA
2238 655 2826 722 nlptouArtcA.
3597 654 3718 719 847

888 806 961 877 in
1010 801 1414 891 Jerusalem,
1468 797 1809 871 Henricus
1859 817 2095 870 comes
2140 795 2465 871 Senensis
2487 848 2507 883 ,
2545 791 3010 868 Theodericus
3056 810 3288 864 comes
3335 789 3710 885 Cleveusis,

885 928 1045 1002 Otto
1088 947 1320 1000 comes
1354 921 1740 1012 Gelrensis,
1776 917 2191 995 Willielmus
2231 940 2461 994 comes
2507 915 2948 1007 Juliacensis,
2982 923 3052 988 et
3085 914 3202 988 alii
3237 915 3708 1011 quamplures.

985 1052 1279 1145 Signum
1319 1046 1589 1122 domini
1625 1044 1954 1118 Friderici
1971 1101 1989 1132 ,
2037 1044 2166 1119 Dei
2215 1045 2435 1139 gratia
2482 1043 2942 1116 Romanorum
2980 1038 3412 1135 imperatoris
3445 1058 3717 1134 semper

898 1173 1174 1269 augusti
1195 1226 1217 1263 ,
1251 1170 1628 1246 Jerusalem
1665 1177 1735 1242 et
1763 1167 1993 1241 Sicilie
2023 1166 2231 1261 regis.

986 1297 1160 1373 Acta
1221 1303 1388 1369 sunt
1449 1294 1582 1370 hec
1642 1313 1830 1366 anno
1886 1290 2234 1365 dominice
2289 1288 2776 1363 incarnationis
2835 1286 3203 1361 millesimo
3249 1285 3720 1360 ducentesimo

890 1421 1236 1495 tricesimo
1273 1425 1501 1508 sexto,
1543 1436 1784 1488 mense
1818 1412 2059 1505 madii,
2100 1433 2284 1486 nona
2318 1411 2722 1501 indictione,
2763 1410 3141 1505 imperante
3174 1408 3455 1481 domino
3488 1419 3721 1484 nostro

892 1543 1277 1636 Friderico,
1327 1540 1456 1613 Dei
1508 1538 1732 1632 gratia
1793 1537 2253 1611 invictissimo
2302 1537 2768 1609 Romanorum
2824 1533 3233 1628 imperatore
3274 1554 3546 1629 semper
3590 1555 3719 1607 au-

893 1675 1132 1763 gusto,
1169 1665 1544 1740 Jerusalem
1578 1672 1647 1736 et
1684 1662 1920 1734 Sicilie
1949 1682 2146 1755 rege,
2184 1680 2368 1733 anno
2401 1658 2672 1755 imperii
2709 1657 2863 1749 ejus
2901 1668 3101 1729 sexto
3127 1653 3491 1754 [decimo],
3523 1656 3721 1749 regni

893 1788 1267 1863 Jerusalem
1311 1785 1713 1879 undecimO,
1748 1784 1946 1879 regni
1985 1804 2150 1857 vero
2180 1770 2410 1856 Sicilie
2446 1781 2789 1854 tricesimo
2826 1788 3095 1870 octavo,
3126 1780 3440 1854 feliciter.
3470 1778 3716 1855 Amen.

992 1915 1244 1987 Datum
1276 1908 1468 2007 apud
1499 1908 2027 1999 Confluentiam,
2066 1927 2279 2000 anno,
2316 1926 2559 1979 mense
2586 1913 2656 1978 et
2683 1904 3068 1978 indictione
3101 1903 3519 2001 prescriptis.

1002 2524 1430 2609 Fridericus
1447 2585 1471 2633 ,
1528 2524 2055 2608 Romanorum
2117 2522 2557 2631 imperator,
2618 2520 2972 2605 fidelibus
3045 2521 3206 2603 suis
3272 2522 3732 2634 encyclicam
3854 2548 4049 2648 1332*ss
4050 2604 4069 2659 ³

900 2655 1181 2765 mittit,
1240 2683 1398 2767 qua
1436 2664 1640 2738 statu
1673 2654 1989 2764 pacifico
2024 2653 2321 2763 imperii
2366 2663 2442 2736 et
2483 2653 2895 2739 rebellione
2936 2654 3547 2739 Lombardorum
3598 2656 3736 2739 fu-

902 2788 1063 2872 sius
1096 2787 1492 2899 expositiS,
1531 2789 1853 2871 mandat
1896 2796 1983 2870 ut
2019 2788 2120 2869 ad
2155 2787 2448 2870 curiam
2480 2813 2717 2897 quam
2765 2788 2971 2896 apud
3021 2787 3487 2871 Placentiam
3520 2789 3741 2872 duxit

901 2922 1420 3021 indicendam,
1489 2948 1572 3004 se
1597 2929 2088 3032 praeparent,
2130 2919 2264 3004 ubi
2315 2920 2872 3004 ambassatores
2916 2920 3144 3003 etiam
3187 2919 3587 3005 rebellium
3623 2921 3742 3006 ci-

902 3053 1227 3139 vitatum
1260 3052 1662 3138 convocari
1697 3052 2053 3135 debeant.

1064 3269 1259 3345 (Edit.
1290 3285 1392 3346 ap.
1420 3268 1587 3330 Petri
1611 3264 1682 3327 de
1719 3267 1853 3328 Vin.
1872 3267 2097 3348 Epist„
2116 3266 2348 3341 lib.111‚
2377 3283 2511 3345 cap.
2541 3268 2596 3347 1,
2614 3273 2673 3328 et
2692 3282 2791 3344 ap.
2810 3267 3030 3341 Psnrz,
3055 3265 3319 3328 Menum.
3353 3265 3547 3331 Gom.
3566 3266 3728 3345 laist„

1144 3381 1190 3437 t.
1210 3375 1320 3450 IV,
1337 3392 1401 3455 p.
1423 3384 1567 3455 320,
1583 3374 1975 3436 excodicibus
1990 3381 2119 3437 tum
2139 3374 2622 3454 Wilheringensi,
2641 3379 2770 3435 tum
2783 3374 3259 3437 Vaticano4957.
3280 3374 3568 3437 Collatum
3586 3394 3734 3455 quo·

1143 3498 1264 3560 que
1281 3482 1494 3543 damus
1508 3498 1647 3543 cum
1666 3482 1856 3543 codic.
1888 3483 2079 3544 Paris.
2100 3481 2519 3556 Nom-Dama,
2541 3490 2685 3560 202,
2705 3486 2767 3541 et
2791 3479 2861 3542 S.
2897 3478 3092 3543 Germ.
3116 3477 3365 3561 Har-lay,
3386 3490 3526 3557 455,
3548 3489 3730 3561 atque

1149 3586 1496 3649 denuocum
1512 3586 1715 3648 codice
1738 3586 1972 3648 Musaei
1995 3587 2264 3648 Britann.
2281 3586 2523 3665 (Harley
2551 3596 2662 3648 367
2671 3589 2751 3661 8).
2782 3587 2996 3650 Variae
3018 3587 3235 3648 adsunt
3262 3587 3552 3668 rubricae,
3575 3590 3731 3651 inter

1143 3708 1296 3770 quas
1328 3708 1428 3769 ap.
1457 3692 1621 3753 Petr.
1651 3691 1728 3753 de
1763 3692 2014 3755 Vincis:
2046 3711 2081 3750 ι
2106 3690 2479 3769 Principibus
2511 3692 2901 3753 Alamanniae
2929 3689 3057 3772 (sic)
3100 3692 3263 3769 quod
3305 3694 3546 3754 veniant
3570 3693 3730 3771 apud

1089 3833 1097 3841 ·
1140 3798 1416 3859 Parmam
1452 3796 1804 3857 celebraturi
1835 3795 2058 3857 ibidem
2085 3797 2390 3858 solennem
2413 3797 2676 3869 curiam3
2710 3815 2743 3855 s
2766 3798 2831 3857 in
2856 3797 2989 3859 cod.
3020 3797 3517 3860 Medio-Montan.
3552 3816 3732 3876 penes

1140 3903 1220 3965 D.
1233 3903 1349 3965 Th.
1371 3903 1664 3980 Phillipps
1679 3919 1696 3963 τ
1716 3921 1748 3963 e
1770 3901 2124 3964 Fredericus
2140 3904 2291 3963 sacri
2308 3903 2542 3979 imperii
2555 3903 2620 3962 in
2633 3902 2988 3965 Lombardia
3000 3904 3224 3964 vicario
3237 3905 3548 3982 quodcitet
3561 3922 3732 3967 com-

1142 4009 1465 4070 munitates
1506 4009 1817 4071 eivitatum
1860 4006 2208 4071 Lombardie
2254 4007 2336 4070 ad
2375 4009 2605 4070 curiam
2648 4008 2965 4070 tenendam
3007 4011 3072 4070 in
3112 4011 3355 4087 Parma3
3395 4030 3428 4070 s
3474 4013 3539 4072 in
3593 4013 3731 4075 cod.

1142 4115 1374 4177 Musaei
1409 4116 1684 4178 Britann.
1718 4134 1736 4175 ε
1777 4134 1810 4175 α
1840 4114 2207 4189 Fridericus,
2246 4120 2387 4188 etc„
2426 4114 2748 4176 venerabili
2772 4115 3094 4178 Cumarum
3117 4118 3405 4196 episcopo.
3435 4135 3468 4175 ι
3501 4118 3594 4178 Ex
3621 4117 3733 4179 hoc

1141 4221 1355 4284 ultimo
1379 4220 1545 4284 fonte
1564 4238 1686 4283 non
1706 4220 2109 4284 dubitandum
2125 4222 2271 4300 quin
2292 4220 2594 4300 encyclica
2619 4223 2697 4283 sit
2714 4226 2774 4282 et
2790 4220 2870 4283 ad
2892 4237 3159 4282 mensem
3184 4225 3412 4284 maium
3435 4225 3737 4286 ineuntem

1146 4327 1510 4391 collocanda.
1540 4326 1636 4391 cf.
1665 4328 2021 4403 Burrum„
2046 4323 2271 4389 Annal.
2298 4323 2517 4402 eccles„
2547 4327 2625 4389 ad
2650 4343 2791 4389 ann.
2825 4336 3010 4402 1236,
3038 4325 3088 4409 S
3112 4326 3248 4408 IV.)

1008 4510 1399 4587 Fridericus
1416 4567 1438 4608 ,
1502 4516 1630 4589 Dei
1703 4516 1926 4609 gratia
1979 4515 2443 4588 Romanorum
2500 4515 2896 4613 imperator,
2959 4516 3336 4589 Jerusalem
3386 4523 3457 4589 et
3507 4516 3740 4591 Sicilie

913 4655 1040 4709 rex
1058 4688 1081 4728 ‚
1124 4644 1259 4709 etc.
1319 4638 1499 4711 Dum
1549 4638 1942 4713 debitorum
1980 4649 2366 4714 nostrorum
2418 4633 2880 4736 chirographa
2923 4640 3254 4735 legimus,
3296 4638 3464 4714 dum
3505 4641 3737 4714 caleu-

918 4755 1094 4831 darii
1142 4760 1357 4833 nostri
1419 4761 1704 4836 nomina
1754 4761 2278 4857 diligentissime
2320 4772 2863 4860 perscrutamur,
2909 4773 2980 4839 et
3024 4784 3153 4838 nos
3197 4763 3544 4842 debitores
3588 4765 3739 4839 aliis
