4842 5802
1046 663 1169 726 806
2054 658 2483 723 ramnum!
2529 658 2884 721 saeuum
3486 663 3650 745 [Ant.
3686 666 3859 730 lm

1052 823 1236 898 dicte
1295 819 1584 895 ecclesie
1641 819 2028 896 vivariensi
2089 846 2133 897 a
2195 821 2381 897 divis
2443 822 2758 918 augustis
2840 821 3196 918 quondam
3258 823 3867 921 predecessoribus

1050 947 1298 1022 nostris
1330 957 1400 1018 et
1429 945 1633 1019 nobis
1669 943 1941 1020 dudum
1980 967 2307 1020 concessa
2342 969 2501 1020 cum
2545 945 2871 1020 omuibus
2899 969 3037 1041 que
3073 947 3507 1022 continentur
3545 951 3619 1023 in
3661 951 3862 1049 ipsis,

1048 1070 1436 1146 secundum
1469 1068 1667 1167 quod
1702 1091 1788 1145 ea
1819 1071 2053 1143 omnia
2079 1070 2504 1168 temporibus
2531 1072 2840 1167 ipsorum
2881 1070 3446 1167 predecessorum
3478 1082 3868 1149 nostrorum

1053 1202 1123 1268 et
1163 1215 1392 1289 usque
1440 1192 1535 1268 ad
1579 1194 1708 1269 hec
1755 1194 1978 1267 felicia
2026 1205 2331 1290 tempora
2378 1203 2612 1267 nostra
2660 1192 2902 1267 eadem
2956 1196 3245 1268 ecclesia
3296 1198 3483 1291 juste
3535 1201 3755 1272 tenuit
3799 1212 3870 1274 et

1055 1318 1395 1415 possedit,
1438 1318 1572 1390 sibi
1607 1319 1697 1392 de
1726 1318 1946 1414 gratia
1985 1326 2215 1391 nostra
2267 1317 2603 1392 duximus
2644 1316 3153 1412 confirmanda;
3204 1328 3580 1395 statuentes
3630 1333 3702 1397 et
3742 1324 3872 1397 im-

1056 1442 1296 1538 periali
1322 1442 1707 1514 sancientes
1744 1442 1971 1515 edicto
1996 1450 2339 1536 quatenus
2379 1442 2571 1513 nulla
2604 1442 2886 1513 omnino
2927 1463 3219 1537 persona
3249 1445 3385 1516 alta
3413 1445 3524 1517 vel
3560 1446 3868 1535 humilis,

1055 1566 1516 1640 ecclesiastica
1563 1548 1674 1637 vel
1716 1565 2075 1656 seculariS,
2125 1565 2487 1638 ecclesiam
2528 1565 3037 1653 Vivarieusem,
3094 1567 3496 1663 episcopum
3554 1570 3668 1643 vel
3721 1572 3875 1664 ejus

1054 1711 1482 1762 successores
1520 1698 1754 1762 contra
1792 1689 1999 1782 hujus
2034 1688 2565 1762 confirmationis
2614 1699 2843 1762 nostre
2891 1699 3200 1763 tenorem
3221 1749 3243 1777 ‚
3290 1692 3525 1788 aliquo
3569 1704 3876 1790 tempore

1057 1813 1503 1902 adveniente,
1548 1834 1722 1884 ausu
1772 1814 2129 1885 temerario
2180 1835 2389 1908 super
2429 1812 2539 1883 his
2589 1813 2910 1885 omnibus
2965 1814 3293 1909 impetere
3342 1815 3454 1888 vel
3492 1817 3878 1911 inquietare

1055 1947 1431 2032 presumat.
1462 1936 1664 2022 Quod
1694 1936 1817 2031 qui
1853 1938 2025 2010 forte
2058 1939 2580 2033 presumpserit,
2635 1947 2861 2034 preter
2891 1938 3437 2034 indignationem
3472 1941 3683 2013 nostri
3721 1944 3875 2014 cul-

1064 2062 1270 2134 minis
1300 2082 1510 2156 quam
1549 2061 1874 2149 incurret,
1918 2061 1968 2131 L
1994 2060 2325 2132 librarum
2355 2061 2506 2133 auri
2546 2062 2704 2157 puri
2738 2083 2916 2156 pena
2951 2064 3311 2157 plectetur,
3347 2062 3714 2137 medietate
3742 2066 3888 2160 ipsi.

1061 2206 1334 2259 camere
1380 2193 1611 2258 nostre
1652 2184 2017 2279 etreliqua
2050 2183 2416 2258 medietate
2450 2186 2628 2281 parti
2659 2206 2866 2280 passe
2911 2184 3234 2280 injuriam
3273 2185 3751 2282 persolvenda.
3792 2191 3884 2262 Ut

1063 2319 1294 2382 autem
1324 2309 1452 2382 hec
1474 2318 1706 2381 nostra
1735 2308 2161 2382 confirmatio
2188 2307 2402 2381 robur
2441 2308 2746 2381 obtineat
2789 2318 3117 2405 perpetue
3164 2307 3504 2384 firmitatis
3526 2366 3546 2400 ‚
3597 2333 3883 2407 presens

1059 2434 1502 2531 privilegium
1539 2433 1682 2506 fieri
1716 2442 1784 2506 et
1809 2434 1998 2506 bulla
2028 2453 2237 2505 aurea
2265 2434 2535 2527 typario
2561 2432 2666 2527 (a)
2698 2443 2930 2506 nostre
2959 2435 3335 2527 majestatis
3369 2436 3704 2531 impressa
3730 2438 3885 2529 jus-

1063 2558 1283 2631 simus
1315 2556 1747 2629 communiri.

1163 2684 1385 2775 Hujus
1413 2681 1515 2752 rei
1550 2690 1754 2752 testes
1779 2688 1941 2752 suut
1975 2706 1993 2752 ε
2030 2680 2467 2753 'treverensis
2499 2679 3056 2777 archiepiscopus
3076 2735 3100 2772 ,
3146 2680 3300 2753 dux
3330 2683 3619 2756 Bavarie
3655 2704 3886 2755 comes

1068 2805 1411 2903 palatinus
1443 2803 1641 2893 Beni,
1680 2802 1826 2874 dux
1862 2803 2330 2894 Lotharingie,
2367 2803 2519 2875 dux
2543 2804 2943 2892 Brabantie,
2982 2792 3135 2877 dux
3170 2804 3261 2878 de
3294 2806 3657 2900 Limburg,
3702 2829 3886 2879 mar·

1070 2931 1227 3003 chio
1269 2930 1358 3001 de
1401 2927 1674 3016 Baden,
1721 2928 2138 3021 burgravius
2179 2930 2267 3000 de
2304 2929 2764 3019 Nuremberc,
2801 2928 2880 2999 R.
2926 2949 3155 3001 comes
3197 2929 3607 3020 Tolosanus,
3656 2930 3743 3002 A.
3800 2931 3891 3003 de

1069 3055 1373 3127 Pictavia
1421 3073 1649 3125 comes
1694 3050 2232 3144 ValentinensiS,
2280 3051 2361 3123 G.
2409 3049 2498 3124 de
2539 3051 2963 3142 BorgaviuS,
3005 3048 3085 3121 Α.
3139 3049 3425 3143 Aioara,
3474 3054 3560 3122 V.
3611 3050 3701 3124 de
3744 3053 3892 3124 Ba-

1076 3187 1274 3251 vasta
1302 3176 1420 3272 (b),
1451 3177 1537 3248 V.
1572 3173 1661 3249 de
1686 3176 1934 3262 NaviS,
1972 3182 2040 3247 et
2078 3174 2190 3247 alii
2222 3175 2691 3269 quamplures,

1171 3302 1464 3393 Signum
1498 3297 1760 3373 domini
1788 3297 2150 3387 Friderici,
2179 3298 2304 3372 Dei
2347 3300 2567 3392 gratia
2611 3297 3040 3370 invictissimi
3075 3298 3540 3371 Romanorum
3591 3298 3892 3396 impera-

1074 3426 1242 3499 toris
1277 3446 1545 3520 semper
1574 3424 1876 3518 augusti,
1910 3424 2285 3495 Jerusalem
2324 3433 2393 3496 et
2439 3423 2668 3494 Sicilie
2704 3422 2888 3515 regis
2927 3421 3305 3516 magnifici.

1174 3549 1343 3622 Acta
1368 3560 1530 3622 sunt
1550 3542 1732 3646 [bec]
1753 3568 1933 3619 anno
1958 3544 2301 3620 dominice
2322 3545 2807 3618 incarnationis
2834 3545 3284 3634 MCCXXXV,
3301 3568 3539 3618 mense
3555 3548 3885 3640 januarii,

1077 3677 1173 3749 IX
1223 3675 1659 3766 indictionis,
1702 3673 2082 3768 imperante
2120 3671 2401 3747 domino
2438 3679 2671 3744 nostro
2704 3670 3089 3764 Friderico‚
3135 3670 3260 3743 Dei
3295 3672 3518 3766 gratia
3567 3672 3899 3745 invictis-

1078 3801 1253 3875 simo
1287 3800 1750 3873 Romanorum
1783 3798 2187 3893 imperatore
2232 3818 2503 3892 semper
2548 3803 2875 3890 augustO,
2914 3794 3287 3869 Jerusalem
3327 3806 3396 3868 et
3429 3795 3658 3869 Sicilie
3692 3817 3894 3889 rege,

1080 3945 1263 3998 anno
1298 3922 1565 4017 imperii
1602 3923 1753 4015 ejus
1787 3921 1969 4013 XVI,
2000 3920 2198 4016 regni
2227 3919 2600 3993 Jerusalem
2633 3918 2725 4010 X,
2754 3918 2952 4013 regni
2976 3939 3145 3992 vero
3169 3917 3401 3991 Sicilie
3429 3918 3895 4014 xxxv11(0),

1081 4046 1403 4120 Felicitere
1430 4045 1677 4118 Amen.

1173 4171 1425 4244 Datum
1460 4167 1652 4265 apud
1677 4168 2037 4259 Hagenau,
2074 4187 2287 4257 ann0,
2331 4185 2569 4238 mense
2598 4173 2666 4236 et
2697 4163 3070 4238 indictione
3100 4164 3517 4261 prescriptis.

1168 4292 1253 4374 (a)
1293 4293 1367 4354 In
1393 4294 1692 4370 impressis
1724 4296 2017 4369 tympano,
2047 4287 2221 4350 male.

1166 4399 1250 4479 (b)
1293 4399 1385 4462 Cf.
1423 4402 1667 4462 nomina
1698 4414 1855 4477 quas
1893 4398 1958 4457 ln
1995 4395 2377 4475 praecedente
2409 4396 2743 4474 privilegio,
2786 4412 2849 4473 p.
2903 4404 3058 4470 801,
3102 4395 3333 4458 diverse
3373 4396 3550 4456 simul
3586 4400 3651 4455 et
3687 4396 3904 4456 rectius

1078 4509 1513 4587 exprimuntur.

1165 4613 1244 4693 (c)
1287 4615 1440 4675 Istae
1463 4618 1638 4673 notae
1670 4626 1807 4672 eum
1841 4608 2223 4687 praelaudato
2255 4605 2564 4685 privilegio
2601 4621 2724 4667 non
2759 4607 3140 4669 concordant.
3169 4607 3352 4669 Recte
3377 4613 3612 4681 nmen,
3651 4609 3706 4668 si
3742 4613 3910 4670 tem-.-

1079 4736 1225 4801 pora
1249 4718 1701 4796 computaveris,
1731 4718 1813 4776 itu
1838 4720 2030 4777 essent
2057 4733 2077 4774 z
2104 4731 2263 4774 anno
2287 4714 2486 4793 imper.
2527 4712 2589 4774 X
2594 4713 2688 4791 VI,
2717 4730 2884 4794 reqn.
2906 4713 3099 4774 lorus.
3133 4713 3244 4793 XI,
3272 4710 3434 4775 Sica.
3472 4712 3808 4776 XXXVIII.
