4842 5802
1252 646 1372 709 566
2292 647 2634 708 namium
2683 648 3016 712 saprum
3694 654 3854 731 [An.
3892 656 4067 720 1232.

1250 786 1635 860 monetam
1674 777 1879 885 apud
1916 778 2123 861 Stein
2162 778 2261 862 ab
2298 778 2618 888 imperio
2653 779 3061 862 tenendam
3097 787 3171 862 et
3197 778 3416 888 juxta
3445 785 4070 870 consuetudinem

1248 910 1766 993 renovandam
1802 910 2168 994 concedit.
2415 936 2419 940 ’

1406 1121 1695 1201 (Extract.
1734 1127 1933 1200 potius
1952 1140 2135 1202 quam
2176 1124 2404 1186 editum
2439 1140 2537 1204 ap.
2569 1124 2816 1202 an,
2843 1124 2954 1184 Die
2977 1125 3321 1186 Bructeatm
3345 1122 3451 1185 der
3475 1123 3751 1201 Schweh,
3779 1144 3841 1206 p.
3872 1138 3972 1204 6⁰,
4000 1134 4066 1193 tu

1481 1225 1878 1311 Mistheilunq.
1911 1226 2323 1311 derantiquar.
2357 1226 2647 1312 qmllsch.
2677 1230 2745 1289 in
2770 1228 3010 1309 Zur-ich,
3032 1237 3173 1291 tom.
3205 1231 3316 1292 ΠΙ.
3335 1230 3540 1310 Usque
3555 1232 3774 1307 adhuc,
3797 1234 3905 1294 sed
3929 1250 4064 1311 per-

1476 1349 1683 1410 peram
1718 1334 1971 1395 Henrico
1995 1337 2167 1396 tertio
2196 1335 2573 1415 privilegium
2599 1332 3021 1414 tribuebatur.)

1336 1519 1737 1606 Hainricus,
1788 1519 1912 1593 Dei
1949 1519 2169 1615 gratia
2211 1521 2672 1595 Romanorum
2713 1541 2842 1593 rex
2884 1527 2955 1592 et
2994 1541 3266 1615 semper
3303 1531 3676 1617 augustus,
3720 1522 4065 1595 universis

1238 1643 1508 1738 imperii
1543 1640 1896 1734 fidelibus,
1936 1652 2103 1735 etc.‚
2147 1644 2438 1738 gratiam
2476 1665 2673 1716 suam
2720 1652 2789 1716 et
2833 1664 3039 1716 omne
3066 1643 3358 1715 bonum.
3398 1644 3508 1718 Ad
3543 1646 3851 1720 notitiam
3900 1647 4059 1719 uni·

1238 1786 1621 1856 versorum,
1660 1774 1827 1856 etc.,
1863 1766 2184 1861 cupimus
2208 1766 2566 1861 pervenire
2590 1766 2783 1861 quod
2816 1787 2969 1857 nos,
3007 1765 3101 1839 ad
3129 1766 3580 1840 imitationem
3610 1767 3844 1841 dilecti
3866 1769 4060 1862 geni-

1237 1889 1400 1961 toris
1433 1888 1643 1961 nostri
1685 1887 1949 1961 domini
1988 1889 2451 1962 Romanorum
2498 1887 2929 1985 imperatoris
2967 1886 3106 1983 (4),
3162 1888 3412 1961 dilecto
3464 1888 3649 1963 fideli
3694 1900 3927 1963 nostro

1233 2010 1465 2084 abbati
1494 2011 1585 2085 de
1610 2011 1840 2084 Steine
1874 2010 2290 2085 indulsimus
2325 2020 2670 2085 monetam
2706 2011 2899 2107 apud
2934 2011 3167 2083 Steine
3196 2033 3238 2082 a
3271 2012 3472 2084 nobis
3514 2022 3585 2085 et
3628 2013 3920 2108 imperio
3955 2022 4058 2087 te-

1232 2134 1533 2207 nendam
1584 2143 1652 2206 et
1687 2136 1892 2227 juxta
1945 2156 2200 2208 morem
2250 2133 2563 2208 debitum
2616 2144 2686 2208 et
2727 2133 3290 2208 consuetudinem
3348 2135 3790 2229 approbatam
3839 2157 4057 2208 reno-

1229 2257 1534 2331 vandam
1560 2310 1580 2347 ,
1638 2256 2234 2352 quemadmodum
2292 2258 2636 2354 principes
2687 2259 2901 2330 nostri
2951 2265 3022 2332 et
3078 2257 3350 2354 imperii
3399 2279 3561 2331 suas
3603 2267 3912 2331 monetas
3968 2259 4058 2331 de

1227 2392 1456 2455 nostra
1495 2382 1713 2473 gratia
1746 2390 1813 2455 et
1849 2384 2299 2479 permissione
2327 2384 2507 2456 soliti
2540 2391 2703 2455 sunt
2736 2382 3126 2478 permittere
3161 2380 3308 2477 (sic)
3345 2389 3416 2453 et
3442 2403 3814 2472 renovare3
3857 2403 4055 2454 man·

1225 2506 1493 2595 dantes,
1538 2515 1705 2595 etc.‚
1747 2515 1818 2577 et
1847 2507 2300 2603 precipientae
2328 2516 2406 2578 ut
2444 2507 2677 2577 nullus
2721 2506 2810 2577 sit
2846 2502 3024 2603 [qui]
3056 2506 3283 2600 ipsum
3318 2507 3637 2580 abbatem
3672 2506 3747 2578 in
3782 2515 4055 2580 moneta

1223 2630 1354 2725 ipsi
1400 2650 1442 2701 a
1484 2629 1684 2701 nobis
1726 2638 1795 2701 et
1844 2628 2126 2702 domino
2166 2630 2578 2725 imperatore
2626 2628 2976 2701 licentiata
3008 2636 3078 2700 et
3113 2626 3383 2701 indulta
3418 2627 3672 2700 audeat
3718 2626 4055 2722 impedire

1299 2777 1343 2824 u
1379 2753 1830 2823 molestare...

1221 2774 1297 2826 ⁸0
1319 2877 1568 2947 Datum
1616 2872 1810 2969 apud
1854 2874 2276 2969 Sibidatum‚
2337 2896 2521 2950 anno
2567 2873 2840 2949 Domini
2891 2874 2987 2947 M.
3014 2869 3201 2973 [CC.]
3219 2872 3512 2965 xxxn,
3561 2871 3686 2946 XV
3725 2872 4053 2948 kalendas

1222 2999 1421 3091 maii,
1463 2998 1840 3072 indictione
1874 3000 1958 3073 V.

852 3526 1127 3634 sffifflfflm,
1333 3535 1702 3619 Hem-icus
1715 3595 1739 3637 ,
1782 3533 2302 3617 Romanorum
2346 3558 2520 3639 rex,
2558 3531 2839 3616 Sifrido
2884 3529 3442 3640 archiepiscopo
3486 3528 3932 3640 Maguntino
3974 3539 4051 3613 et

865 3636 921 3677 ῃ
947 3636 1115 3688 2.me
1227 3668 1584 3754 ecclesiae
1638 3665 1804 3777 ejus
1858 3666 2257 3774 confirmat
2291 3665 2782 3749 donationem
2823 3663 3292 3773 principatus
3329 3664 3682 3746 ecclesiae
3716 3663 4040 3747 Lauris-

1226 3803 1466 3888 sensis
1529 3829 1574 3884 a
1629 3810 1842 3909 patre
1895 3825 2034 3882 suo
2089 3799 2166 3880 in
2217 3825 2357 3882 sua
2391 3797 2815 3907 praesentia
2849 3798 3096 3881 eidem
3134 3796 3693 3906 archiepiscopo
3727 3795 4034 3879 factam.

1384 4014 1411 4094 (
1426 4012 1664 4074 Edider.
1708 4012 1997 4091 Jomms,
2027 4014 2159 4071 Rer.
2190 4012 2458 4092 Moy-unt.
2486 4009 2715 4089 script„
2760 4013 2811 4070 t.
2840 4008 2966 4082 111,
3012 4024 3075 4085 p.
3115 4015 3214 4069 99.
3256 4038 3337 4054 -
3361 4006 3592 4080 Lmuc,
3622 4003 4032 4075 Reichsarcleiv,

1458 4125 1509 4180 t.
1538 4116 1703 4188 XVI.
1732 4132 1795 4193 p.
1824 4125 1924 4194 8⁴,
1954 4116 2132 4177 ambo
2155 4122 2358 4176 tamen
2382 4116 2583 4176 minus
2603 4118 2866 4193 integre,
2904 4115 3245 4192 praesertim
3267 4113 3469 4192 quoad
3495 4114 3737 4174 testium
3761 4114 4036 4186 nomina3

1456 4242 1612 4304 quae
1648 4230 1850 4286 tamen
1893 4226 2258 4286 restituimus
2295 4240 2369 4286 ex
2412 4224 2542 4284 cod.
2572 4222 2852 4285 Biblioth.
2892 4222 3206 4303 Stuttgart.
3234 4223 3479 4295 Biston,
3519 4230 3588 4281 n⁰
3615 4229 3756 4294 247,
3803 4219 3906 4282 fol.
3964 4228 4035 4280 15

1460 4328 1669 4410 recto.)

1291 4569 1367 4643 (4)
1403 4569 1651 4628 Fuerit-ne
1683 4568 1737 4625 id
1779 4567 2113 4642 privilegium
2147 4566 2473 4625 monasterio
2521 4566 2784 4625 Steinensi
2832 4579 3147 4624 concessum
3184 4564 3327 4638 quod
3370 4580 3534 4640 supra
3580 4561 3997 4622 memoravimus
4017 4601 4032 4632 ,

1220 4685 1277 4742 p.
1304 4669 1443 4736 329,
1475 4682 1544 4723 an
1572 4665 1714 4722 aliud
1732 4707 1746 4736 ,
1776 4665 2034 4740 temporis
2062 4671 2240 4723 tamen
2268 4665 2538 4739 ejusdem,
2568 4680 2676 4721 non
2711 4663 2869 4738 plane
2893 4662 3111 4722 scimus.
3141 4661 3223 4720 ef.
3255 4662 3311 4719 in
3338 4660 3738 4719 Additamentis
3764 4660 3833 4718 ad
3876 4658 4037 4731 hujus

1220 4762 1505 4822 voluminis
1527 4762 1749 4820 calcem.
