<?xml version="1.0" encoding="UTF-8"?>
<!DOCTYPE html PUBLIC "-//W3C//DTD XHTML 1.0 Transitional//EN"
    "http://www.w3.org/TR/xhtml1/DTD/xhtml1-transitional.dtd">
<html xmlns="http://www.w3.org/1999/xhtml" xml:lang="en" lang="en">
 <head>
  <title>
</title>
<meta http-equiv="Content-Type" content="text/html;charset=utf-8" />
  <meta name='ocr-system' content='tesseract 3.04.00' />
  <meta name='ocr-capabilities' content='ocr_page ocr_carea ocr_par ocr_line ocrx_word'/>
</head>
<body>
  <div class='ocr_page' id='page_1' title='image "./historiadiploma01degoog_0190.png"; bbox 0 0 4842 5802; ppageno 0'>
   <div class='ocr_carea' id='block_1_1' title="bbox 1198 630 4009 714">
    <p class='ocr_par' dir='ltr' id='par_1_1' title="bbox 1198 630 4009 714">
     <span class='ocr_line' id='line_1_1' title="bbox 1198 630 4009 714; baseline 0.004 -23"><span class='ocrx_word' id='word_1_1' title='bbox 1198 630 1321 691; x_wconf 79' lang='lat'>694</span> <span class='ocrx_word' id='word_1_2' title='bbox 2238 631 2582 693; x_wconf 71' lang='lat' dir='ltr'>nssmmcl</span> <span class='ocrx_word' id='word_1_3' title='bbox 2638 630 2975 692; x_wconf 76' lang='lat' dir='ltr'>SEP&#39;rnn</span> <span class='ocrx_word' id='word_1_4' title='bbox 3639 636 3800 714; x_wconf 68' lang='lat' dir='ltr'>[Anu.</span> <span class='ocrx_word' id='word_1_5' title='bbox 3837 636 4009 703; x_wconf 65' lang='lat'><strong>1234.</strong></span> 
     </span>
    </p>
   </div>
   <div class='ocr_carea' id='block_1_2' title="bbox 1192 765 4013 1226">
    <p class='ocr_par' dir='ltr' id='par_1_2' title="bbox 1200 765 4013 986">
     <span class='ocr_line' id='line_1_2' title="bbox 1200 765 4013 863; baseline 0.003 -24"><span class='ocrx_word' id='word_1_6' title='bbox 1200 765 1394 856; x_wconf 81' lang='lat' dir='ltr'>berg,</span> <span class='ocrx_word' id='word_1_7' title='bbox 1417 766 1878 838; x_wconf 85' lang='lat' dir='ltr'>Hartmannus</span> <span class='ocrx_word' id='word_1_8' title='bbox 1902 787 2131 839; x_wconf 90' lang='lat' dir='ltr'>comes</span> <span class='ocrx_word' id='word_1_9' title='bbox 2165 766 2255 839; x_wconf 92' lang='lat' dir='ltr'>de</span> <span class='ocrx_word' id='word_1_10' title='bbox 2284 766 2630 859; x_wconf 77' lang='lat' dir='ltr'>Dilingen‚</span> <span class='ocrx_word' id='word_1_11' title='bbox 2781 787 3013 839; x_wconf 90' lang='lat' dir='ltr'>comes</span> <span class='ocrx_word' id='word_1_12' title='bbox 3036 767 3128 840; x_wconf 89' lang='lat' dir='ltr'>de</span> <span class='ocrx_word' id='word_1_13' title='bbox 3157 767 3621 863; x_wconf 86' lang='lat' dir='ltr'>Lowenstein,</span> <span class='ocrx_word' id='word_1_14' title='bbox 3649 770 4013 847; x_wconf 80' lang='lat' dir='ltr'>Heinricus</span> 
     </span>
     <span class='ocr_line' id='line_1_3' title="bbox 1202 888 3448 986; baseline 0.001 -24"><span class='ocrx_word' id='word_1_15' title='bbox 1202 890 1430 962; x_wconf 88' lang='lat' dir='ltr'>senior</span> <span class='ocrx_word' id='word_1_16' title='bbox 1458 888 1548 962; x_wconf 88' lang='lat' dir='ltr'>de</span> <span class='ocrx_word' id='word_1_17' title='bbox 1574 889 1780 960; x_wconf 86' lang='lat' dir='ltr'>Niffin</span> <span class='ocrx_word' id='word_1_18' title='bbox 1813 899 1883 961; x_wconf 83' lang='lat' dir='ltr'>et</span> <span class='ocrx_word' id='word_1_19' title='bbox 1904 888 2222 962; x_wconf 87' lang='lat' dir='ltr'>Albertus</span> <span class='ocrx_word' id='word_1_20' title='bbox 2244 891 2452 962; x_wconf 80' lang='lat' dir='ltr'>frater</span> <span class='ocrx_word' id='word_1_21' title='bbox 2483 908 2690 979; x_wconf 87' lang='lat' dir='ltr'>suus,</span> <span class='ocrx_word' id='word_1_22' title='bbox 2728 899 2797 962; x_wconf 87' lang='lat' dir='ltr'>et</span> <span class='ocrx_word' id='word_1_23' title='bbox 2827 889 2945 961; x_wconf 87' lang='lat' dir='ltr'>alii</span> <span class='ocrx_word' id='word_1_24' title='bbox 2977 892 3448 986; x_wconf 80' lang='lat' dir='ltr'><strong>quamplures.</strong></span> 
     </span>
    </p>

    <p class='ocr_par' dir='ltr' id='par_1_3' title="bbox 1192 1011 4008 1226">
     <span class='ocr_line' id='line_1_4' title="bbox 1289 1011 4008 1109; baseline 0.004 -27"><span class='ocrx_word' id='word_1_25' title='bbox 1289 1011 1539 1083; x_wconf 83' lang='lat' dir='ltr'>Actum</span> <span class='ocrx_word' id='word_1_26' title='bbox 1575 1012 1768 1106; x_wconf 88' lang='lat' dir='ltr'>apud</span> <span class='ocrx_word' id='word_1_27' title='bbox 1792 1013 2184 1107; x_wconf 81' lang='lat' dir='ltr'>Esslingen,</span> <span class='ocrx_word' id='word_1_28' title='bbox 2218 1034 2402 1087; x_wconf 89' lang='lat' dir='ltr'>anno</span> <span class='ocrx_word' id='word_1_29' title='bbox 2423 1013 2695 1086; x_wconf 89' lang='lat' dir='ltr'>Domini</span> <span class='ocrx_word' id='word_1_30' title='bbox 2720 1013 2815 1087; x_wconf 87' lang='grc' dir='ltr'>Μ.</span> <span class='ocrx_word' id='word_1_31' title='bbox 2847 1011 2971 1085; x_wconf 89' lang='lat' dir='ltr'>CC.</span> <span class='ocrx_word' id='word_1_32' title='bbox 2998 1014 3312 1087; x_wconf 83' lang='lat' dir='ltr'>xxxnn</span> <span class='ocrx_word' id='word_1_33' title='bbox 3332 1069 3354 1109; x_wconf 89' lang='lat'>,</span> <span class='ocrx_word' id='word_1_34' title='bbox 3389 1015 3705 1091; x_wconf 79' lang='lat' dir='ltr'>kalendis</span> <span class='ocrx_word' id='word_1_35' title='bbox 3724 1038 4008 1093; x_wconf 87' lang='lat' dir='ltr'>novem·</span> 
     </span>
     <span class='ocr_line' id='line_1_5' title="bbox 1192 1134 1993 1226; baseline -0.001 -19"><span class='ocrx_word' id='word_1_36' title='bbox 1192 1134 1370 1226; x_wconf 88' lang='lat' dir='ltr'>bris,</span> <span class='ocrx_word' id='word_1_37' title='bbox 1414 1134 1788 1207; x_wconf 81' lang='lat' dir='ltr'>indictione</span> <span class='ocrx_word' id='word_1_38' title='bbox 1816 1136 1993 1207; x_wconf 83' lang='lat' dir='ltr'>vm.</span> 
     </span>
    </p>
   </div>
   <div class='ocr_carea' id='block_1_3' title="bbox 797 1698 4010 2180">
    <p class='ocr_par' dir='ltr' id='par_1_4' title="bbox 821 1698 4009 1833">
     <span class='ocr_line' id='line_1_6' title="bbox 821 1698 4009 1833; baseline 0.003 -52"><span class='ocrx_word' id='word_1_39' title='bbox 821 1725 1107 1833; x_wconf 40' lang='lat' dir='ltr'>agmen·</span> <span class='ocrx_word' id='word_1_40' title='bbox 1299 1700 1664 1783; x_wconf 88' lang='lat' dir='ltr'>Henricus</span> <span class='ocrx_word' id='word_1_41' title='bbox 1680 1762 1704 1807; x_wconf 86' lang='lat'>‚</span> <span class='ocrx_word' id='word_1_42' title='bbox 1753 1699 2269 1782; x_wconf 89' lang='lat' dir='ltr'>Romanorum</span> <span class='ocrx_word' id='word_1_43' title='bbox 2305 1725 2440 1783; x_wconf 85' lang='lat' dir='ltr'>rex</span> <span class='ocrx_word' id='word_1_44' title='bbox 2459 1762 2484 1809; x_wconf 84' lang='lat'>‚</span> <span class='ocrx_word' id='word_1_45' title='bbox 2533 1700 2616 1781; x_wconf 89' lang='lat' dir='ltr'>in</span> <span class='ocrx_word' id='word_1_46' title='bbox 2650 1698 2989 1784; x_wconf 81' lang='lat' dir='ltr'>favorem</span> <span class='ocrx_word' id='word_1_47' title='bbox 3041 1701 3386 1787; x_wconf 89' lang='lat' dir='ltr'>Landolfi</span> <span class='ocrx_word' id='word_1_48' title='bbox 3428 1704 4009 1791; x_wconf 83' lang='lat' dir='ltr'>wormatiensis</span> 
     </span>
    </p>

    <p class='ocr_par' dir='ltr' id='par_1_5' title="bbox 797 1831 4010 2180">
     <span class='ocr_line' id='line_1_7' title="bbox 797 1831 4010 1940; baseline 0.002 -25"><span class='ocrx_word' id='word_1_49' title='bbox 797 1834 843 1875; x_wconf 77' lang='lat'>¹⁶</span> <span class='ocrx_word' id='word_1_50' title='bbox 861 1833 1121 1876; x_wconf 54' lang='lat' dir='ltr'>”mmm</span> <span class='ocrx_word' id='word_1_51' title='bbox 1194 1832 1408 1916; x_wconf 89' lang='lat' dir='ltr'>electi</span> <span class='ocrx_word' id='word_1_52' title='bbox 1445 1831 1851 1915; x_wconf 82' lang='lat' dir='ltr'>sententias</span> <span class='ocrx_word' id='word_1_53' title='bbox 1886 1831 2327 1940; x_wconf 81' lang='lat' dir='ltr'>promulgat</span> <span class='ocrx_word' id='word_1_54' title='bbox 2367 1861 2387 1913; x_wconf 78' lang='lat' dir='ltr'><strong><em>z</em></strong></span> <span class='ocrx_word' id='word_1_55' title='bbox 2428 1831 2775 1915; x_wconf 81' lang='lat' dir='ltr'>videlicet</span> <span class='ocrx_word' id='word_1_56' title='bbox 2805 1832 2904 1916; x_wconf 92' lang='lat' dir='ltr'>de</span> <span class='ocrx_word' id='word_1_57' title='bbox 2955 1833 3349 1918; x_wconf 84' lang='lat' dir='ltr'>diruendis</span> <span class='ocrx_word' id='word_1_58' title='bbox 3403 1836 3761 1920; x_wconf 89' lang='lat' dir='ltr'>aedificiis</span> <span class='ocrx_word' id='word_1_59' title='bbox 3804 1838 4010 1922; x_wconf 87' lang='lat' dir='ltr'>etde</span> 
     </span>
     <span class='ocr_line' id='line_1_8' title="bbox 1195 1963 4004 2078; baseline 0.003 -32"><span class='ocrx_word' id='word_1_60' title='bbox 1195 1964 1443 2049; x_wconf 86' lang='lat' dir='ltr'>feudis</span> <span class='ocrx_word' id='word_1_61' title='bbox 1513 1963 1958 2047; x_wconf 83' lang='lat' dir='ltr'>revocandis</span> <span class='ocrx_word' id='word_1_62' title='bbox 2027 1990 2225 2074; x_wconf 89' lang='lat' dir='ltr'>quae</span> <span class='ocrx_word' id='word_1_63' title='bbox 2278 1991 2325 2046; x_wconf 92' lang='lat' dir='ltr'>a</span> <span class='ocrx_word' id='word_1_64' title='bbox 2377 1964 3084 2072; x_wconf 79' lang='lat' dir='ltr'>praedecessoribus</span> <span class='ocrx_word' id='word_1_65' title='bbox 3137 1966 3479 2078; x_wconf 88' lang='lat' dir='ltr'>ejusdem</span> <span class='ocrx_word' id='word_1_66' title='bbox 3542 1970 3755 2053; x_wconf 88' lang='lat' dir='ltr'>electi</span> <span class='ocrx_word' id='word_1_67' title='bbox 3817 1969 4004 2055; x_wconf 87' lang='lat' dir='ltr'>fue-</span> 
     </span>
     <span class='ocr_line' id='line_1_9' title="bbox 1193 2097 2156 2180; baseline -0.004 0"><span class='ocrx_word' id='word_1_68' title='bbox 1193 2108 1375 2180; x_wconf 89' lang='lat' dir='ltr'>runt</span> <span class='ocrx_word' id='word_1_69' title='bbox 1408 2097 1739 2180; x_wconf 90' lang='lat' dir='ltr'>indebite</span> <span class='ocrx_word' id='word_1_70' title='bbox 1773 2122 2156 2179; x_wconf 90' lang='lat' dir='ltr'>concessa.</span> 
     </span>
    </p>
   </div>
   <div class='ocr_carea' id='block_1_4' title="bbox 1349 2309 3274 2393">
    <p class='ocr_par' dir='ltr' id='par_1_6' title="bbox 1349 2309 3274 2393">
     <span class='ocr_line' id='line_1_10' title="bbox 1349 2309 3274 2393; baseline 0.001 -19"><span class='ocrx_word' id='word_1_71' title='bbox 1349 2313 1557 2393; x_wconf 84' lang='lat' dir='ltr'>(Edid.</span> <span class='ocrx_word' id='word_1_72' title='bbox 1589 2313 1943 2390; x_wconf 64' lang='lat' dir='ltr'>Semnan,</span> <span class='ocrx_word' id='word_1_73' title='bbox 1974 2310 2130 2372; x_wconf 72' lang='lat' dir='ltr'>Hist.</span> <span class='ocrx_word' id='word_1_74' title='bbox 2160 2311 2333 2390; x_wconf 75' lang='lat' dir='ltr'>episc.</span> <span class='ocrx_word' id='word_1_75' title='bbox 2375 2309 2680 2387; x_wconf 65' lang='lat' dir='ltr'>Wormat„</span> <span class='ocrx_word' id='word_1_76' title='bbox 2705 2328 2767 2388; x_wconf 88' lang='lat' dir='ltr'>p.</span> <span class='ocrx_word' id='word_1_77' title='bbox 2795 2318 2937 2389; x_wconf 76' lang='lat'>225,</span> <span class='ocrx_word' id='word_1_78' title='bbox 2964 2314 3028 2372; x_wconf 84' lang='lat' dir='ltr'>in</span> <span class='ocrx_word' id='word_1_79' title='bbox 3055 2313 3274 2392; x_wconf 82' lang='lat' dir='ltr'>textu.)</span> 
     </span>
    </p>
   </div>
   <div class='ocr_carea' id='block_1_5' title="bbox 1188 2495 4009 4073">
    <p class='ocr_par' dir='ltr' id='par_1_7' title="bbox 1188 2495 4009 3951">
     <span class='ocr_line' id='line_1_11' title="bbox 1287 2495 4008 2596; baseline 0.002 -25"><span class='ocrx_word' id='word_1_80' title='bbox 1287 2500 1684 2588; x_wconf 90' lang='lat' dir='ltr'>Heinricus,</span> <span class='ocrx_word' id='word_1_81' title='bbox 1722 2497 1849 2568; x_wconf 92' lang='lat' dir='ltr'>Dei</span> <span class='ocrx_word' id='word_1_82' title='bbox 1876 2495 2094 2590; x_wconf 80' lang='lat' dir='ltr'>gratia</span> <span class='ocrx_word' id='word_1_83' title='bbox 2117 2497 2579 2568; x_wconf 87' lang='lat' dir='ltr'>Romanorum</span> <span class='ocrx_word' id='word_1_84' title='bbox 2615 2518 2771 2588; x_wconf 85' lang='lat' dir='ltr'>rex,</span> <span class='ocrx_word' id='word_1_85' title='bbox 2804 2505 2975 2587; x_wconf 90' lang='lat' dir='ltr'>etc.‚</span> <span class='ocrx_word' id='word_1_86' title='bbox 3015 2498 3359 2571; x_wconf 86' lang='lat' dir='ltr'>universis</span> <span class='ocrx_word' id='word_1_87' title='bbox 3380 2499 3649 2596; x_wconf 90' lang='lat' dir='ltr'>imperii</span> <span class='ocrx_word' id='word_1_88' title='bbox 3685 2497 4008 2576; x_wconf 86' lang='lat' dir='ltr'>fidelibus</span> 
     </span>
     <span class='ocr_line' id='line_1_12' title="bbox 1192 2615 4006 2713; baseline 0.001 -18"><span class='ocrx_word' id='word_1_89' title='bbox 1192 2632 1322 2695; x_wconf 91' lang='lat' dir='ltr'>etc.</span> <span class='ocrx_word' id='word_1_90' title='bbox 1356 2621 1527 2693; x_wconf 89' lang='lat' dir='ltr'>Cum</span> <span class='ocrx_word' id='word_1_91' title='bbox 1571 2641 1698 2691; x_wconf 91' lang='lat' dir='ltr'>nos</span> <span class='ocrx_word' id='word_1_92' title='bbox 1730 2620 2026 2691; x_wconf 84' lang='lat' dir='ltr'>velimus</span> <span class='ocrx_word' id='word_1_93' title='bbox 2053 2617 2376 2690; x_wconf 90' lang='lat' dir='ltr'>dilectum</span> <span class='ocrx_word' id='word_1_94' title='bbox 2409 2615 2798 2713; x_wconf 89' lang='lat' dir='ltr'>principem</span> <span class='ocrx_word' id='word_1_95' title='bbox 2837 2627 3148 2693; x_wconf 86' lang='lat' dir='ltr'>nostrum</span> <span class='ocrx_word' id='word_1_96' title='bbox 3187 2623 3651 2696; x_wconf 83' lang='lat' dir='ltr'>venerabilem</span> <span class='ocrx_word' id='word_1_97' title='bbox 3694 2628 4006 2699; x_wconf 90' lang='lat' dir='ltr'>Worma-</span> 
     </span>
     <span class='ocr_line' id='line_1_13' title="bbox 1190 2741 4006 2834; baseline 0.001 -17"><span class='ocrx_word' id='word_1_98' title='bbox 1190 2747 1475 2817; x_wconf 89' lang='lat' dir='ltr'>tiensem</span> <span class='ocrx_word' id='word_1_99' title='bbox 1505 2744 1798 2813; x_wconf 87' lang='lat' dir='ltr'>electum</span> <span class='ocrx_word' id='word_1_100' title='bbox 1835 2761 2248 2814; x_wconf 88' lang='lat' dir='ltr'>conservare</span> <span class='ocrx_word' id='word_1_101' title='bbox 2269 2741 2343 2812; x_wconf 95' lang='lat' dir='ltr'>in</span> <span class='ocrx_word' id='word_1_102' title='bbox 2369 2742 2693 2814; x_wconf 88' lang='lat' dir='ltr'>omnibus</span> <span class='ocrx_word' id='word_1_103' title='bbox 2712 2742 2998 2834; x_wconf 81' lang='lat' dir='ltr'>justitiis</span> <span class='ocrx_word' id='word_1_104' title='bbox 3031 2742 3213 2834; x_wconf 90' lang='lat' dir='ltr'>suis,</span> <span class='ocrx_word' id='word_1_105' title='bbox 3263 2744 3438 2817; x_wconf 88' lang='lat' dir='ltr'>scire</span> <span class='ocrx_word' id='word_1_106' title='bbox 3471 2747 3797 2821; x_wconf 81' lang='lat' dir='ltr'>volumus</span> <span class='ocrx_word' id='word_1_107' title='bbox 3834 2750 4006 2821; x_wconf 91' lang='lat' dir='ltr'>uni-</span> 
     </span>
     <span class='ocr_line' id='line_1_14' title="bbox 1193 2864 4007 2960; baseline 0.002 -18"><span class='ocrx_word' id='word_1_108' title='bbox 1193 2868 1584 2942; x_wconf 88' lang='lat' dir='ltr'>versitatem</span> <span class='ocrx_word' id='word_1_109' title='bbox 1612 2874 1908 2938; x_wconf 86' lang='lat' dir='ltr'>vestram</span> <span class='ocrx_word' id='word_1_110' title='bbox 1939 2864 2131 2960; x_wconf 90' lang='lat' dir='ltr'>quod</span> <span class='ocrx_word' id='word_1_111' title='bbox 2166 2865 2324 2937; x_wconf 89' lang='lat' dir='ltr'>talis</span> <span class='ocrx_word' id='word_1_112' title='bbox 2352 2885 2579 2938; x_wconf 86' lang='lat' dir='ltr'>coram</span> <span class='ocrx_word' id='word_1_113' title='bbox 2606 2864 2807 2939; x_wconf 90' lang='lat' dir='ltr'>nobis</span> <span class='ocrx_word' id='word_1_114' title='bbox 2831 2867 2963 2939; x_wconf 87' lang='lat' dir='ltr'>lata</span> <span class='ocrx_word' id='word_1_115' title='bbox 2998 2875 3103 2940; x_wconf 87' lang='lat' dir='ltr'>est</span> <span class='ocrx_word' id='word_1_116' title='bbox 3123 2868 3460 2943; x_wconf 85' lang='lat' dir='ltr'>sententia</span> <span class='ocrx_word' id='word_1_117' title='bbox 3481 2879 3552 2941; x_wconf 89' lang='lat' dir='ltr'>et</span> <span class='ocrx_word' id='word_1_118' title='bbox 3573 2870 3665 2943; x_wconf 88' lang='lat' dir='ltr'>ab</span> <span class='ocrx_word' id='word_1_119' title='bbox 3686 2873 4007 2947; x_wconf 89' lang='lat' dir='ltr'>omnibus</span> 
     </span>
     <span class='ocr_line' id='line_1_15' title="bbox 1191 2987 4008 3091; baseline 0.002 -25"><span class='ocrx_word' id='word_1_120' title='bbox 1191 2992 1570 3088; x_wconf 87' lang='lat' dir='ltr'>approbata</span> <span class='ocrx_word' id='word_1_121' title='bbox 1592 2989 1785 3084; x_wconf 90' lang='lat' dir='ltr'>quod</span> <span class='ocrx_word' id='word_1_122' title='bbox 1812 3011 2052 3062; x_wconf 91' lang='lat' dir='ltr'>omnes</span> <span class='ocrx_word' id='word_1_123' title='bbox 2080 2989 2203 3082; x_wconf 89' lang='lat' dir='ltr'>qui</span> <span class='ocrx_word' id='word_1_124' title='bbox 2230 2989 2581 3083; x_wconf 83' lang='lat' dir='ltr'>aliquibus</span> <span class='ocrx_word' id='word_1_125' title='bbox 2613 2987 2906 3061; x_wconf 86' lang='lat' dir='ltr'>edificiis</span> <span class='ocrx_word' id='word_1_126' title='bbox 2941 3001 3455 3085; x_wconf 87' lang='lat' dir='ltr'>occupaverunt</span> <span class='ocrx_word' id='word_1_127' title='bbox 3484 2993 3748 3066; x_wconf 85' lang='lat' dir='ltr'>curiam</span> <span class='ocrx_word' id='word_1_128' title='bbox 3786 2996 4008 3091; x_wconf 90' lang='lat' dir='ltr'>ipsius</span> 
     </span>
     <span class='ocr_line' id='line_1_16' title="bbox 1189 3111 4005 3209; baseline 0.002 -21"><span class='ocrx_word' id='word_1_129' title='bbox 1189 3115 1426 3203; x_wconf 87' lang='lat' dir='ltr'>electi,</span> <span class='ocrx_word' id='word_1_130' title='bbox 1468 3135 1747 3208; x_wconf 88' lang='lat' dir='ltr'>prorsus</span> <span class='ocrx_word' id='word_1_131' title='bbox 1777 3113 1927 3207; x_wconf 88' lang='lat' dir='ltr'>ipsa</span> <span class='ocrx_word' id='word_1_132' title='bbox 1955 3111 2228 3185; x_wconf 86' lang='lat' dir='ltr'>edificia</span> <span class='ocrx_word' id='word_1_133' title='bbox 2266 3111 2544 3185; x_wconf 90' lang='lat' dir='ltr'>demere</span> <span class='ocrx_word' id='word_1_134' title='bbox 2576 3112 2858 3185; x_wconf 87' lang='lat' dir='ltr'>debent.</span> <span class='ocrx_word' id='word_1_135' title='bbox 2899 3113 3180 3207; x_wconf 86' lang='lat' dir='ltr'>Insuper</span> <span class='ocrx_word' id='word_1_136' title='bbox 3217 3135 3342 3209; x_wconf 89' lang='lat' dir='ltr'>per</span> <span class='ocrx_word' id='word_1_137' title='bbox 3374 3118 3779 3191; x_wconf 86' lang='lat' dir='ltr'>sententiam</span> <span class='ocrx_word' id='word_1_138' title='bbox 3816 3118 4005 3193; x_wconf 87' lang='lat' dir='ltr'>obti-</span> 
     </span>
     <span class='ocr_line' id='line_1_17' title="bbox 1190 3234 4006 3330; baseline 0.003 -19"><span class='ocrx_word' id='word_1_139' title='bbox 1190 3239 1341 3311; x_wconf 82' lang='lat' dir='ltr'>nuit</span> <span class='ocrx_word' id='word_1_140' title='bbox 1373 3237 1757 3330; x_wconf 80' lang='lat' dir='ltr'>generalem</span> <span class='ocrx_word' id='word_1_141' title='bbox 1785 3235 1975 3330; x_wconf 90' lang='lat' dir='ltr'>quod</span> <span class='ocrx_word' id='word_1_142' title='bbox 2011 3234 2326 3328; x_wconf 83' lang='lat' dir='ltr'>redigere</span> <span class='ocrx_word' id='word_1_143' title='bbox 2375 3235 2583 3310; x_wconf 86' lang='lat' dir='ltr'>debet</span> <span class='ocrx_word' id='word_1_144' title='bbox 2628 3256 2787 3306; x_wconf 92' lang='lat' dir='ltr'>cum</span> <span class='ocrx_word' id='word_1_145' title='bbox 2823 3235 3012 3308; x_wconf 91' lang='lat' dir='ltr'>omni</span> <span class='ocrx_word' id='word_1_146' title='bbox 3055 3236 3439 3329; x_wconf 80' lang='lat' dir='ltr'>integritate</span> <span class='ocrx_word' id='word_1_147' title='bbox 3473 3240 3567 3313; x_wconf 90' lang='lat' dir='ltr'>ad</span> <span class='ocrx_word' id='word_1_148' title='bbox 3621 3262 3791 3314; x_wconf 86' lang='lat' dir='ltr'>usus</span> <span class='ocrx_word' id='word_1_149' title='bbox 3842 3266 4006 3319; x_wconf 87' lang='lat' dir='ltr'>suos</span> 
     </span>
     <span class='ocr_line' id='line_1_18' title="bbox 1192 3359 4009 3458; baseline 0.001 -21"><span class='ocrx_word' id='word_1_150' title='bbox 1192 3364 1422 3437; x_wconf 87' lang='lat' dir='ltr'>omnia</span> <span class='ocrx_word' id='word_1_151' title='bbox 1448 3359 1650 3433; x_wconf 88' lang='lat' dir='ltr'>feoda</span> <span class='ocrx_word' id='word_1_152' title='bbox 1684 3361 1800 3432; x_wconf 87' lang='lat' dir='ltr'>illa</span> <span class='ocrx_word' id='word_1_153' title='bbox 1837 3381 1974 3455; x_wconf 90' lang='lat' dir='ltr'>que</span> <span class='ocrx_word' id='word_1_154' title='bbox 2012 3382 2107 3432; x_wconf 82' lang='lat' dir='ltr'>ex</span> <span class='ocrx_word' id='word_1_155' title='bbox 2136 3381 2322 3432; x_wconf 91' lang='lat' dir='ltr'>novo</span> <span class='ocrx_word' id='word_1_156' title='bbox 2357 3381 2399 3431; x_wconf 87' lang='lat' dir='ltr'>a</span> <span class='ocrx_word' id='word_1_157' title='bbox 2431 3359 3031 3454; x_wconf 82' lang='lat' dir='ltr'>predecessoribus</span> <span class='ocrx_word' id='word_1_158' title='bbox 3067 3361 3213 3433; x_wconf 89' lang='lat' dir='ltr'>suis</span> <span class='ocrx_word' id='word_1_159' title='bbox 3248 3363 3588 3458; x_wconf 90' lang='lat' dir='ltr'>Luipoldo</span> <span class='ocrx_word' id='word_1_160' title='bbox 3613 3374 3682 3437; x_wconf 89' lang='lat' dir='ltr'>et</span> <span class='ocrx_word' id='word_1_161' title='bbox 3715 3368 4009 3442; x_wconf 90' lang='lat' dir='ltr'>Henrico</span> 
     </span>
     <span class='ocr_line' id='line_1_19' title="bbox 1192 3484 4008 3588; baseline 0.002 -28"><span class='ocrx_word' id='word_1_162' title='bbox 1192 3498 1354 3561; x_wconf 87' lang='lat' dir='ltr'>sunt</span> <span class='ocrx_word' id='word_1_163' title='bbox 1388 3507 1712 3560; x_wconf 60' lang='lat' dir='ltr'>concessa</span> <span class='ocrx_word' id='word_1_164' title='bbox 1750 3495 1820 3558; x_wconf 83' lang='lat' dir='ltr'>et</span> <span class='ocrx_word' id='word_1_165' title='bbox 1856 3506 1977 3579; x_wconf 91' lang='lat' dir='ltr'>pro</span> <span class='ocrx_word' id='word_1_166' title='bbox 2023 3484 2247 3557; x_wconf 81' lang='lat' dir='ltr'>feodis</span> <span class='ocrx_word' id='word_1_167' title='bbox 2287 3486 2444 3556; x_wconf 89' lang='lat' dir='ltr'>licet</span> <span class='ocrx_word' id='word_1_168' title='bbox 2488 3484 2791 3558; x_wconf 88' lang='lat' dir='ltr'>indebite</span> <span class='ocrx_word' id='word_1_169' title='bbox 2824 3485 3291 3581; x_wconf 82' lang='lat' dir='ltr'>possidentur.</span> <span class='ocrx_word' id='word_1_170' title='bbox 3324 3488 3737 3562; x_wconf 91' lang='lat' dir='ltr'>Mandamus</span> <span class='ocrx_word' id='word_1_171' title='bbox 3775 3492 4008 3588; x_wconf 83' lang='lat' dir='ltr'>itaque</span> 
     </span>
     <span class='ocr_line' id='line_1_20' title="bbox 1191 3608 4003 3718; baseline 0.003 -35"><span class='ocrx_word' id='word_1_172' title='bbox 1191 3622 1259 3684; x_wconf 90' lang='lat' dir='ltr'>et</span> <span class='ocrx_word' id='word_1_173' title='bbox 1291 3611 1701 3705; x_wconf 85' lang='lat' dir='ltr'>precipimus</span> <span class='ocrx_word' id='word_1_174' title='bbox 1728 3609 1860 3680; x_wconf 89' lang='lat' dir='ltr'>sub</span> <span class='ocrx_word' id='word_1_175' title='bbox 1895 3608 2177 3679; x_wconf 90' lang='lat' dir='ltr'>obtentu</span> <span class='ocrx_word' id='word_1_176' title='bbox 2205 3616 2433 3679; x_wconf 91' lang='lat' dir='ltr'>nostre</span> <span class='ocrx_word' id='word_1_177' title='bbox 2462 3608 2680 3718; x_wconf 70' lang='lat' dir='ltr'>gratie</span> <span class='ocrx_word' id='word_1_178' title='bbox 2706 3618 2777 3681; x_wconf 89' lang='lat' dir='ltr'>et</span> <span class='ocrx_word' id='word_1_179' title='bbox 2810 3609 3082 3704; x_wconf 91' lang='lat' dir='ltr'>imperii</span> <span class='ocrx_word' id='word_1_180' title='bbox 3105 3618 3184 3681; x_wconf 89' lang='lat' dir='ltr'>ut</span> <span class='ocrx_word' id='word_1_181' title='bbox 3208 3612 3439 3683; x_wconf 90' lang='lat' dir='ltr'>nullus</span> <span class='ocrx_word' id='word_1_182' title='bbox 3465 3613 3555 3684; x_wconf 84' lang='lat' dir='ltr'>sit</span> <span class='ocrx_word' id='word_1_183' title='bbox 3586 3614 3706 3707; x_wconf 90' lang='lat' dir='ltr'>qui</span> <span class='ocrx_word' id='word_1_184' title='bbox 3742 3638 4003 3691; x_wconf 92' lang='lat' dir='ltr'>memo-</span> 
     </span>
     <span class='ocr_line' id='line_1_21' title="bbox 1188 3730 4002 3828; baseline 0.002 -22"><span class='ocrx_word' id='word_1_185' title='bbox 1188 3744 1409 3806; x_wconf 89' lang='lat' dir='ltr'>ratum</span> <span class='ocrx_word' id='word_1_186' title='bbox 1469 3732 1848 3826; x_wconf 90' lang='lat' dir='ltr'>principem</span> <span class='ocrx_word' id='word_1_187' title='bbox 1897 3740 2207 3804; x_wconf 88' lang='lat' dir='ltr'>nostrum</span> <span class='ocrx_word' id='word_1_188' title='bbox 2255 3731 2458 3803; x_wconf 90' lang='lat' dir='ltr'>nobis</span> <span class='ocrx_word' id='word_1_189' title='bbox 2498 3730 2832 3805; x_wconf 90' lang='lat' dir='ltr'>dilectum</span> <span class='ocrx_word' id='word_1_190' title='bbox 2870 3733 2944 3804; x_wconf 90' lang='lat' dir='ltr'>in</span> <span class='ocrx_word' id='word_1_191' title='bbox 2982 3732 3150 3828; x_wconf 87' lang='lat' dir='ltr'>ipsis</span> <span class='ocrx_word' id='word_1_192' title='bbox 3201 3734 3558 3807; x_wconf 82' lang='lat' dir='ltr'>sententiis</span> <span class='ocrx_word' id='word_1_193' title='bbox 3613 3738 3871 3811; x_wconf 88' lang='lat' dir='ltr'>audeat</span> <span class='ocrx_word' id='word_1_194' title='bbox 3896 3740 4002 3812; x_wconf 90' lang='lat' dir='ltr'>vel</span> 
     </span>
     <span class='ocr_line' id='line_1_22' title="bbox 1191 3854 3671 3951; baseline 0.001 -22"><span class='ocrx_word' id='word_1_195' title='bbox 1191 3867 1535 3951; x_wconf 84' lang='lat' dir='ltr'>presumat</span> <span class='ocrx_word' id='word_1_196' title='bbox 1569 3856 1930 3949; x_wconf 86' lang='lat' dir='ltr'>impedire.</span> <span class='ocrx_word' id='word_1_197' title='bbox 1965 3854 2165 3939; x_wconf 90' lang='lat' dir='ltr'>Quod</span> <span class='ocrx_word' id='word_1_198' title='bbox 2198 3857 2318 3949; x_wconf 93' lang='lat' dir='ltr'>qui</span> <span class='ocrx_word' id='word_1_199' title='bbox 2353 3856 2590 3928; x_wconf 82' lang='lat' dir='ltr'>fecerit</span> <span class='ocrx_word' id='word_1_200' title='bbox 2617 3877 2658 3928; x_wconf 91' lang='lat' dir='ltr'>a</span> <span class='ocrx_word' id='word_1_201' title='bbox 2689 3857 2910 3949; x_wconf 81' lang='lat' dir='ltr'>gratia</span> <span class='ocrx_word' id='word_1_202' title='bbox 2933 3866 3162 3929; x_wconf 89' lang='lat' dir='ltr'>nostra</span> <span class='ocrx_word' id='word_1_203' title='bbox 3195 3857 3282 3930; x_wconf 83' lang='lat' dir='ltr'>sit</span> <span class='ocrx_word' id='word_1_204' title='bbox 3318 3858 3671 3931; x_wconf 87' lang='lat' dir='ltr'>exclusus.</span> 
     </span>
    </p>

    <p class='ocr_par' dir='ltr' id='par_1_8' title="bbox 1283 3977 3604 4073">
     <span class='ocr_line' id='line_1_23' title="bbox 1283 3977 3604 4073; baseline 0 -23"><span class='ocrx_word' id='word_1_205' title='bbox 1283 3983 1532 4052; x_wconf 86' lang='lat' dir='ltr'>Datum</span> <span class='ocrx_word' id='word_1_206' title='bbox 1569 3978 1760 4073; x_wconf 89' lang='lat' dir='ltr'>apud</span> <span class='ocrx_word' id='word_1_207' title='bbox 1796 3979 2156 4070; x_wconf 81' lang='lat' dir='ltr'>Ezlingen‚</span> <span class='ocrx_word' id='word_1_208' title='bbox 2195 3977 2510 4050; x_wconf 87' lang='lat' dir='ltr'>kalendis</span> <span class='ocrx_word' id='word_1_209' title='bbox 2536 3978 2969 4069; x_wconf 85' lang='lat' dir='ltr'>novembris,</span> <span class='ocrx_word' id='word_1_210' title='bbox 3020 3977 3400 4052; x_wconf 89' lang='lat' dir='ltr'>indictione</span> <span class='ocrx_word' id='word_1_211' title='bbox 3431 3980 3604 4051; x_wconf 82' lang='lat' dir='ltr'>v111.</span> 
     </span>
    </p>
   </div>
   <div class='ocr_carea' id='block_1_6' title="bbox 830 4558 3996 4692">
    <p class='ocr_par' dir='ltr' id='par_1_9' title="bbox 830 4558 3996 4692">
     <span class='ocr_line' id='line_1_24' title="bbox 830 4558 3996 4692; baseline 0.001 -48"><span class='ocrx_word' id='word_1_212' title='bbox 830 4586 1081 4692; x_wconf 48' lang='lat' dir='ltr'>affigi...</span> <span class='ocrx_word' id='word_1_213' title='bbox 1293 4562 1659 4644; x_wconf 91' lang='lat' dir='ltr'>Henricus</span> <span class='ocrx_word' id='word_1_214' title='bbox 1676 4623 1699 4667; x_wconf 82' lang='lat'>,</span> <span class='ocrx_word' id='word_1_215' title='bbox 1747 4558 2265 4641; x_wconf 89' lang='lat' dir='ltr'>Romanorum</span> <span class='ocrx_word' id='word_1_216' title='bbox 2310 4585 2480 4662; x_wconf 85' lang='lat' dir='ltr'>rex,</span> <span class='ocrx_word' id='word_1_217' title='bbox 2523 4559 2941 4642; x_wconf 89' lang='lat' dir='ltr'>rectoribus</span> <span class='ocrx_word' id='word_1_218' title='bbox 2977 4568 3053 4642; x_wconf 87' lang='lat' dir='ltr'>et</span> <span class='ocrx_word' id='word_1_219' title='bbox 3097 4560 3562 4644; x_wconf 84' lang='lat' dir='ltr'>universitati</span> <span class='ocrx_word' id='word_1_220' title='bbox 3612 4562 3996 4647; x_wconf 84' lang='lat' dir='ltr'>civitatum</span> 
     </span>
    </p>
   </div>
   <div class='ocr_carea' id='block_1_7' title="bbox 790 4691 4003 4803">
    <p class='ocr_par' dir='ltr' id='par_1_10' title="bbox 790 4691 4003 4803">
     <span class='ocr_line' id='line_1_25' title="bbox 790 4691 4003 4803; baseline 0.004 -34"><span class='ocrx_word' id='word_1_221' title='bbox 790 4693 1120 4738; x_wconf 63' lang='lat' dir='ltr'>¹³⁰⁰*0mb¹¹⁸·</span> <span class='ocrx_word' id='word_1_222' title='bbox 1191 4694 1564 4776; x_wconf 84' lang='lat' dir='ltr'>societatis</span> <span class='ocrx_word' id='word_1_223' title='bbox 1626 4691 2124 4775; x_wconf 88' lang='lat' dir='ltr'>Lombardiae</span> <span class='ocrx_word' id='word_1_224' title='bbox 2195 4691 2643 4775; x_wconf 89' lang='lat' dir='ltr'>Anselmum</span> <span class='ocrx_word' id='word_1_225' title='bbox 2702 4693 2798 4775; x_wconf 91' lang='lat' dir='ltr'>de</span> <span class='ocrx_word' id='word_1_226' title='bbox 2857 4693 3250 4803; x_wconf 79' lang='lat' dir='ltr'>lustingen</span> <span class='ocrx_word' id='word_1_227' title='bbox 3318 4696 3865 4780; x_wconf 88' lang='lat' dir='ltr'>marescalcum</span> <span class='ocrx_word' id='word_1_228' title='bbox 3927 4709 4003 4781; x_wconf 86' lang='lat' dir='ltr'>et</span> 
     </span>
    </p>
   </div>
  </div>
 </body>
</html>
