4842 5802
1181 615 1300 678 716
2223 621 2566 684 HENRICI
2616 620 2952 683 SEPTIMI
3616 625 3777 703 [Anu.
3814 627 3988 691 1235.

1181 761 1408 825 sumat
1443 774 1689 828 vocare
1720 757 1833 829 vel
1867 757 2136 831 trabere
2173 758 2264 830 ad
2298 756 2643 850 judicium
2684 757 3015 829 seculare.
3058 755 3130 827 Si
3161 775 3327 829 vero
3360 777 3592 829 coram
3622 760 3822 833 vobis
3846 761 3991 854 juri

1179 884 1362 948 stare
1398 875 1771 966 voluerint,
1814 880 2134 952 volumus
2165 893 2234 952 et
2270 879 2682 952 mandamus
2733 888 2812 951 ut
2847 888 3050 952 testes
3083 877 3253 953 dicti
3281 878 3556 951 abbatis
3590 891 3658 953 et
3706 905 3993 956 suorum

1177 998 1615 1072 subditorum
1668 1002 1790 1094 qui
1841 1012 2247 1075 censeantur
2304 1004 2536 1077 idonei
2560 1056 2580 1090 ,
2628 1023 2766 1074 non
2822 1002 3138 1074 obstante
3189 1001 3543 1075 civitatum
3604 1015 3990 1080 vestrarum

1179 1123 1703 1212 consuetudine,
1748 1125 2117 1219 recipiatis.
2165 1125 2369 1210 Quod
2405 1128 2463 1196 si
2500 1125 2657 1217 quis
2708 1123 3083 1219 predictam
3143 1124 3435 1217 gratiam
3486 1126 3815 1220 prelibata
3861 1150 3992 1201 ec-

1179 1246 1386 1318 clesie
1424 1246 1514 1318 de
1550 1246 1834 1321 Abusen
1872 1248 2247 1342 infringere
2278 1248 2773 1343 presumpserit
2800 1248 2909 1320 vel
2960 1246 3275 1337 turbare,
3317 1247 3648 1321 offensam
3696 1259 3766 1322 et
3801 1249 3992 1323 indi-

1176 1369 1571 1459 gnationem
1607 1380 1909 1444 nostram
1944 1393 2019 1444 se
2046 1372 2318 1446 noverit
2354 1372 2820 1444 incursurum.

1274 1493 1525 1564 Datum
1556 1494 1747 1588 apud
1778 1495 2293 1585 Nuoerimberc‚
2315 1515 2498 1567 anno
2530 1494 2874 1566 dominice
2899 1492 3382 1567 incarnationis
3406 1492 3861 1568 M·cc·xxx⁶
3876 1497 3984 1587 V‘,

1177 1617 1390 1689 tercio
1422 1617 1751 1690 kalendas
1787 1619 2138 1711 februarii,
2182 1619 2557 1694 indictione
2591 1620 2789 1690 V111·.

1285 2244 1655 2327 Henricus
1679 2306 1704 2351 ‚
1762 2243 2282 2328 Romanorum
2342 2269 2478 2326 rex
2500 2305 2523 2351 ,
2590 2241 2981 2327 Walthero
3026 2240 3284 2324 abbati
3336 2249 3413 2323 et
3453 2240 3852 2325 conventui
3895 2241 3991 2323 de

1177 2376 1635 2459 Heilsbronn
1672 2375 1936 2458 villam
1973 2375 2384 2482 Kelminze,
2425 2401 2661 2485 quam
2695 2372 3070 2458 Rudolfus
3114 2375 3211 2456 de
3245 2372 3698 2458 Lewenrode
3735 2399 3781 2454 a
3814 2399 3993 2484 rege

1175 2508 1255 2589 in
1309 2509 1539 2591 feudo
1593 2509 2035 2616 possederat
2094 2520 2170 2590 et
2221 2507 2682 2590 monasterio
2733 2506 3219 2614 vendiderat,
3281 2505 3422 2588 sibi
3475 2507 3939 2617 resignatam
3963 2569 3987 2613 ‚

1173 2665 1317 2748 pro
1350 2640 1688 2722 remedio
1727 2640 2028 2721 animae
2064 2665 2246 2722 suae
2282 2652 2357 2722 et
2388 2638 2961 2749 progenitorum
2998 2663 3313 2721 suorum
3347 2638 3773 2722 confirmat.

1339 2852 1529 2931 (Edit.
1559 2854 1622 2913 in
1647 2852 2007 2928 Wonmu,
2036 2854 2257 2915 Hister.
2287 2851 2552 2917 Norimb.
2589 2850 2927 2932 diplomat„
2957 2857 3005 2913 t.
3035 2852 3127 2927 11,
3158 2868 3221 2930 p.
3255 2859 3359 2923 96,
3386 2851 3452 2912 n⁰
3487 2860 3584 2912 ιο.
3612 2885 3694 2897 -
3719 2853 3989 2928 Scau-rt,

1419 2959 1637 3018 Hister.
1669 2956 2040 3032 Brandeub„
2070 2961 2292 3038 sylloge
2337 2969 2447 3036 74,
2474 2971 2542 3020 n⁰
2571 2968 2664 3020 87.
2692 2990 2772 3003 —
2799 2959 3075 3031 Osrm,
3117 2958 3238 3018 Von
3265 2954 3377 3016 den
3401 2958 3724 3030 Minister„
3754 2975 3816 3034 p.
3849 2967 3988 3019 278.

1416 3096 1497 3108 —
1524 3064 1788 3125 Menum.
1823 3065 1980 3125 Boio.
2002 3108 2019 3137 ,
2047 3071 2090 3125 t.
2125 3065 2326 3138 XXX,
2356 3082 2492 3153 pars
2526 3073 2603 3138 ι’,
2633 3082 2694 3141 p.
2728 3073 2873 3136 285,
2901 3072 2969 3124 n·
2996 3072 3148 3141 733,
3177 3081 3254 3124 ex
3299 3063 3569 3139 originali
3603 3066 3776 3141 cujus
3817 3063 3993 3140 sigilli

1419 3168 1751 3247 fragmenta
1777 3170 2098 3230 adhaerent
2123 3168 2240 3229 filis
2262 3172 2465 3230 sericis
2489 3172 2789 3247 purpurei,
2819 3169 3026 3230 viridis
3049 3174 3112 3230 et
3138 3168 3259 3230 albi
3285 3167 3544 3246 coloris.)

1279 3356 1355 3427 In
1386 3355 1667 3427 nomine
1717 3364 1955 3428 sancte
1997 3364 2068 3427 et
2112 3354 2476 3428 individue
2508 3355 2880 3428 Trinitatis.
2935 3354 3185 3430 Amen.
3233 3353 3595 3426 Heinricus
3633 3351 3989 3446 septimus,

1180 3477 1420 3553 divina
1472 3479 1751 3551 favente
1786 3479 2150 3551 clementia
2186 3479 2646 3550 Romanorum
2678 3499 2805 3550 rex
2839 3487 2908 3550 et
2942 3499 3215 3573 semper
3244 3486 3613 3570 augustus,
3652 3474 3996 3548 universis

1179 3611 1568 3697 presentem
1622 3601 1889 3673 literam
1939 3602 2189 3673 visuris
2229 3602 2756 3696 imperpetuum.
2798 3601 2969 3673 Cum
3001 3600 3239 3673 divine
3268 3599 3541 3694 pietatis
3577 3599 3997 3671 incrementa

1179 3725 1254 3796 in
1302 3725 1502 3798 nobis
1537 3725 1865 3798 continua
1917 3725 2296 3797 sentiamus
2319 3778 2340 3815 ,
2377 3725 2669 3819 dignum
2707 3746 3101 3814 censemuS,
3154 3723 3321 3818 quia
3356 3721 3706 3795 credimus
3737 3741 3864 3793 nos
3902 3717 3995 3793 ad

1182 3848 1315 3920 hoc
1349 3846 1440 3920 ad
1469 3848 1662 3942 regni
1699 3849 1971 3943 apicem
2007 3850 2446 3938 sublimatoS‚
2485 3859 2562 3922 ut
2594 3849 2917 3922 ecclesias
2954 3849 3077 3920 Dei
3108 3857 3175 3920 et
3201 3848 3352 3920 loca
3378 3855 3614 3920 sancta
3640 3844 3761 3916 ubi
3807 3843 3996 3916 idem

1181 3969 1506 4043 laudatur
1547 3978 1616 4041 et
1651 3971 1931 4060 colitur,
1974 3993 2057 4045 ac
2102 3993 2428 4066 personas
2468 3974 2541 4043 in
2583 3972 2878 4061 eisdem,
2924 3992 3221 4065 quorum
3257 3990 3463 4041 voces
3503 3979 3572 4040 et
3615 3975 3876 4038 mentes
3920 3965 3993 4035 in

1185 4092 1550 4165 celestibus
1624 4091 1939 4165 habitant
1961 4146 1981 4184 ,
2044 4093 2295 4166 nostris
2336 4095 2824 4190 temporalibus
2880 4092 3212 4165 subsidiis
3251 4111 3655 4183 augeamus.
3714 4089 3862 4158 Hac
3899 4084 3996 4157 si-

1188 4215 1472 4309 quidem
1506 4215 1769 4288 ratione
1800 4224 2041 4287 notum
2075 4238 2227 4289 esse
2278 4218 2600 4312 cupimus
2648 4228 2787 4289 tam
2817 4215 3250 4312 presentibus
3279 4235 3487 4307 quam
3526 4211 3776 4282 futuris
3802 4207 3994 4302 quod

1191 4339 1597 4410 constitutus
1632 4338 1703 4408 in
1759 4347 1990 4410 nostra
2020 4339 2361 4432 presentia
2399 4338 2625 4412 fidelis
2657 4350 2886 4413 noster
2927 4339 3265 4412 Rudoli'us
3316 4336 3515 4408 miles
3560 4332 3651 4405 de
3705 4334 3995 4405 Levven·

1188 4460 1360 4533 rode
1396 4459 1629 4531 villam
1680 4482 1820 4552 que
1856 4460 2110 4533 dicitur
2153 4461 2539 4554 Kelminze,
2599 4484 2810 4557 quam
2853 4461 3036 4534 idem
3082 4483 3124 4533 a
3175 4458 3373 4532 nobis
3408 4457 3481 4528 in
3517 4453 3731 4527 feudo
3772 4453 3994 4548 possi-

1192 4584 1443 4671 debat,
1485 4584 1555 4655 in
1603 4606 1852 4657 manus
1893 4596 2157 4658 nostras
2206 4608 2363 4657 cum
2409 4586 2596 4657 omni
2632 4586 2792 4677 jure
2825 4595 2895 4658 et
2938 4586 3082 4658 suis
3125 4582 3552 4682 pertinentiis
3584 4576 3991 4672 resignavit3

1193 4708 1588 4802 supplicans
1619 4707 1955 4799 maJestati
1989 4719 2218 4781 nostre
2256 4719 2334 4780 ut
2388 4709 2551 4803 quia
2598 4708 2826 4782 dictus
2861 4710 3058 4781 miles
3091 4709 3338 4782 eadem
3372 4706 3554 4780 bona
3589 4701 4000 4777 vendiderat
