4842 5802
863 628 1055 687 lnmcr.
1088 625 1176 702 8.]
1753 620 2150 682 HISTORIA
2202 620 2787 684 DIPLOMATICA.
3565 624 3682 686 705

867 759 1034 831 mini
1075 756 1347 831 Henrici
1382 754 1800 828 serenissimi
1838 756 2021 847 regis
2054 756 2515 829 Romanorum
2546 766 2615 828 et
2645 755 2964 828 dominus
2997 754 3412 829 Waltherius
3438 757 3676 829 archi-

866 882 1198 956 diaconus
1230 877 1742 973 Herbipolensis
1775 886 1846 950 et
1873 877 2136 951 domini
2166 880 2346 972 regis
2396 880 2825 973 capellanuS,
2882 879 3088 950 ambo
3115 879 3340 950 nuntii
3370 888 3440 951 et
3474 880 3680 973 legati

866 1004 1301 1099 suprascripti
1344 1001 1609 1075 domini
1656 1001 1839 1094 regis
1888 1009 1957 1073 et
2019 1001 2346 1076 habentes
2386 1002 2685 1096 speciale
2738 1002 3138 1074 mandatum
3188 1002 3570 1073 securitatis
3611 1011 3680 1074 et

867 1127 1305 1200 concordiam
1336 1135 1405 1198 et
1432 1128 1823 1217 juramenta
1849 1124 2146 1197 faciendi
2185 1147 2307 1219 pro
2353 1126 2607 1218 prefato
2640 1123 2918 1196 domino
2954 1145 3116 1217 rege
3163 1134 3231 1195 et
3271 1126 3344 1195 in
3376 1126 3675 1198 animam

865 1251 1052 1342 ejus,
1096 1258 1298 1343 prout
1341 1248 1415 1319 in
1469 1247 1705 1319 litteris
1756 1247 1975 1342 ipsius
2020 1248 2282 1320 domini
2333 1248 2513 1342 regis
2556 1248 2780 1341 sigillo
2826 1247 3116 1340 signatis
3157 1248 3672 1339 continebatur3

864 1395 1159 1467 quarum
1202 1381 1396 1445 tenor
1432 1371 1585 1442 talis
1633 1380 1743 1442 est
1790 1369 1887 1466 (α)
1939 1396 1956 1440 :
2018 1368 2427 1467 [Sequuntur
2462 1383 2589 1441 tres
2628 1371 2911 1455 litterae,
2970 1392 3256 1463 quarum
3283 1372 3544 1463 primas
3587 1372 3682 1443 ad

867 1498 1231 1589 inteqrum‚
1280 1495 1598 1567 secundas
1646 1515 1799 1565 vero
1847 1504 1911 1565 et
1962 1496 2116 1565 terti
2212 1495 2718 1587 :compendiario
2757 1495 3230 1579 εωὴίῠαίηωε,
3285 1516 3353 1587 p.
3413 1494 3555 1563 695
3608 1504 3678 1566 et

870 1617 1067 1717 696],
1101 1641 1256 1692 cum
1279 1618 1908 1691 Mediolanensibus
1938 1626 2009 1691 et
2038 1639 2275 1690 eorum
2299 1617 2540 1690 amicis
2565 1627 2634 1688 et
2656 1617 2977 1690 societate
2999 1616 3406 1690 Lombardie
3413 1669 3670 1688 .....

867 1764 1003 1837 que
1027 1753 1194 1815 suut
1226 1742 1317 1814 de
1359 1742 1681 1814 societate
1712 1750 1781 1813 et
1823 1740 2122 1813 amicitia
2167 1740 2574 1829 Mediolani,
2627 1740 3061 1833 presentibus
3105 1739 3386 1812 domino
3435 1740 3681 1813 comite

869 1865 1223 1938 Manfredo
1272 1865 1363 1937 de
1411 1864 1613 1936 Curte
1661 1865 1859 1937 Nova
1913 1871 2242 1958 potestate
2283 1862 2653 1935 Mediolani
2697 1873 2768 1934 et
2810 1863 3258 1957 infrascriptis
3311 1863 3685 1936 ambaxia—

869 1988 1132 2060 toribus
1183 1987 1418 2059 Brixie
1459 1996 1528 2059 et
1564 1985 1846 2058 domino
1879 1986 2079 2057 Petro
2127 1985 2218 2057 de
2259 1988 2508 2057 Sancto
2543 1986 2740 2057 Petro
2793 1995 2863 2057 et
2896 1984 3242 2058 Ardizono
3277 1987 3633 2060 Cavalasio
3657 2041 3678 2079 ,

870 2111 1434 2184 ambaxatoribus
1491 2109 1790 2181 civitatis
1841 2109 2173 2200 Novarie,
2224 2116 2293 2181 et
2328 2107 2611 2180 domino
2661 2109 2833 2181 Mar.
2892 2109 2981 2181 de
3033 2110 3466 2205 Summaripa
3520 2133 3685 2184 am—

871 2233 1185 2306 basatore
1234 2233 1531 2305 civitatis
1584 2231 1858 2319 Laude,
1916 2240 1986 2304 et
2024 2232 2193 2326 ipsis
2243 2231 2734 2327 recipientibus
2776 2252 2903 2326 pro
2935 2232 3282 2303 communi
3312 2233 3683 2306 Mediolani

872 2365 941 2429 et
975 2377 1099 2452 pro
1134 2356 1578 2429 universitate
1609 2355 1954 2427 societatis
1982 2354 2427 2442 Lombardie,
2458 2355 2870 2446 juraverunt
2899 2353 2989 2425 ad
3026 2364 3261 2426 sancta
3296 2355 3423 2427 Dei
3453 2357 3685 2429 Evan-

871 2478 1056 2571 gelia
1098 2500 1307 2573 super
1353 2499 1589 2550 eorum
1644 2478 1877 2550 anima
1927 2486 1996 2551 et
2049 2478 2121 2549 iu
2172 2477 2402 2550 anima
2447 2477 2736 2572 predicti
2786 2477 3047 2550 domini
3098 2478 3280 2572 regis
3339 2478 3533 2573 quod
3576 2480 3691 2552 ille

874 2601 1195 2674 dominus
1231 2623 1360 2673 rex
1399 2601 1705 2675 attendet
1734 2610 1802 2673 et
1839 2601 2231 2673 observabit
2260 2611 2329 2675 et
2352 2599 2614 2675 attendi
2648 2600 2852 2674 faciet
2875 2601 3375 2696 infrascriptam
3406 2624 3690 2676 concor·

876 2722 1061 2795 diam
1101 2725 1174 2795 iu
1212 2725 1534 2797 omnibus
1565 2733 1632 2797 et
1660 2746 1785 2818 per
1817 2724 2047 2796 omnia
2081 2725 2260 2796 sicut
2300 2725 2555 2819 scripta
2587 2731 2791 2814 sunt,
2846 2724 3135 2823 ethuod
3170 2724 3422 2796 facient
3459 2726 3696 2818 jurare

875 2847 1259 2942 predictum
1319 2847 1674 2921 domiuum
1742 2868 1977 2942 regem
2037 2855 2106 2919 et
2167 2848 2516 2944 principes
2575 2846 2982 2921 Alemannie
3040 2856 3118 2919 ut
3189 2846 3261 2919 in
3325 2846 3695 2923 concordia

875 2971 1245 3066 prescripta
1282 2973 1704 3052 continetur;
1750 2975 1948 3065 cujus
1981 2981 2174 3045 tenor
2206 2973 2360 3045 talis
2385 2982 2492 3044 est
2531 2998 2549 3042 ε

972 3096 1051 3165 111
1086 3095 1365 3168 nomine
1383 3096 1681 3168 Domini.
1713 3097 2054 3169 Jurabunt
2082 3097 2664 3188 Mediolanenses,
2700 3096 2971 3186 Brixia,
3007 3096 3348 3187 Bononia,
3387 3097 3695 3170 marchio

881 3217 1392 3310 Montisserrati‚
1434 3220 1770 3311 Novaria,
1812 3221 2052 3293 Lauda
2104 3230 2172 3293 et
2212 3222 2345 3293 alie
2379 3221 2692 3292 civitates
2725 3220 3000 3313 aliaque
3048 3219 3199 3290 loca
3234 3228 3303 3291 et
3346 3220 3699 3292 universi-

879 3347 1051 3411 tates
1087 3339 1178 3411 de
1205 3341 1529 3414 societate
1562 3342 1932 3416 Mediolani
1967 3364 2106 3436 que
2141 3366 2326 3416 nunc
2356 3356 2519 3415 sunt
2549 3344 2661 3415 vel
2695 3343 2767 3413 in
2804 3351 3151 3437 posterum
3179 3352 3407 3432 erunt,
3448 3351 3519 3414 et
3555 3363 3697 3436 que

882 3465 1113 3535 volent
1147 3474 1217 3536 et
1243 3467 1499 3558 quibus
1552 3468 1775 3539 facere
1810 3467 2143 3561 placuerit
2172 3467 2671 3562 infrascriptam
2700 3465 3098 3538 fidelitatem
3130 3474 3198 3537 et
3233 3465 3537 3560 recipere
3581 3466 3698 3536 in-

882 3587 1310 3682 frascriptum
1361 3591 1828 3682 juramentum
1902 3589 2283 3683 fidelitatis,
2349 3589 2635 3663 domino
2701 3590 2994 3661 Henrico
3059 3587 3492 3661 serenissimo
3546 3587 3697 3681 regi

882 3710 1338 3784 Romanorum
1381 3715 1516 3786 boc
1547 3714 1755 3786 modo
1794 3740 1811 3784 ε
1854 3715 2044 3808 quod
2079 3736 2218 3786 non
2262 3724 2472 3786 erunt
2520 3714 2590 3784 in
2642 3713 2925 3785 consilio
2962 3712 3072 3782 vel
3121 3710 3462 3803 adjutorio
3505 3710 3698 3805 quod

882 3833 1125 3926 perdat
1167 3837 1383 3908 vitam
1412 3840 1520 3910 vel
1565 3838 1952 3910 membrum
2000 3838 2110 3909 vel
2145 3845 2446 3932 mentem
2499 3846 2620 3909 aut
2662 3858 2867 3907 suum
2908 3833 3236 3906 bonorem
3270 3837 3383 3907 vel
3431 3835 3699 3908 fortiam

884 3964 1002 4028 aut
1037 3979 1359 4031 coronam
1402 3961 1633 4054 regni,
1675 3960 1803 4033 sed
1836 3960 2221 4034 secundum
2253 3983 2461 4034 suum
2498 3981 2698 4055 posse
2739 3957 3199 4054 prohibebunt
3251 3968 3322 4030 et
3369 3960 3702 4031 valebunt

885 4078 949 4149 ei
984 4080 1166 4152 sicut
1201 4083 1377 4175 regi,
1418 4092 1487 4155 et
1514 4104 1678 4156 eum
1715 4083 2087 4157 defendent
2119 4092 2188 4156 et
2222 4087 2373 4178 ejus
2405 4084 2731 4156 honorem
2756 4081 3325 4170 manutenebunt,
3360 4090 3428 4154 et
3463 4081 3696 4154 hocin

885 4203 1237 4296 provincia
1264 4205 1697 4279 Lombardie.
1739 4208 1839 4280 Eo
1866 4229 1959 4278 ex
1996 4205 2377 4281 abundanti
2410 4207 2596 4280 dicto
2619 4217 2687 4279 et
2724 4205 3067 4277 intellecto
3091 4205 3281 4298 quod
3312 4213 3590 4300 propter
3615 4204 3698 4276 fi-

888 4323 1233 4399 delitatem
1284 4350 1423 4401 non
1457 4339 1817 4403 teneantur
1866 4330 1956 4403 ad
2007 4332 2487 4426 prestationem
2537 4330 2842 4424 aliquam
2885 4329 3180 4423 pecunie
3214 4327 3421 4400 modo
3466 4328 3699 4421 aliquo

890 4469 1016 4521 nec
1046 4451 1283 4544 aliquo
1311 4452 1541 4525 modo.
1581 4455 1744 4526 item
1782 4454 1970 4549 quod
2003 4477 2139 4528 non
2185 4467 2542 4529 teneantur
2573 4455 2663 4526 ad
2703 4453 2951 4524 milites
2981 4453 3092 4524 vel
3125 4451 3393 4546 pedites
3431 4452 3698 4526 dandos

970 4608 1055 4687 (a)
1096 4610 1230 4671 Huc
1254 4628 1444 4691 usque
1476 4616 1713 4674 initium
1747 4618 2124 4677 instrumenti
2160 4618 2319 4693 apud
2354 4619 2525 4677 Pertz
2559 4617 2754 4688 deest,
2797 4630 2918 4692 qua
2954 4629 3133 4674 causa
3171 4615 3499 4688 nescimus,
3550 4583 3703 4676 dum>

891 4713 1060 4773 valde
1094 4722 1495 4779 necessarium
1519 4722 1596 4780 sit
1621 4726 1684 4781 et
1709 4737 1845 4781 cum
1871 4723 2253 4798 sequentibus
2279 4724 2451 4800 quasi
2482 4738 2604 4783 uno
2648 4737 2889 4798 corpore
2916 4719 3254 4780 conflatum.

1049 4820 1157 4883 IV.
1199 4835 1311 4880 Pm
1334 4839 1377 4880 2.
3311 4834 3388 4887 89
