4842 5802
862 626 1066 687 lamet.
1099 619 1186 702 7.]
1761 613 2161 676 HISTORIA
2214 611 2805 675 DIPLOMATICA.
3577 612 3695 675 663

863 757 1156 833 ecclesie
1182 775 1275 827 ex
1311 750 1596 844 antiquo
1631 749 2043 844 pertinuisse
2062 749 2537 851 dignoscitur,
2571 747 2862 842 imperio
2896 744 3184 819 duxerit
3214 745 3641 818 retinendam
3662 800 3684 839 ,

863 879 1200 976 promisso
1221 875 1354 971 ipsi
1386 872 1676 946 ecclesie
1694 873 2108 968 competenti
2132 882 2478 962 restaurO,
2516 871 2695 943 sicut
2712 892 2805 942 ex
2828 870 3184 964 privilegio
3202 890 3329 941 suo
3352 870 3609 964 patet&
3626 869 3680 966 ),

861 1001 1056 1096 quod
1090 1010 1158 1072 et
1193 1020 1321 1071 nos
1352 996 1690 1070 duximus
1714 994 2283 1090 approbandum
2323 1016 2452 1067 nos
2473 1015 2599 1088 pro
2628 995 2846 1066 salute
2871 993 3090 1087 ipsius
3121 993 3332 1087 patris
3367 992 3578 1064 nostri
3607 1014 3689 1064 ac

863 1135 1130 1215 nostra,
1174 1124 1248 1193 in
1283 1129 1549 1217 partem
1581 1120 1873 1192 restauri
1905 1119 2352 1205 contulimus,
2397 1118 2810 1190 tradidimus
2845 1116 3361 1191 et-donavimus
3386 1117 3689 1211 predicte

865 1246 1153 1319 ecclesie
1204 1254 1274 1317 et
1321 1242 1671 1325 canonicis
1708 1245 1862 1335 ejus
1888 1245 2008 1334 j-us
2038 1252 2448 1337 patronatus
2488 1239 2813 1336 parochie
2858 1241 3085 1315 Sancti
3136 1241 3339 1313 Blasii
3392 1241 3687 1312 Nerthu-

863 1369 1084 1442 sensis
1119 1376 1189 1440 et
1216 1366 1555 1461 quicquid
1567 1366 1749 1458 juris
1772 1366 2136 1461 imperium
2169 1374 2237 1437 et
2281 1386 2407 1436 nos
2441 1364 2819 1435 habuimus
2847 1363 2919 1434 in
2954 1362 3197 1435 eadem
3222 1419 3238 1448 ‚
3278 1372 3356 1435 ut
3384 1363 3689 1437 decanus

863 1503 932 1563 et
986 1491 1361 1587 capitulum
1409 1492 1705 1584 plenam,
1728 1498 1796 1561 et
1848 1489 2137 1561 liberam
2191 1488 2497 1560 habeant
2545 1488 2934 1559 facultatem
2987 1485 3355 1560 ordinandi
3408 1486 3497 1559 de
3538 1488 3689 1582 ipsa

864 1614 1191 1708 parochia
1227 1613 1564 1707 quicquid
1601 1613 1937 1709 placuerit
1966 1611 2606 1701 voluntatieorum,
2647 1610 2796 1682 sive
2840 1609 3186 1682 voluerint
3221 1610 3316 1682 ad
3360 1633 3691 1703 augmen-

867 1746 1012 1808 tum
1030 1735 1539 1831 prebendarum
1566 1757 1850 1807 suarum
1879 1742 2280 1808 convertere
2295 1735 2560 1806 fructus
2590 1734 2769 1824 ejus,
2798 1732 2947 1807 sive
2959 1734 3051 1806 ad
3070 1755 3238 1806 usus
3256 1734 3456 1825 alios,
3487 1746 3691 1829 prout

865 1859 997 1932 sibi
1032 1859 1334 1932 viderint
1358 1858 1715 1952 expedire.
1755 1858 1843 1929 Ut
1868 1857 2080 1949 igitur
2110 1857 2240 1929 hec
2271 1865 2500 1929 nostra
2530 1855 2811 1929 donatio
2858 1855 3163 1928 debitam
3193 1865 3262 1927 et
3287 1866 3690 1952 perpetuam

867 1982 1169 2054 obtineat
1200 1980 1628 2072 firmitatem,
1687 1987 2077 2075 presentem
2124 1981 2447 2075 paginam
2498 1978 2665 2051 inde
2720 1978 3174 2072 conscriptam
3223 1979 3428 2072 sigilli
3479 1980 3691 2053 nostri

866 2105 1291 2199 appensione
1341 2104 1631 2177 fecimus
1669 2104 2120 2192 communiri3
2171 2103 2305 2176 sub
2340 2104 2625 2176 obtentu
2660 2102 2879 2195 gratie
2925 2112 3155 2175 nostre
3185 2102 3467 2177 firmiter
3514 2103 3694 2176 inhi-

866 2228 1106 2302 bentes
1138 2249 1228 2301 ne
1264 2227 1402 2301 ulla
1428 2248 1722 2323 persona
1757 2229 1893 2301 alta
1927 2228 2039 2301 vel
2047 2278 3680 2301 .....................

963 2475 1213 2549 Actum
1247 2496 1433 2548 anno
1456 2476 1730 2548 Domini
1760 2475 1855 2548 M.
1884 2475 2009 2547 CC.
2040 2475 2324 2547 XXXIV
2359 2470 2494 2569 (2).

1296 2749 2924 2759 mmmm-A.
2933 2751 3056 2759 ο--ή-
3065 2748 3260 2759 muz-⁷·-

972 2992 1382 3100 HenricuS,
1418 2993 1939 3078 Romanorum
1977 3022 2151 3103 rex,
2192 2995 2746 3105 Thegenhardo
2792 2995 3203 3104 imperialis
3249 2998 3469 3085 aulae
3509 2995 3699 3106 pro’—

866 3125 1247 3207 tonotario
1310 3134 1387 3232 et
1437 3126 1912 3210 vicedomino
1964 3127 2603 3236 Magdeburgensi
2656 3127 3004 3236 indulget
3049 3128 3487 3212 facultatem
3540 3130 3696 3212 eli—

868 3258 1095 3364 gendi
1135 3249 1592 3341 advocatum
1630 3247 1862 3369 quem
1889 3260 2213 3343 voluerit
2247 3258 2631 3343 bonorum
2668 3260 2748 3340 in
2778 3261 3132 3343 Guzstein
3169 3288 3502 3371 quorum
3537 3263 3697 3371 ipse

867 3390 1213 3496 provisor
1258 3392 1548 3498 existit,
1590 3401 1664 3473 et
1708 3392 2104 3475 exercendi
2160 3392 2506 3474 bannum
2563 3393 2864 3502 regium
2899 3392 3222 3499 ibidem,
3274 3421 3516 3503 quum
3554 3395 3696 3503 ipsi

870 3530 946 3601 et
980 3523 1335 3605 ecclesiae
1387 3524 2026 3633 Magdeburgensi
2063 3524 2143 3605 id
2180 3525 2526 3607 bannum
2564 3525 2941 3633 pertinere
2978 3523 3182 3606 velit.

1033 3707 1239 3785 (Edid.
1268 3711 1587 3784 munna,
1617 3710 1998 3793 Allqemeines
2035 3709 2231 3773 archiv
2248 3711 2368 3792 fiir
2394 3710 2488 3771 dic
2523 3711 2756 3772 Preuss.
2787 3712 3020 3772 Stantes
3046 3710 3253 3790 (1834)
3273 3755 3291 3789 ,
3330 3727 3468 3788 pars
3495 3712 3689 3791 XV1·,

1109 3830 1172 3891 p.
1212 3814 1379 3894 274.)

3860 2994 3987 3048 Apud

3793 3048 4029 3102 Altenburg
4042 3077 4056 3099 ,

3838 3103 3867 3145 2
3883 3102 4005 3155 jum.

964 3984 1364 4078 HeinricuS,
1439 3988 1560 4059 Dei
1620 3989 1839 4081 gratia
1888 3989 2350 4060 Romanorum
2398 4007 2529 4057 rex
2569 3996 2638 4057 et
2694 4007 2962 4080 semper
3018 3996 3394 4080 augustus,
3450 3987 3698 4058 dilecto
3825 4077 3828 4078 ᾗ

869 4102 1047 4178 fideli
1088 4130 1219 4179 suo
1249 4109 1751 4202 Thegenhardo
1780 4110 2154 4207 imperialis
2188 4111 2345 4183 aule
2383 4110 2895 4209 prothonotario
2931 4121 3000 4182 et
3038 4111 3476 4183 vicedomino
3509 4113 3700 4205 Mag-

870 4228 1284 4325 deburgensi
1310 4234 1601 4327 gratiam
1639 4258 1836 4308 suam
1874 4243 1945 4307 et
1980 4256 2184 4308 omne
2217 4235 2505 4336 bonum.
2552 4235 2723 4307 Cum
2753 4234 3368 4330 Magdeburgensis
3409 4236 3700 4308 ecclesia

941 4512 1015 4582 (Ι)
1051 4512 1155 4569 Vid
1173 4528 1367 4585 supra,
1395 4520 1434 4571 t.
1458 4515 1511 4587 1,
1539 4533 1595 4590 p.
1618 4517 1742 4573 807.
3313 4567 3320 4575 .
3495 4591 3500 4594 ,

945 4605 1014 4679 (2)
1054 4609 1186 4666 Cum
1217 4609 1362 4667 nulla
1391 4611 1494 4668 alia
1530 4612 1903 4685 chronologica
1936 4619 2063 4670 nota
2095 4617 2378 4687 appareat,
2419 4611 2663 4669 arbitrari
2700 4612 2826 4668 licet
2859 4611 2962 4670 hoc
2989 4612 3321 4686 privilegium
3349 4613 3489 4687 apud
3517 4613 3701 4671 Alten-

874 4699 1012 4776 burg
1036 4721 1223 4765 mense
1240 4707 1396 4780 junio
1423 4709 1509 4767 vel
1534 4710 1684 4782 julio,
1711 4712 1847 4769 sieut
1868 4711 2200 4785 praecedens
2221 4711 2622 4781 documentum,
2643 4709 2806 4768 fuisse
2826 4710 3028 4767 damm.
