<?xml version="1.0" encoding="UTF-8"?>
<!DOCTYPE html PUBLIC "-//W3C//DTD XHTML 1.0 Transitional//EN"
    "http://www.w3.org/TR/xhtml1/DTD/xhtml1-transitional.dtd">
<html xmlns="http://www.w3.org/1999/xhtml" xml:lang="en" lang="en">
 <head>
  <title>
</title>
<meta http-equiv="Content-Type" content="text/html;charset=utf-8" />
  <meta name='ocr-system' content='tesseract 3.04.00' />
  <meta name='ocr-capabilities' content='ocr_page ocr_carea ocr_par ocr_line ocrx_word'/>
</head>
<body>
  <div class='ocr_page' id='page_1' title='image "./historiadiploma01degoog_0304.png"; bbox 0 0 4842 5802; ppageno 0'>
   <div class='ocr_carea' id='block_1_1' title="bbox 1231 630 4050 718">
    <p class='ocr_par' dir='ltr' id='par_1_1' title="bbox 1231 630 4050 718">
     <span class='ocr_line' id='line_1_1' title="bbox 1231 630 4050 718; baseline 0.002 -20"><span class='ocrx_word' id='word_1_1' title='bbox 1231 636 1352 700; x_wconf 79' lang='lat'>788</span> <span class='ocrx_word' id='word_1_2' title='bbox 2233 630 2663 696; x_wconf 73' lang='lat' dir='ltr'>anmucl</span> <span class='ocrx_word' id='word_1_3' title='bbox 2709 631 3051 696; x_wconf 66' lang='lat' dir='ltr'>suenum</span> <span class='ocrx_word' id='word_1_4' title='bbox 3678 637 3841 718; x_wconf 67' lang='lat' dir='ltr'>[Anu.</span> <span class='ocrx_word' id='word_1_5' title='bbox 3877 640 4050 705; x_wconf 78' lang='lat'><strong>1235.</strong></span> 
     </span>
    </p>
   </div>
   <div class='ocr_carea' id='block_1_2' title="bbox 1214 766 4058 4076">
    <p class='ocr_par' dir='ltr' id='par_1_2' title="bbox 1214 766 4058 3457">
     <span class='ocr_line' id='line_1_2' title="bbox 1233 766 4056 867; baseline 0.002 -23"><span class='ocrx_word' id='word_1_6' title='bbox 1233 770 1501 844; x_wconf 89' lang='lat' dir='ltr'>Chuniz</span> <span class='ocrx_word' id='word_1_7' title='bbox 1531 768 1632 867; x_wconf 84' lang='lat' dir='ltr'>(a)</span> <span class='ocrx_word' id='word_1_8' title='bbox 1659 790 1820 842; x_wconf 90' lang='lat' dir='ltr'>cum</span> <span class='ocrx_word' id='word_1_9' title='bbox 1866 768 2170 843; x_wconf 86' lang='lat' dir='ltr'>ecclesiis</span> <span class='ocrx_word' id='word_1_10' title='bbox 2196 768 2270 842; x_wconf 89' lang='lat' dir='ltr'>in</span> <span class='ocrx_word' id='word_1_11' title='bbox 2303 769 2524 842; x_wconf 88' lang='lat' dir='ltr'>Berne</span> <span class='ocrx_word' id='word_1_12' title='bbox 2548 775 2617 840; x_wconf 86' lang='lat' dir='ltr'>et</span> <span class='ocrx_word' id='word_1_13' title='bbox 2644 767 2718 839; x_wconf 93' lang='lat' dir='ltr'>in</span> <span class='ocrx_word' id='word_1_14' title='bbox 2743 766 3204 843; x_wconf 79' lang='lat' dir='ltr'>Yverinsdorf</span> <span class='ocrx_word' id='word_1_15' title='bbox 3230 768 3362 866; x_wconf 82' lang='lat' dir='ltr'>(b),</span> <span class='ocrx_word' id='word_1_16' title='bbox 3396 772 3562 867; x_wconf 89' lang='lat' dir='ltr'>quia</span> <span class='ocrx_word' id='word_1_17' title='bbox 3595 795 3785 847; x_wconf 92' lang='lat' dir='ltr'>nunc</span> <span class='ocrx_word' id='word_1_18' title='bbox 3808 774 4056 850; x_wconf 91' lang='lat' dir='ltr'>eadem</span> 
     </span>
     <span class='ocr_line' id='line_1_3' title="bbox 1235 872 4058 992; baseline 0.001 -23"><span class='ocrx_word' id='word_1_19' title='bbox 1235 894 1523 969; x_wconf 89' lang='lat' dir='ltr'>ecclesia</span> <span class='ocrx_word' id='word_1_20' title='bbox 1584 895 1657 965; x_wconf 91' lang='lat' dir='ltr'>in</span> <span class='ocrx_word' id='word_1_21' title='bbox 1717 892 1980 967; x_wconf 88' lang='lat' dir='ltr'>Chuniz</span> <span class='ocrx_word' id='word_1_22' title='bbox 2038 914 2201 967; x_wconf 91' lang='lat' dir='ltr'>cum</span> <span class='ocrx_word' id='word_1_23' title='bbox 2255 891 2561 966; x_wconf 89' lang='lat' dir='ltr'>ecclesiis</span> <span class='ocrx_word' id='word_1_24' title='bbox 2607 872 3022 988; x_wconf 85' lang='lat' dir='ltr'>supradictis</span> <span class='ocrx_word' id='word_1_25' title='bbox 3083 889 3179 966; x_wconf 87' lang='lat' dir='ltr'>ad</span> <span class='ocrx_word' id='word_1_26' title='bbox 3229 913 3479 965; x_wconf 90' lang='lat' dir='ltr'>manus</span> <span class='ocrx_word' id='word_1_27' title='bbox 3531 903 3799 968; x_wconf 89' lang='lat' dir='ltr'>nostras</span> <span class='ocrx_word' id='word_1_28' title='bbox 3849 896 4058 992; x_wconf 89' lang='lat' dir='ltr'>pleno</span> 
     </span>
     <span class='ocr_line' id='line_1_4' title="bbox 1223 1012 4056 1112; baseline 0.003 -23"><span class='ocrx_word' id='word_1_29' title='bbox 1223 1021 1385 1111; x_wconf 84' lang='lat' dir='ltr'>jure</span> <span class='ocrx_word' id='word_1_30' title='bbox 1435 1015 1724 1092; x_wconf 92' lang='lat' dir='ltr'>dominii</span> <span class='ocrx_word' id='word_1_31' title='bbox 1776 1017 2116 1112; x_wconf 84' lang='lat' dir='ltr'>pervenit,</span> <span class='ocrx_word' id='word_1_32' title='bbox 2157 1014 2484 1089; x_wconf 88' lang='lat' dir='ltr'>ecclesias</span> <span class='ocrx_word' id='word_1_33' title='bbox 2531 1014 2717 1109; x_wconf 88' lang='lat' dir='ltr'>ipsas</span> <span class='ocrx_word' id='word_1_34' title='bbox 2760 1012 2989 1088; x_wconf 91' lang='lat' dir='ltr'>eidem</span> <span class='ocrx_word' id='word_1_35' title='bbox 3026 1015 3353 1111; x_wconf 88' lang='lat' dir='ltr'>magistro</span> <span class='ocrx_word' id='word_1_36' title='bbox 3388 1025 3460 1091; x_wconf 94' lang='lat' dir='ltr'>et</span> <span class='ocrx_word' id='word_1_37' title='bbox 3501 1017 3744 1091; x_wconf 91' lang='lat' dir='ltr'>domui</span> <span class='ocrx_word' id='word_1_38' title='bbox 3793 1039 3920 1092; x_wconf 91' lang='lat' dir='ltr'>sue</span> <span class='ocrx_word' id='word_1_39' title='bbox 3961 1021 4056 1097; x_wconf 92' lang='lat' dir='ltr'>de</span> 
     </span>
     <span class='ocr_line' id='line_1_5' title="bbox 1228 1136 4046 1235; baseline 0.001 -21"><span class='ocrx_word' id='word_1_40' title='bbox 1228 1162 1418 1216; x_wconf 85' lang='lat' dir='ltr'>novo</span> <span class='ocrx_word' id='word_1_41' title='bbox 1480 1138 1860 1214; x_wconf 76' lang='lat' dir='ltr'>concedere</span> <span class='ocrx_word' id='word_1_42' title='bbox 1910 1148 1981 1213; x_wconf 91' lang='lat' dir='ltr'>et</span> <span class='ocrx_word' id='word_1_43' title='bbox 2031 1137 2436 1214; x_wconf 84' lang='lat' dir='ltr'>confirmare</span> <span class='ocrx_word' id='word_1_44' title='bbox 2485 1136 2577 1211; x_wconf 92' lang='lat' dir='ltr'>de</span> <span class='ocrx_word' id='word_1_45' title='bbox 2634 1146 2866 1210; x_wconf 88' lang='lat' dir='ltr'>nostra</span> <span class='ocrx_word' id='word_1_46' title='bbox 2918 1137 3139 1232; x_wconf 89' lang='lat' dir='ltr'>gratia</span> <span class='ocrx_word' id='word_1_47' title='bbox 3184 1148 3518 1235; x_wconf 88' lang='lat' dir='ltr'>perpetuo</span> <span class='ocrx_word' id='word_1_48' title='bbox 3575 1139 4046 1233; x_wconf 84' lang='lat' dir='ltr'>dignaremur.</span> 
     </span>
     <span class='ocr_line' id='line_1_6' title="bbox 1226 1260 4054 1361; baseline 0.001 -24"><span class='ocrx_word' id='word_1_49' title='bbox 1226 1265 1369 1338; x_wconf 90' lang='lat' dir='ltr'>Nos</span> <span class='ocrx_word' id='word_1_50' title='bbox 1407 1264 1619 1360; x_wconf 89' lang='lat' dir='ltr'>igitur</span> <span class='ocrx_word' id='word_1_51' title='bbox 1659 1261 2087 1337; x_wconf 87' lang='lat' dir='ltr'>attendentes</span> <span class='ocrx_word' id='word_1_52' title='bbox 2119 1260 2330 1335; x_wconf 84' lang='lat' dir='ltr'>fidem</span> <span class='ocrx_word' id='word_1_53' title='bbox 2380 1260 2800 1335; x_wconf 83' lang='lat' dir='ltr'>laudabilem</span> <span class='ocrx_word' id='word_1_54' title='bbox 2840 1269 2910 1334; x_wconf 87' lang='lat' dir='ltr'>et</span> <span class='ocrx_word' id='word_1_55' title='bbox 2954 1260 3396 1336; x_wconf 86' lang='lat' dir='ltr'>devotionem</span> <span class='ocrx_word' id='word_1_56' title='bbox 3448 1263 3787 1338; x_wconf 76' lang='lat' dir='ltr'>sinceram</span> <span class='ocrx_word' id='word_1_57' title='bbox 3830 1264 4054 1361; x_wconf 90' lang='lat' dir='ltr'>ipsius</span> 
     </span>
     <span class='ocr_line' id='line_1_7' title="bbox 1225 1386 4051 1481; baseline 0.001 -22"><span class='ocrx_word' id='word_1_58' title='bbox 1225 1387 1536 1481; x_wconf 80' lang='lat' dir='ltr'><strong>magistri</strong></span> <span class='ocrx_word' id='word_1_59' title='bbox 1576 1398 1645 1461; x_wconf 87' lang='lat' dir='ltr'>et</span> <span class='ocrx_word' id='word_1_60' title='bbox 1682 1387 1970 1459; x_wconf 82' lang='lat' dir='ltr'><strong>fratrum</strong></span> <span class='ocrx_word' id='word_1_61' title='bbox 2023 1405 2309 1460; x_wconf 88' lang='lat' dir='ltr'>suorum</span> <span class='ocrx_word' id='word_1_62' title='bbox 2367 1405 2637 1458; x_wconf 88' lang='lat' dir='ltr'>necnon</span> <span class='ocrx_word' id='word_1_63' title='bbox 2687 1393 2761 1458; x_wconf 90' lang='lat' dir='ltr'>et</span> <span class='ocrx_word' id='word_1_64' title='bbox 2810 1394 3004 1479; x_wconf 83' lang='lat' dir='ltr'>grata</span> <span class='ocrx_word' id='word_1_65' title='bbox 3058 1386 3336 1460; x_wconf 85' lang='lat' dir='ltr'>servitia</span> <span class='ocrx_word' id='word_1_66' title='bbox 3386 1407 3527 1480; x_wconf 85' lang='lat' dir='ltr'>qne</span> <span class='ocrx_word' id='word_1_67' title='bbox 3579 1396 3810 1461; x_wconf 86' lang='lat' dir='ltr'>nostre</span> <span class='ocrx_word' id='word_1_68' title='bbox 3856 1390 4051 1463; x_wconf 89' lang='lat' dir='ltr'>celsi-</span> 
     </span>
     <span class='ocr_line' id='line_1_8' title="bbox 1229 1508 4044 1606; baseline 0 -22"><span class='ocrx_word' id='word_1_69' title='bbox 1229 1510 1455 1584; x_wconf 82' lang='lat' dir='ltr'>tudini</span> <span class='ocrx_word' id='word_1_70' title='bbox 1529 1510 1790 1606; x_wconf 87' lang='lat' dir='ltr'>jugiter</span> <span class='ocrx_word' id='word_1_71' title='bbox 1855 1508 2188 1583; x_wconf 82' lang='lat' dir='ltr'>exhibere</span> <span class='ocrx_word' id='word_1_72' title='bbox 2264 1530 2402 1582; x_wconf 91' lang='lat' dir='ltr'>non</span> <span class='ocrx_word' id='word_1_73' title='bbox 2460 1517 2763 1599; x_wconf 89' lang='lat' dir='ltr'>cessant,</span> <span class='ocrx_word' id='word_1_74' title='bbox 2818 1509 2965 1581; x_wconf 89' lang='lat' dir='ltr'>suis</span> <span class='ocrx_word' id='word_1_75' title='bbox 3013 1509 3634 1604; x_wconf 76' lang='lat' dir='ltr'>supplicationibus</span> <span class='ocrx_word' id='word_1_76' title='bbox 3690 1510 4044 1601; x_wconf 87' lang='lat' dir='ltr'>inclinati,</span> 
     </span>
     <span class='ocr_line' id='line_1_9' title="bbox 1226 1630 4050 1731; baseline 0.002 -25"><span class='ocrx_word' id='word_1_77' title='bbox 1226 1633 1540 1731; x_wconf 86' lang='lat' dir='ltr'>predicte</span> <span class='ocrx_word' id='word_1_78' title='bbox 1601 1633 1836 1707; x_wconf 91' lang='lat' dir='ltr'>domui</span> <span class='ocrx_word' id='word_1_79' title='bbox 1893 1632 2290 1728; x_wconf 90' lang='lat' dir='ltr'>hospitalis,</span> <span class='ocrx_word' id='word_1_80' title='bbox 2352 1630 2580 1705; x_wconf 91' lang='lat' dir='ltr'>eidem</span> <span class='ocrx_word' id='word_1_81' title='bbox 2631 1631 2983 1725; x_wconf 88' lang='lat' dir='ltr'>magistro,</span> <span class='ocrx_word' id='word_1_82' title='bbox 3035 1632 3359 1706; x_wconf 86' lang='lat' dir='ltr'>fratribus</span> <span class='ocrx_word' id='word_1_83' title='bbox 3407 1643 3480 1706; x_wconf 90' lang='lat' dir='ltr'>et</span> <span class='ocrx_word' id='word_1_84' title='bbox 3536 1636 4050 1711; x_wconf 89' lang='lat' dir='ltr'>successoribus</span> 
     </span>
     <span class='ocr_line' id='line_1_10' title="bbox 1228 1752 4044 1852; baseline -0 -19"><span class='ocrx_word' id='word_1_85' title='bbox 1228 1756 1633 1833; x_wconf 87' lang='lat' dir='ltr'>eorumdem</span> <span class='ocrx_word' id='word_1_86' title='bbox 1684 1755 1775 1830; x_wconf 92' lang='lat' dir='ltr'>de</span> <span class='ocrx_word' id='word_1_87' title='bbox 1828 1765 2060 1830; x_wconf 87' lang='lat' dir='ltr'>nostre</span> <span class='ocrx_word' id='word_1_88' title='bbox 2110 1752 2578 1828; x_wconf 82' lang='lat' dir='ltr'>munificentie</span> <span class='ocrx_word' id='word_1_89' title='bbox 2611 1756 2829 1850; x_wconf 88' lang='lat' dir='ltr'>gratia</span> <span class='ocrx_word' id='word_1_90' title='bbox 2888 1754 3336 1829; x_wconf 89' lang='lat' dir='ltr'>concedimus</span> <span class='ocrx_word' id='word_1_91' title='bbox 3391 1765 3462 1829; x_wconf 92' lang='lat' dir='ltr'>et</span> <span class='ocrx_word' id='word_1_92' title='bbox 3508 1757 3581 1830; x_wconf 92' lang='lat' dir='ltr'>in</span> <span class='ocrx_word' id='word_1_93' title='bbox 3637 1768 4044 1852; x_wconf 86' lang='lat' dir='ltr'>perpetuum</span> 
     </span>
     <span class='ocr_line' id='line_1_11' title="bbox 1227 1878 4049 1974; baseline 0 -18"><span class='ocrx_word' id='word_1_94' title='bbox 1227 1880 1714 1956; x_wconf 88' lang='lat' dir='ltr'>confirmamus</span> <span class='ocrx_word' id='word_1_95' title='bbox 1764 1880 2233 1974; x_wconf 84' lang='lat' dir='ltr'>supradictam</span> <span class='ocrx_word' id='word_1_96' title='bbox 2265 1878 2622 1952; x_wconf 87' lang='lat' dir='ltr'>ecclesiam</span> <span class='ocrx_word' id='word_1_97' title='bbox 2654 1879 2728 1951; x_wconf 92' lang='lat' dir='ltr'>in</span> <span class='ocrx_word' id='word_1_98' title='bbox 2772 1878 3033 1954; x_wconf 90' lang='lat' dir='ltr'>Chuniz</span> <span class='ocrx_word' id='word_1_99' title='bbox 3073 1901 3235 1953; x_wconf 91' lang='lat' dir='ltr'>cum</span> <span class='ocrx_word' id='word_1_100' title='bbox 3265 1880 3574 1953; x_wconf 87' lang='lat' dir='ltr'>ecclesiis</span> <span class='ocrx_word' id='word_1_101' title='bbox 3615 1880 3687 1952; x_wconf 91' lang='lat' dir='ltr'>in</span> <span class='ocrx_word' id='word_1_102' title='bbox 3721 1883 3940 1956; x_wconf 90' lang='lat' dir='ltr'>Berne</span> <span class='ocrx_word' id='word_1_103' title='bbox 3979 1895 4049 1956; x_wconf 86' lang='lat' dir='ltr'>et</span> 
     </span>
     <span class='ocr_line' id='line_1_12' title="bbox 1225 2003 4050 2097; baseline 0 -17"><span class='ocrx_word' id='word_1_104' title='bbox 1225 2004 1688 2080; x_wconf 80' lang='lat' dir='ltr'>Yverinsdorf</span> <span class='ocrx_word' id='word_1_105' title='bbox 1722 2026 1885 2079; x_wconf 88' lang='lat' dir='ltr'>cum</span> <span class='ocrx_word' id='word_1_106' title='bbox 1937 2004 2260 2078; x_wconf 89' lang='lat' dir='ltr'>omnibus</span> <span class='ocrx_word' id='word_1_107' title='bbox 2303 2003 2591 2097; x_wconf 86' lang='lat' dir='ltr'>justitiis</span> <span class='ocrx_word' id='word_1_108' title='bbox 2637 2013 2708 2076; x_wconf 90' lang='lat' dir='ltr'>et</span> <span class='ocrx_word' id='word_1_109' title='bbox 2755 2004 3139 2079; x_wconf 87' lang='lat' dir='ltr'>rationibus</span> <span class='ocrx_word' id='word_1_110' title='bbox 3183 2004 3612 2079; x_wconf 91' lang='lat' dir='ltr'>earumdem.</span> <span class='ocrx_word' id='word_1_111' title='bbox 3671 2008 4050 2081; x_wconf 88' lang='lat' dir='ltr'>Statuimus</span> 
     </span>
     <span class='ocr_line' id='line_1_13' title="bbox 1225 2126 4047 2225; baseline 0.001 -23"><span class='ocrx_word' id='word_1_112' title='bbox 1225 2130 1439 2225; x_wconf 88' lang='lat' dir='ltr'>igitur</span> <span class='ocrx_word' id='word_1_113' title='bbox 1478 2137 1549 2203; x_wconf 96' lang='lat' dir='ltr'>et</span> <span class='ocrx_word' id='word_1_114' title='bbox 1592 2127 1927 2224; x_wconf 90' lang='lat' dir='ltr'>imperiali</span> <span class='ocrx_word' id='word_1_115' title='bbox 1970 2126 2196 2202; x_wconf 89' lang='lat' dir='ltr'>edicto</span> <span class='ocrx_word' id='word_1_116' title='bbox 2225 2127 2299 2199; x_wconf 91' lang='lat' dir='ltr'>in</span> <span class='ocrx_word' id='word_1_117' title='bbox 2325 2136 2737 2223; x_wconf 90' lang='lat' dir='ltr'>perpetuum</span> <span class='ocrx_word' id='word_1_118' title='bbox 2764 2128 3065 2202; x_wconf 86' lang='lat' dir='ltr'>valituro</span> <span class='ocrx_word' id='word_1_119' title='bbox 3094 2129 3445 2202; x_wconf 88' lang='lat' dir='ltr'>sancimus</span> <span class='ocrx_word' id='word_1_120' title='bbox 3477 2138 3820 2224; x_wconf 88' lang='lat' dir='ltr'>quatenus</span> <span class='ocrx_word' id='word_1_121' title='bbox 3854 2133 4047 2206; x_wconf 88' lang='lat' dir='ltr'>nulla</span> 
     </span>
     <span class='ocr_line' id='line_1_14' title="bbox 1224 2249 4047 2351; baseline 0 -23"><span class='ocrx_word' id='word_1_122' title='bbox 1224 2252 1552 2348; x_wconf 89' lang='lat' dir='ltr'>deinceps</span> <span class='ocrx_word' id='word_1_123' title='bbox 1587 2272 1880 2348; x_wconf 88' lang='lat' dir='ltr'>persona</span> <span class='ocrx_word' id='word_1_124' title='bbox 1916 2249 2200 2325; x_wconf 87' lang='lat' dir='ltr'>humilis</span> <span class='ocrx_word' id='word_1_125' title='bbox 2243 2251 2357 2324; x_wconf 88' lang='lat' dir='ltr'>vel</span> <span class='ocrx_word' id='word_1_126' title='bbox 2403 2250 2754 2340; x_wconf 80' lang='lat' dir='ltr'>sublimiS,</span> <span class='ocrx_word' id='word_1_127' title='bbox 2789 2249 3244 2324; x_wconf 89' lang='lat' dir='ltr'>ecclesiastica</span> <span class='ocrx_word' id='word_1_128' title='bbox 3294 2251 3411 2325; x_wconf 85' lang='lat' dir='ltr'>vel</span> <span class='ocrx_word' id='word_1_129' title='bbox 3445 2250 3838 2346; x_wconf 89' lang='lat' dir='ltr'>mundana,</span> <span class='ocrx_word' id='word_1_130' title='bbox 3892 2276 4047 2351; x_wconf 90' lang='lat' dir='ltr'>pre-</span> 
     </span>
     <span class='ocr_line' id='line_1_15' title="bbox 1219 2373 4046 2472; baseline 0 -22"><span class='ocrx_word' id='word_1_131' title='bbox 1219 2377 1478 2450; x_wconf 84' lang='lat' dir='ltr'>dictam</span> <span class='ocrx_word' id='word_1_132' title='bbox 1553 2374 1840 2449; x_wconf 90' lang='lat' dir='ltr'>domum</span> <span class='ocrx_word' id='word_1_133' title='bbox 1915 2374 2271 2470; x_wconf 88' lang='lat' dir='ltr'>hospitalis</span> <span class='ocrx_word' id='word_1_134' title='bbox 2349 2373 2599 2446; x_wconf 85' lang='lat' dir='ltr'>Sancte</span> <span class='ocrx_word' id='word_1_135' title='bbox 2666 2373 2882 2448; x_wconf 86' lang='lat' dir='ltr'>Marie</span> <span class='ocrx_word' id='word_1_136' title='bbox 2954 2373 3533 2448; x_wconf 83' lang='lat' dir='ltr'>&#39;I&#39;heutonicorum</span> <span class='ocrx_word' id='word_1_137' title='bbox 3556 2426 3578 2467; x_wconf 90' lang='lat'>‚</span> <span class='ocrx_word' id='word_1_138' title='bbox 3641 2377 4046 2472; x_wconf 87' lang='lat' dir='ltr'>magistrum</span> 
     </span>
     <span class='ocr_line' id='line_1_16' title="bbox 1216 2496 4046 2596; baseline -0 -21"><span class='ocrx_word' id='word_1_139' title='bbox 1216 2500 1544 2575; x_wconf 92' lang='lat' dir='ltr'>eumdem</span> <span class='ocrx_word' id='word_1_140' title='bbox 1561 2552 1581 2591; x_wconf 89' lang='lat'>,</span> <span class='ocrx_word' id='word_1_141' title='bbox 1632 2499 1875 2571; x_wconf 85' lang='lat' dir='ltr'>fratres</span> <span class='ocrx_word' id='word_1_142' title='bbox 1919 2496 2033 2571; x_wconf 88' lang='lat' dir='ltr'>vel</span> <span class='ocrx_word' id='word_1_143' title='bbox 2076 2518 2508 2571; x_wconf 89' lang='lat' dir='ltr'>successores</span> <span class='ocrx_word' id='word_1_144' title='bbox 2554 2518 2795 2571; x_wconf 93' lang='lat' dir='ltr'>eorum</span> <span class='ocrx_word' id='word_1_145' title='bbox 2849 2506 3089 2573; x_wconf 89' lang='lat' dir='ltr'>contra</span> <span class='ocrx_word' id='word_1_146' title='bbox 3135 2506 3445 2572; x_wconf 89' lang='lat' dir='ltr'>tenorem</span> <span class='ocrx_word' id='word_1_147' title='bbox 3492 2500 3830 2596; x_wconf 87' lang='lat' dir='ltr'>presentis</span> <span class='ocrx_word' id='word_1_148' title='bbox 3879 2521 4046 2574; x_wconf 90' lang='lat' dir='ltr'>con·-</span> 
     </span>
     <span class='ocr_line' id='line_1_17' title="bbox 1218 2619 4045 2718; baseline -0 -20"><span class='ocrx_word' id='word_1_149' title='bbox 1218 2622 1550 2698; x_wconf 86' lang='lat' dir='ltr'>cessionis</span> <span class='ocrx_word' id='word_1_150' title='bbox 1588 2630 1658 2695; x_wconf 89' lang='lat' dir='ltr'>et</span> <span class='ocrx_word' id='word_1_151' title='bbox 1704 2619 2242 2695; x_wconf 87' lang='lat' dir='ltr'>confirmationis</span> <span class='ocrx_word' id='word_1_152' title='bbox 2288 2629 2520 2694; x_wconf 91' lang='lat' dir='ltr'>nostre</span> <span class='ocrx_word' id='word_1_153' title='bbox 2569 2641 2778 2716; x_wconf 91' lang='lat' dir='ltr'>super</span> <span class='ocrx_word' id='word_1_154' title='bbox 2834 2620 3142 2693; x_wconf 89' lang='lat' dir='ltr'>ecclesiis</span> <span class='ocrx_word' id='word_1_155' title='bbox 3196 2620 3560 2696; x_wconf 67' lang='lat' dir='ltr'>anoedictis</span> <span class='ocrx_word' id='word_1_156' title='bbox 3609 2622 4045 2718; x_wconf 82' lang='lat' dir='ltr'>aliquatenus</span> 
     </span>
     <span class='ocr_line' id='line_1_18' title="bbox 1216 2741 4044 2844; baseline -0 -22"><span class='ocrx_word' id='word_1_157' title='bbox 1216 2749 1548 2842; x_wconf 90' lang='lat' dir='ltr'>impetere</span> <span class='ocrx_word' id='word_1_158' title='bbox 1590 2743 1677 2838; x_wconf 89' lang='lat' dir='ltr'>(c)</span> <span class='ocrx_word' id='word_1_159' title='bbox 1721 2764 1848 2818; x_wconf 90' lang='lat' dir='ltr'>seu</span> <span class='ocrx_word' id='word_1_160' title='bbox 1895 2744 2257 2818; x_wconf 85' lang='lat' dir='ltr'>molestare</span> <span class='ocrx_word' id='word_1_161' title='bbox 2301 2751 2683 2840; x_wconf 90' lang='lat' dir='ltr'>presumat.</span> <span class='ocrx_word' id='word_1_162' title='bbox 2729 2741 2935 2830; x_wconf 91' lang='lat' dir='ltr'>Quod</span> <span class='ocrx_word' id='word_1_163' title='bbox 2973 2743 3097 2839; x_wconf 91' lang='lat' dir='ltr'>qui</span> <span class='ocrx_word' id='word_1_164' title='bbox 3137 2745 3630 2840; x_wconf 83' lang='lat' dir='ltr'>presumpserit</span> <span class='ocrx_word' id='word_1_165' title='bbox 3670 2755 3897 2844; x_wconf 90' lang='lat' dir='ltr'>preter</span> <span class='ocrx_word' id='word_1_166' title='bbox 3935 2748 4044 2821; x_wconf 90' lang='lat' dir='ltr'>in-</span> 
     </span>
     <span class='ocr_line' id='line_1_19' title="bbox 1218 2865 4045 2967; baseline -0 -22"><span class='ocrx_word' id='word_1_167' title='bbox 1218 2868 1692 2966; x_wconf 82' lang='lat' dir='ltr'>dignationem</span> <span class='ocrx_word' id='word_1_168' title='bbox 1732 2868 1949 2942; x_wconf 86' lang='lat' dir='ltr'>nostri</span> <span class='ocrx_word' id='word_1_169' title='bbox 1986 2865 2310 2941; x_wconf 90' lang='lat' dir='ltr'>culminis</span> <span class='ocrx_word' id='word_1_170' title='bbox 2353 2887 2568 2963; x_wconf 89' lang='lat' dir='ltr'>quam</span> <span class='ocrx_word' id='word_1_171' title='bbox 2622 2866 2995 2941; x_wconf 87' lang='lat' dir='ltr'>incurrisse</span> <span class='ocrx_word' id='word_1_172' title='bbox 3044 2886 3123 2941; x_wconf 91' lang='lat' dir='ltr'>se</span> <span class='ocrx_word' id='word_1_173' title='bbox 3168 2867 3481 2961; x_wconf 85' lang='lat' dir='ltr'>noverit,</span> <span class='ocrx_word' id='word_1_174' title='bbox 3542 2868 4045 2967; x_wconf 83' lang='lat' dir='ltr'>quinquaginta</span> 
     </span>
     <span class='ocr_line' id='line_1_20' title="bbox 1214 2988 4044 3088; baseline 0.001 -23"><span class='ocrx_word' id='word_1_175' title='bbox 1214 2993 1431 3066; x_wconf 88' lang='lat' dir='ltr'>libras</span> <span class='ocrx_word' id='word_1_176' title='bbox 1461 2992 1614 3065; x_wconf 88' lang='lat' dir='ltr'>auri</span> <span class='ocrx_word' id='word_1_177' title='bbox 1643 3012 1770 3086; x_wconf 90' lang='lat' dir='ltr'>pro</span> <span class='ocrx_word' id='word_1_178' title='bbox 1798 3012 1981 3087; x_wconf 91' lang='lat' dir='ltr'>pena</span> <span class='ocrx_word' id='word_1_179' title='bbox 2010 2999 2402 3088; x_wconf 89' lang='lat' dir='ltr'>componat,</span> <span class='ocrx_word' id='word_1_180' title='bbox 2437 2988 2806 3064; x_wconf 84' lang='lat' dir='ltr'>medietate</span> <span class='ocrx_word' id='word_1_181' title='bbox 2843 2988 3012 3062; x_wconf 86' lang='lat' dir='ltr'>fisco</span> <span class='ocrx_word' id='word_1_182' title='bbox 3048 2997 3283 3063; x_wconf 90' lang='lat' dir='ltr'>nostro</span> <span class='ocrx_word' id='word_1_183' title='bbox 3320 2999 3393 3063; x_wconf 92' lang='lat' dir='ltr'>et</span> <span class='ocrx_word' id='word_1_184' title='bbox 3422 2990 3634 3065; x_wconf 86' lang='lat' dir='ltr'>altera</span> <span class='ocrx_word' id='word_1_185' title='bbox 3676 2991 4044 3067; x_wconf 89' lang='lat' dir='ltr'>medietate</span> 
     </span>
     <span class='ocr_line' id='line_1_21' title="bbox 1217 3111 4043 3211; baseline 0 -23"><span class='ocrx_word' id='word_1_186' title='bbox 1217 3114 1397 3211; x_wconf 85' lang='lat' dir='ltr'>parti</span> <span class='ocrx_word' id='word_1_187' title='bbox 1439 3114 1581 3186; x_wconf 90' lang='lat' dir='ltr'>lese</span> <span class='ocrx_word' id='word_1_188' title='bbox 1625 3114 1980 3187; x_wconf 87' lang='lat' dir='ltr'>solvenda.</span> <span class='ocrx_word' id='word_1_189' title='bbox 2024 3111 2138 3186; x_wconf 88' lang='lat' dir='ltr'>Ad</span> <span class='ocrx_word' id='word_1_190' title='bbox 2175 3113 2387 3207; x_wconf 87' lang='lat' dir='ltr'>hujus</span> <span class='ocrx_word' id='word_1_191' title='bbox 2424 3113 2636 3204; x_wconf 87' lang='lat' dir='ltr'>igitur</span> <span class='ocrx_word' id='word_1_192' title='bbox 2661 3112 2765 3209; x_wconf 85' lang='lat' dir='ltr'>(d)</span> <span class='ocrx_word' id='word_1_193' title='bbox 2803 3120 3036 3187; x_wconf 86' lang='lat' dir='ltr'>nostre</span> <span class='ocrx_word' id='word_1_194' title='bbox 3068 3112 3535 3185; x_wconf 86' lang='lat' dir='ltr'>concessionis</span> <span class='ocrx_word' id='word_1_195' title='bbox 3577 3122 3647 3186; x_wconf 88' lang='lat' dir='ltr'>et</span> <span class='ocrx_word' id='word_1_196' title='bbox 3676 3112 4043 3189; x_wconf 85' lang='lat' dir='ltr'>confirma-</span> 
     </span>
     <span class='ocr_line' id='line_1_22' title="bbox 1218 3234 4042 3334; baseline 0 -24"><span class='ocrx_word' id='word_1_197' title='bbox 1218 3237 1427 3311; x_wconf 85' lang='lat' dir='ltr'>tionis</span> <span class='ocrx_word' id='word_1_198' title='bbox 1465 3236 1865 3311; x_wconf 90' lang='lat' dir='ltr'>memoriam</span> <span class='ocrx_word' id='word_1_199' title='bbox 1903 3244 1972 3309; x_wconf 89' lang='lat' dir='ltr'>et</span> <span class='ocrx_word' id='word_1_200' title='bbox 2008 3236 2229 3310; x_wconf 89' lang='lat' dir='ltr'>robur</span> <span class='ocrx_word' id='word_1_201' title='bbox 2264 3244 2599 3334; x_wconf 89' lang='lat' dir='ltr'>perpetuo</span> <span class='ocrx_word' id='word_1_202' title='bbox 2642 3236 3054 3328; x_wconf 86' lang='lat' dir='ltr'>valiturum,</span> <span class='ocrx_word' id='word_1_203' title='bbox 3096 3255 3380 3332; x_wconf 91' lang='lat' dir='ltr'>presens</span> <span class='ocrx_word' id='word_1_204' title='bbox 3412 3234 3858 3332; x_wconf 87' lang='lat' dir='ltr'>privilegium</span> <span class='ocrx_word' id='word_1_205' title='bbox 3891 3236 4042 3311; x_wconf 84' lang='lat' dir='ltr'>fieri</span> 
     </span>
     <span class='ocr_line' id='line_1_23' title="bbox 1220 3358 3158 3457; baseline -0.002 -23"><span class='ocrx_word' id='word_1_206' title='bbox 1220 3369 1292 3434; x_wconf 89' lang='lat' dir='ltr'>et</span> <span class='ocrx_word' id='word_1_207' title='bbox 1324 3361 1547 3454; x_wconf 88' lang='lat' dir='ltr'>sigillo</span> <span class='ocrx_word' id='word_1_208' title='bbox 1574 3370 1803 3435; x_wconf 87' lang='lat' dir='ltr'>nostre</span> <span class='ocrx_word' id='word_1_209' title='bbox 1830 3360 2205 3453; x_wconf 88' lang='lat' dir='ltr'>majestatis</span> <span class='ocrx_word' id='word_1_210' title='bbox 2237 3358 2331 3457; x_wconf 86' lang='lat' dir='ltr'>(e)</span> <span class='ocrx_word' id='word_1_211' title='bbox 2354 3359 2692 3452; x_wconf 86' lang='lat' dir='ltr'>jussimus</span> <span class='ocrx_word' id='word_1_212' title='bbox 2720 3359 3158 3434; x_wconf 88' lang='lat' dir='ltr'>communiri.</span> 
     </span>
    </p>

    <p class='ocr_par' dir='ltr' id='par_1_3' title="bbox 1214 3482 4043 4076">
     <span class='ocr_line' id='line_1_24' title="bbox 1315 3482 4042 3579; baseline 0.001 -21"><span class='ocrx_word' id='word_1_213' title='bbox 1315 3486 1538 3579; x_wconf 88' lang='lat' dir='ltr'>Hujus</span> <span class='ocrx_word' id='word_1_214' title='bbox 1593 3485 1694 3558; x_wconf 92' lang='lat' dir='ltr'>rei</span> <span class='ocrx_word' id='word_1_215' title='bbox 1756 3493 1966 3559; x_wconf 90' lang='lat' dir='ltr'>testes</span> <span class='ocrx_word' id='word_1_216' title='bbox 2008 3491 2171 3558; x_wconf 85' lang='lat' dir='ltr'>sunt</span> <span class='ocrx_word' id='word_1_217' title='bbox 2222 3510 2241 3556; x_wconf 74' lang='grc' dir='ltr'><strong><em>ε</em></strong></span> <span class='ocrx_word' id='word_1_218' title='bbox 2289 3484 2739 3557; x_wconf 90' lang='lat' dir='ltr'>Wenceslaus</span> <span class='ocrx_word' id='word_1_219' title='bbox 2777 3483 3061 3557; x_wconf 89' lang='lat' dir='ltr'>illustris</span> <span class='ocrx_word' id='word_1_220' title='bbox 3106 3504 3238 3558; x_wconf 84' lang='lat' dir='ltr'>rex</span> <span class='ocrx_word' id='word_1_221' title='bbox 3285 3482 3786 3574; x_wconf 90' lang='lat' dir='ltr'>Bohemorum‚</span> <span class='ocrx_word' id='word_1_222' title='bbox 3827 3484 4042 3560; x_wconf 88' lang='lat' dir='ltr'>Eber-</span> 
     </span>
     <span class='ocr_line' id='line_1_25' title="bbox 1215 3604 4043 3704; baseline 0.001 -24"><span class='ocrx_word' id='word_1_223' title='bbox 1215 3607 1481 3681; x_wconf 88' lang='lat' dir='ltr'>hardus</span> <span class='ocrx_word' id='word_1_224' title='bbox 1522 3607 2040 3702; x_wconf 87' lang='lat' dir='ltr'>Salzburgensis</span> <span class='ocrx_word' id='word_1_225' title='bbox 2076 3616 2147 3682; x_wconf 92' lang='lat' dir='ltr'>et</span> <span class='ocrx_word' id='word_1_226' title='bbox 2185 3604 2649 3681; x_wconf 88' lang='lat' dir='ltr'>Theodoricus</span> <span class='ocrx_word' id='word_1_227' title='bbox 2687 3607 3120 3682; x_wconf 84' lang='lat' dir='ltr'>Treverensis</span> <span class='ocrx_word' id='word_1_228' title='bbox 3163 3606 3703 3704; x_wconf 89' lang='lat' dir='ltr'>archiepiscopi,</span> <span class='ocrx_word' id='word_1_229' title='bbox 3742 3608 4043 3686; x_wconf 82' lang='lat' dir='ltr'>Sifridus</span> 
     </span>
     <span class='ocr_line' id='line_1_26' title="bbox 1215 3730 4035 3828; baseline 0.001 -24"><span class='ocrx_word' id='word_1_230' title='bbox 1215 3731 1730 3805; x_wconf 86' lang='lat' dir='ltr'>Ratisbonensis</span> <span class='ocrx_word' id='word_1_231' title='bbox 1773 3731 2147 3828; x_wconf 90' lang='lat' dir='ltr'>imperialis</span> <span class='ocrx_word' id='word_1_232' title='bbox 2197 3732 2359 3806; x_wconf 91' lang='lat' dir='ltr'>aule</span> <span class='ocrx_word' id='word_1_233' title='bbox 2411 3732 2857 3806; x_wconf 88' lang='lat' dir='ltr'>cancellarius</span> <span class='ocrx_word' id='word_1_234' title='bbox 2873 3784 2895 3823; x_wconf 91' lang='lat'>‚</span> <span class='ocrx_word' id='word_1_235' title='bbox 2942 3730 3366 3806; x_wconf 83' lang='lat' dir='ltr'>Eckebertus</span> <span class='ocrx_word' id='word_1_236' title='bbox 3411 3732 4035 3827; x_wconf 88' lang='lat' dir='ltr'>Babenbergensis‚</span> 
     </span>
     <span class='ocr_line' id='line_1_27' title="bbox 1214 3853 4041 3950; baseline 0.001 -23"><span class='ocrx_word' id='word_1_237' title='bbox 1214 3853 1622 3949; x_wconf 87' lang='lat' dir='ltr'>Rudegerus</span> <span class='ocrx_word' id='word_1_238' title='bbox 1677 3855 2105 3930; x_wconf 89' lang='lat' dir='ltr'>Pataviensis</span> <span class='ocrx_word' id='word_1_239' title='bbox 2124 3908 2146 3947; x_wconf 90' lang='lat'>‚</span> <span class='ocrx_word' id='word_1_240' title='bbox 2205 3907 2225 3926; x_wconf 89' lang='lat'><strong>.</strong></span> <span class='ocrx_word' id='word_1_241' title='bbox 2260 3910 2277 3929; x_wconf 92' lang='lat'><strong>.</strong></span> <span class='ocrx_word' id='word_1_242' title='bbox 2308 3909 2327 3928; x_wconf 90' lang='lat'><strong>.</strong></span> <span class='ocrx_word' id='word_1_243' title='bbox 2389 3854 2879 3950; x_wconf 78' lang='lat' dir='ltr'>FrisingensiS,</span> <span class='ocrx_word' id='word_1_244' title='bbox 2939 3855 3176 3930; x_wconf 89' lang='lat' dir='ltr'>Siboto</span> <span class='ocrx_word' id='word_1_245' title='bbox 3216 3853 3678 3950; x_wconf 85' lang='lat' dir='ltr'>Augustensis</span> <span class='ocrx_word' id='word_1_246' title='bbox 3721 3864 3793 3930; x_wconf 91' lang='lat' dir='ltr'>et</span> <span class='ocrx_word' id='word_1_247' title='bbox 3835 3857 4041 3930; x_wconf 85' lang='lat' dir='ltr'>Hein-</span> 
     </span>
     <span class='ocr_line' id='line_1_28' title="bbox 1214 3977 4040 4076; baseline 0.001 -26"><span class='ocrx_word' id='word_1_248' title='bbox 1214 3979 1406 4052; x_wconf 88' lang='lat' dir='ltr'>ricus</span> <span class='ocrx_word' id='word_1_249' title='bbox 1435 3977 1971 4053; x_wconf 87' lang='lat' dir='ltr'>Constantiensis</span> <span class='ocrx_word' id='word_1_250' title='bbox 2001 3979 2342 4076; x_wconf 87' lang='lat' dir='ltr'>episcopi,</span> <span class='ocrx_word' id='word_1_251' title='bbox 2384 3979 2748 4053; x_wconf 86' lang='lat' dir='ltr'>Heinricus</span> <span class='ocrx_word' id='word_1_252' title='bbox 2791 3979 3221 4074; x_wconf 81' lang='lat' dir='ltr'>lantgravius</span> <span class='ocrx_word' id='word_1_253' title='bbox 3260 3979 3640 4074; x_wconf 88' lang='lat' dir='ltr'>Thuringie</span> <span class='ocrx_word' id='word_1_254' title='bbox 3693 3981 4040 4076; x_wconf 87' lang='lat' dir='ltr'>palatinus</span> 
     </span>
    </p>
   </div>
   <div class='ocr_carea' id='block_1_3' title="bbox 1216 4205 4035 4832">
    <p class='ocr_par' dir='ltr' id='par_1_4' title="bbox 1301 4205 2586 4287">
     <span class='ocr_line' id='line_1_29' title="bbox 1301 4205 2586 4287; baseline 0.002 -19"><span class='ocrx_word' id='word_1_255' title='bbox 1301 4205 1388 4287; x_wconf 81' lang='grc' dir='ltr'>(α)</span> <span class='ocrx_word' id='word_1_256' title='bbox 1430 4209 1502 4270; x_wconf 92' lang='lat' dir='ltr'>In</span> <span class='ocrx_word' id='word_1_257' title='bbox 1532 4207 1708 4268; x_wconf 84' lang='lat' dir='ltr'>Teut.</span> <span class='ocrx_word' id='word_1_258' title='bbox 1737 4207 1870 4268; x_wconf 88' lang='lat' dir='ltr'>ord.</span> <span class='ocrx_word' id='word_1_259' title='bbox 1896 4206 2109 4285; x_wconf 85' lang='lat' dir='ltr'>copiali</span> <span class='ocrx_word' id='word_1_260' title='bbox 2131 4206 2284 4270; x_wconf 75' lang='lat' dir='ltr'>libro</span> <span class='ocrx_word' id='word_1_261' title='bbox 2309 4207 2586 4272; x_wconf 71' lang='lat' dir='ltr'>Knmitze.</span> 
     </span>
    </p>

    <p class='ocr_par' dir='ltr' id='par_1_5' title="bbox 1296 4310 2081 4394">
     <span class='ocr_line' id='line_1_30' title="bbox 1296 4310 2081 4394; baseline -0.001 -19"><span class='ocrx_word' id='word_1_262' title='bbox 1296 4312 1375 4393; x_wconf 78' lang='lat' dir='ltr'>(b)</span> <span class='ocrx_word' id='word_1_263' title='bbox 1415 4314 1646 4376; x_wconf 80' lang='lat' dir='ltr'>Ibidem</span> <span class='ocrx_word' id='word_1_264' title='bbox 1677 4310 2081 4394; x_wconf 70' lang='lat' dir='ltr'>vanisdorfl</span> 
     </span>
    </p>

    <p class='ocr_par' dir='ltr' id='par_1_6' title="bbox 1300 4416 2226 4501">
     <span class='ocr_line' id='line_1_31' title="bbox 1300 4416 2226 4501; baseline 0.001 -21"><span class='ocrx_word' id='word_1_265' title='bbox 1300 4418 1381 4501; x_wconf 82' lang='lat' dir='ltr'>(c)</span> <span class='ocrx_word' id='word_1_266' title='bbox 1420 4420 1494 4481; x_wconf 89' lang='lat' dir='ltr'>In</span> <span class='ocrx_word' id='word_1_267' title='bbox 1519 4420 1732 4498; x_wconf 85' lang='lat' dir='ltr'>coplali</span> <span class='ocrx_word' id='word_1_268' title='bbox 1754 4420 1906 4482; x_wconf 81' lang='lat' dir='ltr'>llbro</span> <span class='ocrx_word' id='word_1_269' title='bbox 1930 4416 2226 4500; x_wconf 74' lang='lat' dir='ltr'>impedire.</span> 
     </span>
    </p>

    <p class='ocr_par' dir='ltr' id='par_1_7' title="bbox 1293 4524 1891 4607">
     <span class='ocr_line' id='line_1_32' title="bbox 1293 4524 1891 4607; baseline -0.002 -19"><span class='ocrx_word' id='word_1_270' title='bbox 1293 4524 1385 4607; x_wconf 82' lang='lat' dir='ltr'>(d)</span> <span class='ocrx_word' id='word_1_271' title='bbox 1423 4527 1652 4588; x_wconf 80' lang='lat' dir='ltr'>Ibidem</span> <span class='ocrx_word' id='word_1_272' title='bbox 1677 4525 1891 4607; x_wconf 76' lang='lat' dir='ltr'>itaque.</span> 
     </span>
    </p>

    <p class='ocr_par' dir='ltr' id='par_1_8' title="bbox 1216 4628 4035 4832">
     <span class='ocr_line' id='line_1_33' title="bbox 1302 4628 4035 4716; baseline 0 -25"><span class='ocrx_word' id='word_1_273' title='bbox 1302 4631 1378 4710; x_wconf 80' lang='lat' dir='ltr'>(e)</span> <span class='ocrx_word' id='word_1_274' title='bbox 1420 4632 1651 4695; x_wconf 87' lang='lat' dir='ltr'>Ibidem</span> <span class='ocrx_word' id='word_1_275' title='bbox 1688 4638 1745 4692; x_wconf 79' lang='lat' dir='ltr'>et</span> <span class='ocrx_word' id='word_1_276' title='bbox 1778 4628 1939 4694; x_wconf 78' lang='lat' dir='ltr'>hulla</span> <span class='ocrx_word' id='word_1_277' title='bbox 1975 4650 2158 4694; x_wconf 79' lang='lat' dir='ltr'>aurea</span> <span class='ocrx_word' id='word_1_278' title='bbox 2202 4633 2434 4713; x_wconf 76' lang='lat' dir='ltr'>typario</span> <span class='ocrx_word' id='word_1_279' title='bbox 2474 4639 2667 4695; x_wconf 63' lang='lat' dir='ltr'>nostre</span> <span class='ocrx_word' id='word_1_280' title='bbox 2708 4631 3027 4716; x_wconf 68' lang='lat' dir='ltr'>mnjestatis</span> <span class='ocrx_word' id='word_1_281' title='bbox 3066 4632 3385 4713; x_wconf 48' lang='lat' dir='ltr'>impressa,-</span> <span class='ocrx_word' id='word_1_282' title='bbox 3417 4630 3576 4695; x_wconf 87' lang='lat' dir='ltr'>unde</span> <span class='ocrx_word' id='word_1_283' title='bbox 3613 4630 4035 4709; x_wconf 77' lang='lat' dir='ltr'>suspicandum</span> 
     </span>
     <span class='ocr_line' id='line_1_34' title="bbox 1216 4736 3873 4832; baseline 0.001 -35"><span class='ocrx_word' id='word_1_284' title='bbox 1216 4736 1341 4832; x_wconf 87' lang='lat' dir='ltr'>duo</span> <span class='ocrx_word' id='word_1_285' title='bbox 1364 4738 1721 4816; x_wconf 81' lang='lat' dir='ltr'>exemplaria</span> <span class='ocrx_word' id='word_1_286' title='bbox 1744 4738 1927 4801; x_wconf 82' lang='lat' dir='ltr'>fuisse</span> <span class='ocrx_word' id='word_1_287' title='bbox 1956 4741 2214 4817; x_wconf 82' lang='lat' dir='ltr'>redacta,</span> <span class='ocrx_word' id='word_1_288' title='bbox 2242 4756 2429 4802; x_wconf 89' lang='lat' dir='ltr'>unum</span> <span class='ocrx_word' id='word_1_289' title='bbox 2453 4755 2590 4802; x_wconf 90' lang='lat' dir='ltr'>cum</span> <span class='ocrx_word' id='word_1_290' title='bbox 2613 4739 2807 4819; x_wconf 78' lang='lat' dir='ltr'>sigillo</span> <span class='ocrx_word' id='word_1_291' title='bbox 2832 4756 3023 4818; x_wconf 81' lang='lat' dir='ltr'>cereo,</span> <span class='ocrx_word' id='word_1_292' title='bbox 3048 4740 3299 4802; x_wconf 85' lang='lat' dir='ltr'>alterum</span> <span class='ocrx_word' id='word_1_293' title='bbox 3322 4754 3463 4802; x_wconf 85' lang='lat' dir='ltr'>cum</span> <span class='ocrx_word' id='word_1_294' title='bbox 3488 4753 3665 4800; x_wconf 85' lang='lat' dir='ltr'>aurea</span> <span class='ocrx_word' id='word_1_295' title='bbox 3686 4736 3873 4800; x_wconf 77' lang='lat' dir='ltr'>bulla.</span> 
     </span>
    </p>
   </div>
  </div>
 </body>
</html>
