4842 5802
924 647 1120 708 litum.
1146 642 1236 720 6.]
1823 633 2215 697 HISTORIA
2267 620 2851 696 DIPLOMATICA.
3629 626 3750 687 595

926 780 1099 855 dire.
1135 779 1222 853 Ut
1257 784 1492 850 autem
1529 773 1659 845 bec
1686 770 1969 844 donatio
2001 781 2231 845 nostra
2267 781 2415 843 rata
2453 772 2526 842 in
2561 780 2968 865 perpetuum
2995 774 3432 862 permaneat,
3483 763 3741 835 litteras

926 913 1190 978 nostras
1216 899 1449 975 eidem
1478 888 1769 970 ecclesie
1803 894 2125 968 dedimus
2157 895 2511 988 sigillatas.

940 1057 953 1066 ·
1019 1029 1269 1101 Datum
1298 1022 1490 1118 apud
1520 1021 1789 1115 Spiram
1809 1071 1830 1111 ,
1871 1019 1933 1091 V
1965 1018 2123 1092 idus
2154 1017 2542 1093 decembris
2565 1071 2585 1107 ,
2639 1016 3016 1127 indictione
3043 1023 3265 1088 sexta.

1348 1328 2732 1340 mmm

1036 1618 1435 1724 HenricuS,
1475 1619 1998 1701 Romanorum
2033 1643 2197 1723 rex,
2228 1617 2695 1701 Ludovicum
2730 1617 3197 1701 Francorum
3233 1638 3493 1728 regem
3528 1626 3749 1727 rogat
3794 1635 4110 1741 [nggm‘md

940 1761 1022 1833 ut
1059 1761 1323 1835 contra
1359 1775 1440 1833 se
1455 1812 1478 1859 ,
1519 1750 1872 1834 comitem
1918 1749 2369 1833 Barrensem
2413 1760 2487 1832 et
2540 1752 2738 1832 cives
2800 1750 3166 1833 Metenses
3209 1751 3511 1834 nullum
3565 1752 3743 1860 epi-

940 1908 1159 1992 scopo
1209 1883 1521 1968 Metensi
1584 1883 1954 1965 auxilium
2005 1883 2397 1992 impendat
2430 1883 2550 1966 vel
2599 1882 2698 1965 ab
2742 1882 3180 1966 hominibus
3235 1884 3450 1995 regni
3487 1883 3745 1967 Fran-

941 2015 1092 2098 ciae
1125 2017 1459 2126 impendi
1494 2016 1902 2124 permittat.

1094 2256 1342 2334 (Inedit.
1382 2274 1457 2318 ex
1494 2258 1723 2317 collect.
1752 2257 1842 2318 De
1868 2256 2110 2333 Campe,
2140 2262 2183 2316 t.
2218 2256 2472 2328 van,
2515 2257 2580 2315 ln
2606 2256 2883 2316 Biblioth.
2917 2259 3226 2332 praecipua
3250 2257 3436 2317 Paris.
3455 2304 3472 2336 ,
3502 2257 3607 2317 ubi
3644 2259 3745 2319 di-

1172 2365 1328 2425 citur
1356 2383 1388 2420 α
1420 2368 1575 2423 extr.
1606 2361 1688 2422 du
1711 2363 1816 2424 lib.
1848 2364 2179 2440 principum
2204 2360 2275 2422 de
2299 2360 2360 2422 la
2385 2359 2516 2423 bibl.
2554 2359 2735 2434 Colb„
2761 2369 2809 2423 t.
2840 2363 2892 2434 Ι,
2922 2362 3025 2423 fol.
3047 2372 3135 2423 -26
3164 2370 3345 2423 recto.
3375 2363 3443 2440 n)

1032 2575 1458 2668 Ludovicus,
1499 2576 1622 2648 Dei
1642 2576 1861 2669 gratia
1880 2576 2291 2648 Francorum
2325 2596 2482 2666 rex,
2518 2574 2783 2648 dilectis
2808 2583 2877 2646 et
2910 2572 3231 2645 fidelibus
3247 2574 3392 2645 suis
3411 2575 3749 2647 universis

946 2698 1312 2772 baronibus
1346 2709 1415 2773 et
1447 2699 1843 2772 hominibus
1888 2700 2033 2771 suis
2079 2700 2168 2773 ad
2200 2721 2376 2795 quos
2419 2709 2768 2794 presentes
2823 2698 3289 2794 pervenerint,
3350 2699 3639 2772 salutem
3680 2709 3750 2772 et

949 2814 1417 2897 dilectionem.⁸
1437 2825 1728 2898 Litteras
1758 2822 2135 2896 charissimi
2173 2823 2401 2895 fratris
2432 2833 2499 2896 et
2534 2823 2734 2895 amici
2775 2821 2988 2895 nostri
3016 2822 3453 2895 illustrissimi
3488 2825 3753 2898 Roma-

946 2969 1182 3023 norum
1223 2949 1407 3044 regis
1442 2961 1512 3021 et
1538 2971 1806 3044 semper
1837 2949 2115 3044 augusti
2142 2950 2529 3045 recepimus
2555 2950 2627 3021 in
2660 2949 2789 3022 hec
2823 2949 3040 3022 verba
3083 2976 3101 3020 ε

1034 3073 1154 3163 Η.,
1194 3073 1318 3144 Dei
1349 3073 1569 3166 gratia
1596 3075 2061 3146 Romanorum
2087 3094 2212 3145 rex
2248 3081 2317 3144 et
2349 3094 2619 3168 semper
2645 3081 3006 3167 augustus,
3052 3053 3453 3147 charissimo
3483 3075 3667 3147 fratri
3690 3084 3759 3147 et

946 3195 1163 3268 amico
1190 3216 1319 3267 suo
1350 3196 1704 3271 Ludovico
1737 3197 1980 3269 illustri
2007 3197 2289 3270 Francie
2326 3197 2470 3291 regi
2510 3197 2798 3270 salutem
2838 3206 2907 3269 et
2942 3197 3206 3271 sincere
3235 3197 3623 3273 dilectionis
3657 3202 3759 3275 af-

945 3318 1223 3391 fectum.
1241 3318 1413 3404 Cum
1440 3341 1568 3393 nos
1593 3320 1685 3394 de
1711 3321 2149 3417 providentia
2170 3321 2382 3394 nostri
2404 3317 2726 3418 [consilii]
2751 3321 3041 3418 principi
3061 3331 3295 3394 nostro
3309 3323 3594 3396 Metensi
3613 3326 3763 3420 epi-

948 3462 1182 3537 scope,
1205 3444 1398 3516 velut
1416 3453 1729 3516 tenemur
1742 3444 2154 3517 authoritate
2172 3444 2472 3540 imperii,
2493 3443 2583 3517 de
2599 3443 2920 3517 fidelibus
2943 3445 3198 3516 nostris
3213 3445 3487 3518 civibus
3502 3446 3763 3519 Meten-

949 3565 1143 3636 sibns
1161 3567 1428 3661 plenam
1450 3567 1539 3641 de
1556 3567 1978 3661 quibuslibet
2005 3567 2381 3641 lesionibus
2395 3568 2925 3641 satisfactionem
2949 3569 3407 3642 voluissemus
3423 3568 3765 3660 justitiam

952 3686 1282 3762 exhibere
1316 3690 1448 3789 (a),
1492 3692 1679 3766 idem
1718 3693 2085 3789 episcopus
2119 3690 2286 3765 boni
2316 3714 2453 3764 non
2484 3692 2950 3783 consentienS,
2989 3692 3115 3765 sed
3148 3693 3378 3764 omnia
3413 3693 3658 3765 volens
3693 3694 3763 3765 in

950 3813 1347 3888 strenuitate
1377 3838 1502 3888 sua
1541 3826 1613 3889 et
1648 3817 1907 3889 malitia
1942 3825 2268 3898 tractare,
2309 3838 2350 3887 a
2369 3814 2721 3906 jamdictis
2748 3816 3020 3888 civibus
3042 3815 3407 3886 recusabat
3428 3817 3768 3909 justitiam

949 3944 1325 4031 acceptare.
1365 3940 1651 4037 Propter
1682 3939 1876 4034 quod
1911 3939 2398 4013 mandavimus
2431 3937 2683 4011 dilecto
2708 3936 2897 4010 fideli
2929 3946 3160 4010 nostro
3187 3939 3419 4010 comiti
3452 3941 3764 4014 Barrensi

951 4066 1017 4129 et
1047 4062 1443 4156 rogavimus
1476 4065 1801 4139 eumdem
1825 4077 1902 4138 ut
1929 4087 2161 4139 amore
2183 4064 2394 4137 nostri
2431 4065 2821 4136 memoratis
2844 4064 3120 4136 civibus
3152 4062 3535 4157 assisteret,
3581 4066 3768 4161 ipsos

952 4192 1178 4256 contra
1208 4184 1470 4259 dictum
1507 4189 1908 4284 episcopum
1950 4210 2077 4285 pro
2107 4189 2379 4261 viribus
2413 4187 2818 4280 adjuvando
2853 4185 2984 4284 (l).
3020 4189 3200 4262 Sane
3237 4189 3429 4283 quod
3458 4188 3771 4262 veridico

1033 4359 1113 4440 (a)
1156 4362 1276 4425 Sic.
1306 4363 1718 4426 verisimiliter
1744 4365 2058 4445 legendum
2083 4363 2393 4428 secundum
2405 4366 2710 4449 justitiam
2735 4363 3014 4429 exhiberi.

1709 4541 1804 4551 0-

2290 4544 2416 4552 *-

1029 4645 1097 4720 (t)
1138 4669 1166 4703 ι
1197 4649 1278 4706 De
1295 4649 1513 4708 civitate
1532 4650 1757 4710 Metensi
1785 4668 1891 4710 non
1917 4659 2002 4711 est
2020 4654 2469 4727 praetereundum
2495 4654 2763 4727 quomodo
2788 4655 3073 4729 episcopus
3094 4654 3367 4712 Johannes
3392 4671 3492 4730 per
3512 4657 3780 4731 quoddam

966 4750 1196 4804 castrum
1218 4746 1405 4806 Sancti
1435 4746 1690 4806 Germani
1728 4767 1851 4809 curn
1875 4751 2209 4825 adjutoribus
2232 4753 2348 4810 suis
2372 4751 2486 4810 fere
2511 4769 2609 4826 per
2633 4753 2907 4812 biennium
2932 4754 3079 4812 cives
3104 4754 3520 4830 impugnaverit,
3560 4763 3617 4815 et
3648 4774 3783 4831 quo-

3992 1644 4156 1675 anuum
