4842 5802
1193 615 1317 679 826
2192 617 2625 680 munemel
2667 617 3022 680 suenum
3644 615 3803 700 [Anu.
3833 615 4017 679 1236.

1198 751 1406 824 licam
1456 748 1830 842 constituti,
1883 751 2237 846 negotium
2274 754 2479 827 Terre
2509 756 2761 827 Sancte
2790 750 2984 848 quod
3018 748 3113 823 ad
3156 759 3225 823 te
3253 760 3413 846 post
3440 748 3694 825 Sedem
3722 751 4020 847 Aposto-

1197 872 1402 948 licam
1450 874 1755 948 noscitur
1783 876 2172 971 specialiter
2205 878 2584 973 pertinere,
2621 877 2959 953 duximus
3002 872 3499 948 assumendum
3517 928 3540 964 ,
3576 874 4022 971 providentes

1199 1009 1279 1072 ut
1310 998 1495 1072 orbis
1536 1007 1713 1072 terre
1755 998 2109 1074 discordes
2138 1001 2231 1074 ad
2266 1010 2579 1096 treugam
2616 1003 2729 1076 vel
2776 999 3216 1074 concordiam
3255 1007 3687 1094 cogerentur,
3724 1009 3794 1072 et
3825 1000 4021 1095 quod

1194 1125 1338 1217 jam
1366 1122 1460 1196 ad
1501 1122 1636 1196 hoc
1674 1122 1895 1217 aliqui
1933 1146 2027 1197 ex
2068 1126 2343 1220 magnis
2388 1136 2570 1201 terre
2602 1126 3040 1223 principibus
3081 1133 3248 1196 sunt
3293 1124 3659 1219 compulsi,
3707 1124 4022 1218 quinimo

1202 1269 1401 1340 reges
1434 1247 1688 1343 aliqui,
1729 1247 1925 1320 multi
1972 1249 2240 1322 nobiles
2284 1260 2357 1323 et
2402 1260 2715 1347 potentes
2752 1249 2976 1323 crucis
3019 1248 3454 1343 signaculum
3503 1270 3630 1343 per
3677 1248 3804 1321 Dei
3851 1270 4020 1342 gra-—

1200 1371 1365 1446 tiam
1400 1371 1808 1467 receperint,
1834 1373 2181 1468 preffitum
2206 1373 2618 1468 magistrum
2647 1375 2768 1463 H„
2791 1394 2882 1445 ne
2911 1372 3101 1447 dicte
3133 1381 3313 1445 terre
3335 1371 3684 1466 negotium
3711 1371 3905 1466 quod
3925 1371 4019 1446 ad

1204 1496 1564 1569 utilitatem
1588 1496 1920 1589 Ecclesie‚
1951 1497 2226 1593 imperii
2262 1521 2345 1571 ac
2372 1499 2583 1572 totius
2617 1498 2854 1594 populi
2881 1496 3233 1571 christiani
3261 1495 3571 1569 noscitur
3591 1494 4012 1589 ordinatum,

1199 1618 1390 1715 quod
1448 1619 1661 1712 absit,
1720 1622 1949 1694 valeat
1998 1622 2358 1718 impediri,
2411 1644 2574 1695 cum
2626 1624 2830 1719 pleno
2887 1621 3216 1696 mandato
3266 1618 3357 1694 de
3405 1619 4020 1715 compromittendo

1199 1765 1410 1840 super
1449 1744 1801 1841 premissis
1837 1746 2099 1841 premse
2138 1746 2218 1818 in
2258 1747 2584 1819 manibus
2624 1747 2873 1819 nostris
2913 1747 3063 1818 sine
3112 1765 3304 1818 more
3337 1743 3708 1840 dispendio
3735 1742 4021 1816 studeas

1201 1867 1585 1961 destinare3
1639 1869 1934 1942 sciturus
1990 1869 2184 1965 quod
2222 1870 2285 1942 si
2326 1880 2564 1944 contra
2592 1869 3049 1961 lombardos,
3087 1869 3397 1942 maxime
3425 1891 3585 1942 cnm
3636 1872 3715 1942 se
3755 1868 4021 1964 precise

1200 1992 1275 2065 in
1308 1994 1632 2066 manibus
1673 1994 1975 2069 Ecclesie
2023 1996 2419 2090 posuerint,
2470 1997 2603 2069 hoc
2642 1996 3075 2093 potissimum
3116 2005 3422 2091 tempore
3461 1994 3838 2089 procedere
3867 2013 4018 2066 mo-

1197 2118 1456 2210 lireris,
1519 2128 1779 2192 tantam
1836 2119 2139 2215 exempli
2196 2121 2566 2216 perniciem
2623 2122 2781 2195 aliis
2840 2119 3211 2193 tribuendo
3264 2141 3391 2215 per
3447 2140 3660 2214 quam
3713 2116 4018 2213 proeumi

1204 2242 1421 2337 possit
1459 2264 1504 2315 a
1547 2243 1862 2339 pluribus
1904 2243 2099 2338 quod
2144 2256 2409 2318 ceteros
2454 2244 2755 2319 Ecclesia
2797 2244 3184 2336 fefellisset,
3235 2242 3311 2317 id
3365 2244 3510 2340 pati
3566 2240 4021 2337 equanimiter

1200 2365 1518 2439 eamdem
1553 2368 1927 2441 Ecclesiam
1956 2389 2097 2441 non
2132 2367 2435 2461 deceret,
2465 2370 2829 2465 presertim
2871 2390 3032 2442 cum
3072 2390 3283 2464 snper
3319 2367 3596 2462 negotio
3627 2367 3704 2439 in
3741 2387 3886 2460 quo
3926 2363 4019 2438 de

1198 2501 1387 2565 tanta
1432 2492 1649 2585 gloria
1679 2492 2152 2588 Redemptoris
2186 2495 2442 2587 agitur,
2482 2494 2789 2591 acceptio
2825 2515 3269 2590 personarum
3311 2492 3553 2566 haberi
3589 2512 3728 2563 non
3766 2488 4024 2562 debeat

1197 2637 1325 2687 nec
1356 2615 1623 2709 aliquid
1666 2638 1794 2689 nos
1831 2617 2371 2714 deceat'perpeti
2418 2640 2542 2714 per
2587 2618 2781 2713 quod
2835 2640 3196 2715 processus
3245 2615 3556 2709 ejusdem
3601 2622 3835 2710 posset
3879 2613 4020 2684 ali·

1194 2749 1540 2832 quatenus
1574 2739 1919 2835 impediri.
1962 2742 2336 2836 Diligenter
2361 2744 2546 2816 enim
2584 2742 3023 2816 considerare
3055 2754 3126 2816 te
3167 2742 3493 2816 convenit
3525 2739 3718 2834 quod
3765 2739 3862 2811 illi
3899 2736 4021 2832 qui

1199 2863 1605 2936 excellentie
1643 2871 1759 2937 tue
1794 2865 2135 2940 contraria
2164 2867 2568 2959 consulunt,
2607 2866 2702 2940 ad
2735 2865 2808 2940 id
2848 2877 2914 2939 te
2947 2867 3259 2939 nituntur
3294 2864 3624 2938 inducere
3661 2884 3784 2958 per
3827 2858 4022 2956 quod

1205 2996 1273 3057 le
1310 2984 1444 3057 illis
1492 2987 1844 3061 laboribus
1882 2989 2194 3061 involuto
2255 2990 2347 3062 de
2394 2991 2653 3084 quibus
2691 2990 2784 3064 ds
2829 2990 3010 3062 facili
3059 3010 3365 3085 nequem
3414 2985 3771 3081 expediri,
3833 2983 4024 3055 utili-

1206 3117 1380 3180 tates
1410 3130 1575 3181 suas
1610 3107 1854 3182 fortius
1885 3112 2163 3184 valeant
2193 3134 2586 3208 pmcnrare.

1300 3233 1551 3304 Datum
1595 3234 1903 3324 viterbii,
1947 3237 2073 3307 XII
2107 3235 2441 3309 kalendas
2475 3237 2740 3332 apriliS,
2774 3257 2958 3311 anno
2983 3237 3073 3309 X.
3185 3289 3192 3296 .

1303 3356 1643 3451 Scriptum
1674 3368 1784 3430 est
1818 3358 1893 3430 in
1933 3359 2254 3432 eumdem
2288 3361 2433 3434 sere
2459 3360 2744 3435 modum
2781 3361 3105 3456 episcopo
3143 3356 3619 3431 Ratishonmsi
3654 3355 4023 3451 imperialis

1204 3477 1369 3551 aule
1423 3481 1849 3571 cancellarie,
1902 3484 2415 3578 moguntinensi
2453 3495 2523 3558 et
2569 3484 2962 3559 'Tr-evirensi
3015 3481 3543 3578 archiepiscopis
3590 3491 3659 3553 et
3695 3480 4025 3576 episcopo

1206 3601 1672 3677 lldesemensi.

1304 3729 1379 3799 ln
1424 3727 1749 3801 eumdem
1800 3751 2087 3826 quoque
2129 3730 2412 3806 modum
2463 3733 2792 3828 scriptum
2842 3743 2946 3805 est
2975 3730 3298 3826 magistro
3341 3728 3702 3825 hospitalis
3731 3727 4027 3798 Sanctae

1206 3849 1463 3922 Mariae
1483 3850 2056 3928 Theutonicorum
2088 3875 2314 3949 usque
2330 3856 2426 3929 ad
2445 3881 2483 3924 t(
2521 3853 2800 3930 valeant
2827 3877 3221 3950 procurare.
3249 3854 3585 3940 Quocirca
3614 3847 4027 3923 mandamns

1206 3986 1550 4068 quatenus
1594 3975 1855 4050 dictum
1893 3979 2372 4075 imperatorem
2424 3980 2517 4055 ad
2565 3981 2642 4055 id
2699 3981 3061 4055 efficaciter
3111 4000 3394 4053 moneas
3448 3988 3519 4052 et
3568 3973 3857 4048 inducas
3892 3971 4019 4067 (l).

1204 4097 1484 4190 Datum,
1520 4108 1600 4172 nt
1630 4121 1864 4197 supra.
1894 4125 1932 4172 ι)

1286 4434 1354 4507 (Ι)
1395 4433 1558 4491 Paulo
1585 4441 1731 4509 post,
1756 4435 1851 4493 die
1877 4436 2134 4510 vigesimo
2160 4437 2390 4511 septimo
2414 4436 2576 4511 hujus
2602 4438 2803 4496 mensis
2825 4436 3032 4508 martii,
3056 4435 3198 4493 idem
3236 4432 3490 4507 magister
3520 4430 3743 4487 Romam
3769 4432 4023 4486 evocatus

1212 4536 1297 4587 est
1331 4552 1357 4582 α
1392 4546 1494 4604 pro
1526 4547 1721 4606 magno
1750 4532 1954 4592 honore
1980 4534 2247 4592 Ecclesiae
2278 4540 2335 4592 et
2372 4534 2577 4609 imperii
2608 4534 2970 4608 promovendo
3008 4550 3073 4591 ac
3105 4547 3205 4607 pro
3237 4528 3462 4604 azotiis
3477 4528 3684 4608 *Teme
3707 4527 3935 4586 Sanctae
3969 4533 4026 4579 et

1211 4628 1590 4702 tranquillitate
1613 4629 1765 4704 pacis
1788 4631 2119 4692 eorumdem·
2157 4632 2393 4707 Incipit:
2429 4631 2628 4700 Qum.
2652 4634 2775 4692 nat.
2808 4631 3059 4704 vnum,
3089 4631 3162 4691 vl
3199 4628 3309 4690 kal.
3347 4625 3611 4703 apriis.»
3651 4622 3825 4683 &aaa
3859 4621 4023 4678 tener.

1213 4723 1435 4798 Gregor.
1455 4727 1564 4798 IX,
1588 4743 1728 4785 anno
1750 4727 1825 4800 X,
1850 4731 2017 4785 11046.
