4842 5802
931 2940 1095 2993 rogiae
1107 2972 1118 2992 ,

909 2994 1137 3038 novembri

968 3049 1089 3090 1232.

1220 658 1342 722 942
1709 680 1718 689 ·
2323 656 2943 719 Anm'rAMEN'rA.

1230 804 1302 866 et
1369 792 1663 866 Jacobus
1720 791 2087 864 Tranensis
2141 789 2245 887 (a)
2321 791 2855 888 archiepiscopi,
2917 790 3277 864 Richerins
3343 788 3749 883 Melfiensis,
3806 792 4047 864 Petrus

1232 915 1681 990 Raveluensis
1755 914 2103 1010 episcopi,
2177 916 2383 988 frater
2453 917 2887 988 Hermannus
2966 914 3290 1007 magister
3360 913 3717 1009 hospitalis
3799 916 4048 989 Sancte

1230 1039 1445 1112 Marie
1479 1037 2057 1112 'theutonicorum
2099 1038 2170 1109 in
2199 1039 2234 1110 J
2240 1038 2651 1129 herusalem,
2688 1059 2920 1118 comes
2950 1036 3244 1110 Thomas
3273 1036 3365 1110 de
3396 1035 3671 1111 Acerris
3695 1035 4047 1133 (b),-Man-

1238 1162 1460 1235 fridus
1503 1161 1808 1235 marchio
1852 1163 2100 1234 Lantza
2133 1160 2250 1258 (c),
2309 1161 2738 1236 Rickhardus
2793 1160 3247 1250 camerarius,
3302 1163 3755 1235 Renesmulus
3802 1163 3933 1257 (d),
3982 1171 4053 1234 et

1233 1287 1349 1358 alii
1387 1287 1852 1380 quamplures.

1337 1410 1623 1503 Signum
1672 1407 1933 1481 domini
1991 1405 2334 1481 Frederici
2383 1408 2714 1498 secundi,
2761 1407 3195 1482 invictissimi
3250 1409 3716 1481 Romanorum
3760 1408 4055 1504 impera·

1242 1534 1405 1606 toris
1441 1554 1711 1627 semper
1752 1531 2052 1626 augusti,
2102 1533 2474 1606 Jerusalem
2511 1542 2581 1607 et
2621 1533 2850 1606 Sicilie
2882 1533 3091 1626 regis.
3136 1531 3715 1631 (Monoqramma.)

1342 1655 1514 1727 Acta
1569 1664 1733 1727 sunt
1777 1654 1905 1727 hec
1972 1676 2154 1728 anno
2203 1655 2551 1729 dominice
2590 1656 3078 1730 incarnationis
3128 1656 3489 1729 millesimo
3535 1656 3663 1728 CC⁰
3714 1655 4057 1729 tricesimo

1243 1778 1582 1868 secunde,
1631 1800 1867 1852 mense
1911 1780 2353 1874 septembris,
2388 1789 2588 1852 sexte
2627 1780 3052 1872 indictionis,
3098 1780 3483 1876 imperante
3512 1780 3794 1855 domino
3828 1791 4059 1854 nostro

1249 1902 1630 1993 Friderico,
1689 1902 1814 1974 Dei
1868 1904 2088 1997 gratia
2151 1903 2605 1977 invictissimo
2651 1905 3110 1978 Romanorum
3152 1905 3563 2000 imperatore
3606 1925 3875 2000 semper
3929 1927 4058 1978 au·

1251 2037 1488 2123 gustu,
1540 2028 1911 2101 Jerusalem
1959 2038 2031 2101 et
2068 2027 2297 2100 Sicilie
2345 2048 2548 2122 rege,
2607 2048 2792 2100 anno
2852 2028 3121 2122 imperii
3170 2027 3323 2119 ejus
3366 2026 3817 2120 duodecime,
3866 2030 4059 2121 regni

1252 2153 1623 2226 Jerusalem
1658 2151 1974 2246 septimo,
2013 2152 2207 2244 regni
2260 2172 2426 2225 vero
2475 2151 2704 2224 Sicilie
2753 2151 3096 2224 tricesimo
3142 2152 3413 2246 quinto,
3455 2152 3764 2225 feliciter.
3805 2150 4055 2227 Amen.

1351 2279 1598 2349 Datum
1631 2276 1819 2372 apud
1852 2274 2181 2365 Melfiam,
2223 2297 2435 2368 anno,
2479 2296 2712 2349 mense
2744 2285 2815 2349 et
2845 2274 3223 2350 indictione
3249 2276 3668 2372 prescriptis.

1722 2611 2138 2621 p—›-oe—.--w---
2155 2611 2222 2619 0—.0
2239 2610 2471 2618 ·--—---·-
2488 2605 3602 2619 -—-—-—————---—---—-

1363 2914 1622 2998 Altera
1657 2915 1906 2998 forma
1940 2916 2312 3025 privilegii
2350 2943 2396 2999 a
2433 2917 2809 3001 Friderico
2844 2918 3364 3004 Romanorum
3416 2919 3871 3029 imperatore
3906 2944 4074 3003 mo-

1260 3049 1591 3132 nasterio
1629 3049 1946 3131 Sanctae
1979 3049 2314 3132 Marinae
2347 3051 2445 3132 de
2498 3050 2732 3134 Stella
2766 3052 3134 3136 concessi.

1423 3290 1766 3370 (Memorat.
1795 3307 1895 3369 ap.
1925 3290 2152 3364 Pmss,
2183 3289 2339 3352 Scor.
2370 3286 2672 3372 d'Amffl,
2703 3298 2750 3354 t.
2778 3293 2861 3368 11,
2887 3310 2945 3370 p.
2979 3301 3114 3368 189,
3143 3308 3220 3354 ex
3247 3292 3478 3357 Notum.
3507 3293 3780 3357 murum.
3811 3290 4067 3355 inarata.

1498 3397 1674 3477 capit.
1710 3394 1873 3458 arch.
1896 3395 2142 3478 Amaff„
2171 3407 2238 3458 n⁰
2267 3397 2428 3474 846.)

1367 3638 1401 3680 α
1458 3610 1671 3687 1232.
1725 3611 2097 3704 Imperator
2143 3610 2510 3684 Pedericus
2563 3609 2883 3683 concedit
2953 3611 3188 3684 abbati
3240 3621 3310 3685 et
3363 3612 3729 3686 conventui
3787 3614 4078 3687 Sanctae

1263 3736 1570 3810 Marinae
1603 3734 1694 3808 de
1737 3736 1944 3807 Stella
1990 3733 2573 3807 confirmationem
2616 3733 2925 3807 omnium
2975 3735 3482 3808 immunitatum
3515 3789 3535 3826 ,
3583 3736 3909 3811 videlicet
3956 3758 4079 3831 pe-

1266 3858 1455 3952 dagii
1479 3911 1498 3946 ‚
1554 3856 1886 3952 passagii,
1952 3856 2331 3950 plateatici,
2389 3856 2816 3946 dohanatici,
2874 3857 3243 3950 herbatici,
3298 3859 3705 3953 glannatici,
3755 3880 3886 3932 nec
3936 3879 4076 3932 non

1267 3976 1906 4077 confirmatio[nem]
1962 3979 2251 4075 plancae
2324 3978 2517 4074 apud
2568 3979 2905 4073 Majorum
2962 3980 3064 4054 eis
3115 4002 3484 4056 concessae
3506 4035 3528 4075 ,
3576 4003 3713 4054 non
3766 3981 4085 4054 obstante

1265 4104 1456 4198 quod
1492 4101 1899 4175 Amalfitana
1952 4104 2243 4176 ecclesia
2274 4103 2388 4176 vel
2432 4102 2568 4175 alia
2601 4105 2889 4197 quaevis
2932 4126 3230 4199 persona
3276 4105 3531 4180 habeat
3568 4108 3641 4178 in
3681 4105 3865 4178 dicta
3903 4114 4086 4179 terra

1267 4229 1500 4323 Majori
1539 4228 1819 4322 plancas
1849 4248 2037 4317 suas,
2073 4235 2143 4298 et
2178 4227 2269 4298 ab
2306 4226 2630 4299 omnibus
2667 4227 2967 4302 collectis
2997 4229 3211 4302 libera
3250 4240 3523 4304 maneat
3551 4238 3624 4302 et
3651 4237 3999 4324 exempta.
4041 4254 4079 4297 ι»

1353 4427 1440 4509 (a)
1482 4430 1555 4489 In
1581 4431 1866 4506 impresso
1896 4425 2248 4487 Tramemis.

1349 4536 1431 4616 (b)
1476 4535 1702 4597 Ibidem
1729 4531 1798 4592 do
1821 4531 2014 4594 Accir.

1350 4639 1426 4721 (c)
1465 4640 1692 4702 Ibidem
1719 4636 2003 4716 marchio,
2030 4637 2203 4700 Laut.

1350 4746 1433 4827 (d)
1473 4746 1875 4809 verisimiliter
1899 4741 2322 4806 Rindmnulus.
2354 4744 2447 4807 Cf.
2474 4762 2682 4824 supra,
2709 4752 2757 4809 t.
2786 4747 2898 4824 111,
2927 4764 2990 4826 p.
3023 4756 3167 4827 282,
3193 4756 3253 4810 et
3278 4751 3522 4826 passim.
