4842 5802
830 633 1025 692 lxnicr.
1065 627 1147 710 8.]
1727 624 2120 684 HISTORIA
2170 626 2760 690 DIPLOMATICA.
3539 623 3657 683 753

1000 819 1017 837 .
1078 783 1308 835 comes
1327 760 1684 846 Senensis,
1744 811 1763 829 .
1827 811 1846 829 .
1909 812 1927 829 .
1984 780 2213 831 comes
2241 761 2590 849 Barensis,
2653 814 2671 831 .
2734 813 2752 830 .
2816 812 2834 831 .
2890 781 3117 832 comes
3144 759 3523 849 Clevensis,
3583 766 3651 828 et

830 888 944 959 alii
978 886 1447 980 quamplures,

926 1011 1219 1101 Signum
1248 1006 1511 1079 domini
1539 1003 1866 1077 Friderici
1898 1004 2225 1090 secundi,
2279 1004 2403 1076 Dei
2451 1006 2670 1100 gratia
2712 1006 3144 1079 invictissimi
3185 1007 3647 1077 Romanorum

831 1131 1259 1227 imperatoris
1296 1150 1569 1223 semper
1604 1127 1918 1220 augusti,
1974 1128 2347 1199 Jerusalem
2383 1137 2454 1199 et
2488 1128 2715 1200 Sicilie
2749 1129 2959 1220 regis.
2998 1126 3576 1223 (Monoqramma.)

928 1254 1076 1347 Ego
1108 1251 1405 1324 Sifridus
1427 1249 1946 1345 Ratisponensis
1977 1251 2343 1345 episcopus
2378 1252 2757 1346 imperialis
2791 1253 2949 1324 aule
2983 1252 3457 1339 cancellariuS‚
3496 1250 3652 1322 vice

836 1377 1098 1452 domini
1125 1378 1197 1448 S.
1237 1374 1622 1467 Maguntini
1656 1372 2155 1469 archiepiscopi
2183 1371 2545 1446 Germanie
2569 1375 3170 1465 archicancellarii,
3203 1371 3599 1466 recognovi.

931 1498 1102 1571 Acta
1137 1507 1300 1569 sunt
1332 1496 1462 1568 hec
1491 1516 1674 1567 anno
1700 1494 2046 1566 dominice
2079 1496 2563 1569 incarnationis
2587 1497 3041 1587 MCCXXXV‚
3082 1517 3317 1568 mense
3346 1494 3651 1588 augusti,

836 1634 1077 1695 octave
1108 1620 1537 1708 indictionis,
1567 1619 1947 1715 imperante
1977 1620 2258 1692 domino
2288 1620 2648 1693 Frederico
2677 1622 2733 1691 11
2760 1622 3220 1693 Romanorum
3248 1621 3659 1713 imperatore

839 1766 1109 1841 semper
1129 1754 1452 1836 augusto,
1477 1744 1855 1816 Jerusalem
1874 1752 1942 1815 et
1962 1744 2190 1815 Sicilie
2215 1765 2400 1835 rege,
2438 1745 2705 1838 imperii
2736 1746 2887 1835 eJ'us
2912 1766 3094 1817 anno
3111 1743 3650 1838 quintodecimo,

834 1870 1032 1961 regni
1067 1868 1444 1940 Jerusalem
1475 1864 1782 1955 decimo,
1831 1867 2026 1958 regni
2084 1888 2251 1938 vero
2304 1867 2537 1937 Sicilie
2577 1868 2923 1939 tricesimo
2955 1867 3286 1961 septimo,
3343 1866 3650 1938 feliciter.

833 1993 1080 2064 Amen.

932 2117 1183 2187 Datum
1218 2111 1407 2209 apud
1438 2112 1864 2205 Magantiam
1884 2163 1904 2201 ‚
1947 2131 2164 2199 anno,
2207 2132 2444 2182 mense
2470 2120 2538 2183 et
2572 2111 2946 2184 indictione
2973 2112 3392 2206 prescriptis.

2434 2413 2507 2420 ..φα
2519 2414 2534 2419 -
2548 2411 3207 2420 ..affl—*m*-

836 2681 912 2779 ,ω
943 2680 1370 2763 Fridericus
1391 2739 1416 2781 ,
1496 2678 2016 2760 Romanorum
2097 2676 2508 2785 imperator
2524 2737 2548 2782 ,
2616 2678 2956 2760 notificat
3044 2678 3495 2760 sententiam
3579 2680 3660 2760 in

841 2813 1053 2894 curia
1097 2838 1236 2893 sua
1283 2810 1618 2923 generali
1661 2811 1938 2916 latam,
1991 2835 2148 2918 qua
2185 2808 2498 2919 jubetur
2544 2823 2630 2891 ut
2676 2809 3092 2891 Clementia
3144 2809 3302 2891 filia
3363 2811 3662 2893 comitis

840 2945 1200 3054 Stephani
1247 2946 1342 3027 de
1386 2943 1835 3054 Burgundia
1870 2970 1918 3024 a
1962 2941 2234 3026 comite
2280 2942 2639 3051 Egenone
2684 2944 2780 3025 de
2823 2943 3065 3024 Urach
3115 2943 3463 3052 nequiter
3506 2944 3660 3026 de·-

838 3086 1042 3160 tenta
1121 3077 1524 3184 liberetur,
1595 3078 1815 3186 eique
1910 3085 2244 3158 castrum
2310 3075 2703 3184 Burgdorf
2758 3101 2935 3157 cum
3002 3075 3360 3159 omnibus
3441 3075 3661 3160 bonis

839 3210 1081 3293 eidem
1118 3211 1196 3290 in
1235 3211 1490 3292 dotem
1528 3210 1904 3292 concessis
1940 3209 2406 3290 restituatur.

1000 3421 1269 3499 (Edider.
1301 3422 1628 3496 Cmrrmrr,
1654 3423 1851 3483 Lettrc
1872 3421 2144 3483 touchant
2169 3423 2436 3496 Beatrioe,
2463 3438 2695 3498 preuv„
2727 3439 2788 3498 p.
2821 3430 2921 3484 97.
2942 3456 3023 3467 -
3040 3425 3409 3502 Scirorum,
3438 3423 3659 3485 Hister.

1079 3525 1326 3606 Zarinq.
1352 3525 1529 3597 Bad„
1549 3534 1695 3587 tom.
1725 3529 1831 3602 IV,
1861 3547 1921 3605 p.
1952 3525 2547 3589 1es.—Solotlmrn.
2584 3525 2998 3606 Wochmblatt,
3024 3546 3164 3590 ann.
3196 3537 3370 3602 1829,
3398 3547 3465 3606 p.
3495 3536 3657 3606 630.)

937 3710 1362 3802 Fridericu8‚
1416 3713 1541 3783 Dei
1577 3714 1795 3806 gratia
1831 3714 2287 3786 Romanorum
2337 3715 2705 3808 imperator
2750 3737 3017 3810 semper
3049 3724 3416 3809 augustus,
3461 3716 3657 3787 Jeru-

840 3833 1051 3903 salem
1087 3841 1157 3904 et
1195 3832 1423 3904 Sicilie
1457 3854 1610 3905 rex.
1649 3835 1778 3905 Per
1809 3856 2091 3930 presens
2123 3836 2450 3929 scriptum
2483 3847 2723 3909 notum
2759 3837 2904 3909 fieri
2962 3839 3283 3909 volumus
3317 3838 3656 3910 universis

840 3954 1108 4049 imperii
1147 3952 1466 4027 fidelibus
1496 3966 1631 4028 tam
1689 3957 2123 4052 presentibus
2168 3980 2378 4051 quam
2417 3960 2664 4031 futuris
2709 3960 2900 4053 quod
2955 3961 3414 4032 assidentibus
3460 3961 3656 4032 nobis

838 4075 1106 4147 dilectis
1132 4076 1565 4172 principibus
1589 4081 1836 4151 nostris
1860 4081 1930 4150 in
1953 4080 2140 4151 curia
2164 4080 2520 4174 Maguntie
2542 4084 2870 4176 generali,
2898 4081 2987 4155 de
3012 4084 3312 4177 ipsorum
3339 4084 3647 4170 consili0‚

837 4198 928 4271 ad
958 4202 1516 4294 conquestionem
1551 4204 1818 4274 comitis
1853 4203 2182 4298 Stephani
2213 4203 2303 4276 de
2334 4205 2738 4298 Burgundia
2770 4204 2996 4277 fidelis
3018 4207 3233 4278 nostri
3256 4229 3465 4300 quam
3492 4229 3647 4302 pro·

840 4325 1067 4416 posuit
1102 4345 1329 4395 coram
1357 4326 1580 4413 nobis,
1620 4348 1748 4422 pro
1771 4338 1962 4422 parte
2007 4326 2146 4401 filie
2180 4350 2305 4400 sue
2341 4329 2711 4401 Clementie
2739 4351 2948 4423 quam
2978 4331 3269 4402 asseruit
3301 4331 3643 4425 captivam

838 4445 1173 4518 violenter
1207 4457 1276 4518 et
1311 4450 1624 4542 nequiter
1658 4449 1947 4524 detineri
1980 4473 2019 4522 a
2054 4452 2302 4524 comite
2332 4453 2412 4522 E.
2459 4451 2547 4524 de
2582 4451 2886 4542 Huracb‚
2927 4464 2997 4523 et
3022 4453 3113 4524 ab
3150 4452 3394 4524 eodem
3423 4463 3644 4527 castro

838 4566 1176 4638 Burcdorf
1203 4589 1287 4639 ac
1318 4570 1473 4642 aliis
1504 4571 1702 4643 bonis
1728 4593 1867 4665 que
1902 4574 2082 4645 bone
2115 4574 2441 4645 memorie
2484 4575 2562 4643 B.
2606 4572 2758 4645 dux
2799 4572 3115 4665 Zaringie
3150 4574 3223 4644 in
3256 4572 3642 4648 dotalitium

839 4689 1126 4760 contulit
1159 4688 1260 4776 ei,
1305 4702 1538 4767 contra
1564 4695 1899 4786 justitiam
1930 4696 2245 4790 exposuit
2272 4695 2670 4791 spoliatam,
2714 4695 2847 4769 lata
2887 4704 2992 4769 est
3038 4697 3373 4770 sententia
3413 4722 3639 4774 coram

995 4810 1102 4872 lv.
1147 4821 1260 4871 Pm
1285 4830 1328 4872 2.
3251 4828 3324 4881 95

3752 2701 4013 2755 unguinum
4024 2736 4037 2756 ,

3794 2762 3998 2810 augusto.
