4842 5802
922 610 1241 696 huma}
1830 610 2225 675 HISTORIA
2271 612 2865 678 mptotiAthA.
3629 606 3746 685 811

921 746 1189 822 firmam
1234 743 1427 841 quod
1474 742 1572 820 ad
1625 745 2114 821 exaltationem
2158 748 2463 823 Ecclesia
2510 772 2593 823 ac
2640 748 2974 824 catholice
3009 744 3171 822 fidei
3223 745 3570 841 perpetuis
3610 766 3746 839 pa-

920 883 1113 947 ratus
1148 869 1574 966 temporibus
1609 868 1894 942 studeas
1926 869 2262 960 inveniri,
2311 872 2383 944 in
2421 882 2617 947 utero
2662 875 2912 946 mentis
2960 892 3132 968 pure
3173 870 3642 964 concipimus,
3676 877 3746 938 et

922 992 1134 1069 fldem
1169 1011 1410 1067 eorum
1457 991 1840 1066 mendaciis
1880 993 2211 1068 adhibere
2247 996 2369 1089 qui
2424 996 2602 1069 inter
2644 996 3021 1071 Ecclesiam
3063 1004 3134 1067 et
3170 993 3537 1088 imperium
3582 990 3744 1064 uni·

921 1125 1130 1191 tatem
1166 1135 1209 1190 a
1260 1116 1637 1190 mediatore
1670 1116 1796 1189 Dei
1829 1125 1898 1189 et
1928 1116 2284 1190 hominum
2320 1118 2704 1194 ordinatam
2750 1121 3116 1193 vulnerare
3147 1116 3464 1212 cupiunt,
3501 1113 3746 1210 prohi-

919 1240 1193 1314 bemur.
1230 1240 1405 1313 Nam
1453 1259 1613 1313 cum
1663 1241 1824 1313 olim
1885 1242 2318 1335 presentibus
2375 1245 2749 1318 venerabili
2791 1244 2979 1318 fratri
3013 1242 3373 1316 Sabinensi
3418 1240 3745 1336 episcopo

921 1372 993 1439 et
1025 1363 1279 1437 dilecto
1310 1362 1453 1437 filio
1490 1372 1722 1438 nostro
1753 1364 1831 1437 P.
1850 1366 2097 1438 Sancti
2132 1365 2405 1460 Georgii
2437 1368 2528 1441 ad
2559 1368 2808 1442 Velum
2845 1367 3153 1440 Aureum
3181 1364 3472 1439 diacono
3503 1365 3746 1437 cardi-

924 1489 1099 1579 nali,
1139 1489 1263 1583 qui
1302 1488 1395 1561 ob
1439 1488 1515 1561 id
1548 1488 1644 1561 ad
1677 1490 2158 1562 excellentiam
2194 1501 2417 1582 tuam,
2456 1505 2525 1565 te
2559 1501 2833 1588 petente
2877 1490 3219 1585 nobisque
3253 1488 3748 1563 mandantibus

920 1621 1397 1703 accesserunt,
1457 1612 1829 1685 nonnullos
1878 1614 2329 1689 subversores
2370 1613 2535 1689 fidei
2593 1615 2807 1710 digna
2864 1614 3105 1688 feceris
3150 1613 3749 1687 animadversione

920 1737 1192 1831 puniri,
1257 1758 1413 1809 cum
1437 1788 1458 1828 ,
1511 1736 1779 1831 imperii
1825 1737 2090 1809 viribus
2146 1750 2218 1812 et
2275 1741 2473 1831 regni
2525 1739 2863 1828 collectis,
2912 1737 3214 1811 Ecclesie
3275 1736 3744 1810 defensionem

924 1880 1132 1955 super
1194 1881 1339 1953 quo
1385 1848 1744 1955 sepissime
1789 1861 2122 1934 serenitas
2165 1872 2284 1934 tna
2340 1862 2550 1957 digne
2611 1864 2937 1958 preconio
2991 1862 3219 1935 laudis
3264 1861 3617 1950 attollitur,
3672 1861 3744 1932 in

922 1983 1201 2079 propria
1271 2004 1565 2079 persona
1633 1986 2056 2081 susceperis,
2134 1995 2203 2059 et
2263 1995 2344 2059 ut
2415 1987 2567 2079 ejus
2631 1987 2861 2058 hostes
2931 1987 3342 2081 reprimeres
3389 1994 3458 2057 te
3512 1984 3747 2056 multis

920 2108 1317 2204 sumptibus
1350 2116 1421 2180 et
1452 2108 1805 2181 laboribus
1839 2110 2180 2204 fatigaris3
2222 2132 2383 2183 cum
2425 2111 2684 2206 pluries
2727 2132 2848 2205 per
2884 2110 3167 2182 nuntios
3193 2119 3264 2181 et
3294 2109 3548 2180 litteras
3596 2117 3750 2181 tuas

924 2244 994 2307 te
1026 2234 1119 2308 de
1150 2233 1439 2311 consilio
1480 2243 1708 2308 nostro
1744 2235 1816 2307 in
1848 2236 2136 2330 negotiis
2168 2234 2330 2309 fidei
2362 2248 2435 2309 et
2472 2236 2805 2311 libertatis
2846 2236 3307 2309 ecclesiastice
3341 2256 3425 2307 ac
3458 2254 3746 2329 recupe-

923 2356 1191 2430 ratione
1217 2358 1481 2450 Jnrium
1516 2358 1817 2431 Ecclesie
1846 2368 1916 2432 et
1949 2360 2219 2454 imperii
2245 2361 2642 2455 promiseris
2673 2382 3182 2457 processurum,
3209 2359 3529 2452 cogitatio
3563 2368 3747 2431 recta

925 2502 1063 2554 non
1099 2481 1339 2577 recipit
1372 2490 1444 2556 et
1476 2482 1596 2573 jus
1647 2482 1937 2556 rationis
1980 2482 2261 2557 credere
2314 2505 2458 2557 non
2505 2485 2831 2579 permittit
2866 2492 2944 2555 ut
2975 2484 3048 2555 in
3094 2484 3322 2555 virum
3374 2503 3750 2555 conversus

922 2606 1139 2707 alium·
1184 2627 1228 2677 a
1279 2615 1496 2678 matre
1536 2615 1652 2679 tua
1700 2607 1998 2681 avellere
2040 2608 2281 2704 cupias
2332 2608 2663 2681 libertatis
2728 2607 3187 2682 ecclesiastice
3243 2606 3744 2678 fulcimentum.

923 2729 1061 2803 Sed
1097 2739 1169 2803 et
1207 2739 1612 2825 argumento
1646 2731 1704 2804 si
1752 2733 1979 2828 placet
2036 2732 2134 2804 uti
2176 2734 2430 2828 poteris
2466 2734 2675 2806 simili
2712 2754 2802 2807 ne
2852 2755 2976 2829 per
3021 2731 3296 2805 sinistre
3339 2731 3750 2827 suspicionis

922 2853 1383 2944 absinthium,
1423 2864 1618 2928 tuum
1653 2854 1743 2930 de
1778 2857 1981 2929 nobis
2015 2858 2373 2930 amaricari
2410 2858 2764 2954 permittas
2797 2857 3142 2944 auditum,
3182 2855 3304 2951 qui
3351 2855 3476 2928 tibi
3513 2864 3749 2928 contra

921 3000 1042 3052 eos
1075 2980 1198 3074 qui
1243 2980 1664 3075 imperialem
1712 2982 2088 3075 potentiam
2125 2981 2550 3077 quibusdam
2594 2983 2895 3057 versutis
2938 2980 3423 3055 dolositatibus
3464 3001 3599 3053 non
3649 2981 3750 3052 le-

922 3104 1101 3176 viter
1143 3103 1378 3178 ledere
1422 3103 1866 3190 videbantur,
1907 3115 2214 3200 patenter
2257 3106 2686 3198 adstitimus,
2724 3107 2849 3201 qui
2886 3107 3214 3180 honorem
3249 3113 3449 3177 tuum
3488 3115 3625 3177 tam
3677 3105 3747 3175 in

922 3227 1172 3301 minori
1199 3245 1412 3323 quam
1448 3229 1519 3301 in
1550 3230 1971 3323 apostolatus
1995 3230 2220 3304 officio
2249 3231 2625 3322 constituti,
2643 3231 2831 3304 hona
2859 3228 3025 3321 fide,
3044 3231 3255 3305 etiam
3277 3238 3346 3303 te
3371 3229 3744 3312 nesciente,

923 3351 1425 3444 promovimus,
1463 3351 1656 3446 quod
1681 3362 1751 3426 et
1783 3354 2006 3426 facere
2039 3376 2224 3427 nunc
2261 3355 2442 3427 sicut
2469 3362 2541 3427 et
2570 3354 2932 3443 hactenus,
2966 3354 3125 3428 licet
3155 3353 3321 3429 inde
3353 3354 3545 3427 multi
3579 3355 3747 3425 sub·

925 3484 1390 3563 murmurent,
1429 3495 1569 3547 non
1607 3496 1982 3548 cessamus.
2023 3477 2165 3550 Nec
2199 3478 2386 3550 enim
2424 3488 2656 3573 posset
2698 3476 2788 3552 ad
2835 3477 3310 3552 credulitatem
3346 3477 3480 3549 nisi
3514 3478 3749 3550 minus

923 3615 1092 3668 sane
1139 3599 1388 3669 mentis
1436 3597 1770 3671 accedere
1816 3608 1892 3671 ut
1935 3601 2048 3695 pia
2100 3610 2317 3673 mater
2362 3601 2668 3675 Ecclesia
2704 3623 2842 3696 que
2877 3611 2943 3674 te
2991 3624 3085 3674 ex
3137 3609 3257 3674 tue
3307 3609 3506 3675 utero
3544 3601 3746 3695 geni-

926 3717 1115 3791 tricis
1150 3719 1243 3792 ab
1278 3720 1364 3792 iis
1404 3721 1530 3815 qui
1566 3720 1708 3794 vite
1758 3732 1829 3795 et
1873 3731 2053 3797 terre
2101 3732 2218 3796 tue
2262 3724 2721 3796 moliebantur
2766 3724 3079 3817 insidias,
3131 3733 3443 3820 potenter
3490 3725 3745 3819 eripuit

921 3852 992 3916 et
1023 3865 1243 3938 usque
1277 3843 1371 3918 ad
1399 3844 1530 3918 hec
1564 3853 1873 3940 tempora
1902 3845 1993 3920 ad
2036 3848 2632 3921 conservationem
2657 3847 2940 3921 honoris
2971 3848 3075 3920 tui
3104 3848 3336 3920 multis
3370 3847 3743 3921 sudoribus

919 3967 1294 4058 laboravit,
1341 3969 1764 4067 prepotentis
1815 3968 2104 4044 dextere
2151 3970 2511 4044 brachium
2560 3972 2861 4067 presidio
2906 3991 3158 4069 sponse
3205 3971 3450 4044 Christi
3496 3973 3740 4047 celitus

921 4090 1330 4189 deputatum
1360 4093 1738 4168 temeritate
1772 4095 2140 4187 cujuslibet
2174 4095 2590 4192 suspicionis
2627 4096 2940 4170 amittere
2978 4105 3050 4171 et
3078 4097 3247 4170 tanti
3283 4097 3453 4170 velit
3482 4096 3739 4170 laboris

918 4219 1238 4291 meritum
1276 4240 1597 4291 vacuare.
1635 4221 1894 4293 Verum
1926 4242 2137 4316 super
2171 4240 2255 4294 eo
2291 4219 2488 4316 quod
2513 4229 2582 4293 te
2617 4221 2950 4318 scripsisti
2993 4220 3253 4295 exinde
3293 4242 3430 4294 non
3467 4221 3737 4314 absque

916 4343 1182 4417 ratione
1218 4343 1452 4416 mirari
1477 4340 1671 4437 quod
1698 4345 1883 4418 circa
1917 4346 2168 4418 factum
2195 4346 2613 4440 prelatorum
2645 4346 2839 4439 regni
2873 4346 3068 4441 prius
3100 4366 3193 4419 ex
3222 4347 3372 4418 solo
3402 4344 3737 4418 fuerimus

917 4486 1193 4539 rumore
1225 4467 1479 4539 turbati
1508 4489 1720 4562 quam
1751 4468 1848 4543 ad
1882 4478 2070 4542 tuam
2104 4469 2443 4559 notitiam,
2483 4469 2659 4543 sicut
2693 4491 2787 4544 ex
2814 4470 3134 4543 condicto
3157 4468 3505 4564 sperabas,
3544 4471 3737 4542 fece-

917 4589 1135 4662 rimus
1179 4590 1524 4664 insinuata
1555 4591 1887 4687 perduci,
1925 4592 2404 4666 vehementius
2438 4592 2890 4683 admiramur,
2932 4593 3099 4688 quia
3135 4593 3194 4664 si
3248 4613 3339 4665 an
3393 4591 3654 4666 dictum
3690 4614 3736 4665 a

918 4712 1095 4785 facto
1124 4714 1239 4786 vel
1290 4715 1543 4787 factum
1584 4738 1630 4789 a
1666 4716 1850 4790 dicto
1885 4716 2322 4791 existentiam
2354 4726 2608 4809 sumat,
2646 4717 3002 4813 inspicias,
3038 4725 3300 4812 quanta
3341 4715 3430 4790 sit
3464 4716 3564 4789 rei
3593 4737 3737 4810 que
