4842 5802
1922 619 2229 679 ADDITA
2245 619 2551 681 ΜΕΝΤΑ.
3532 614 3652 675 953

822 782 946 854 per
982 760 1303 831 nuntium
1352 755 1580 830 eidem
1617 753 1899 826 domino
1946 763 2179 826 nostro
2225 754 2400 848 patri
2438 753 2875 826 studebimus
2914 752 3437 848 suggerentium
3475 750 3641 822 inti-

825 905 1016 956 mare
1056 902 1427 977 personas,
1466 889 1535 952 et
1580 878 1974 950 nullatenus
2016 879 2231 950 verba
2268 879 2385 950 illa
2419 878 2533 950 vel
2589 880 2769 949 facta
2805 878 3148 973 patiemur
3201 889 3440 946 contra
3482 896 3642 946 eum

820 1007 1074 1092 habere
1102 1025 1522 1102 processum.
1563 1000 1678 1074 Ad
1709 1004 2039 1093 majorem
2083 1023 2366 1096 quoque
2402 1001 2743 1073 cautelam
2768 1055 2787 1090 ,
2826 1011 2905 1072 ut
2933 1008 3155 1095 preter
3189 997 3642 1093 jurisjurandi

822 1152 1075 1224 penam
1097 1186 1113 1216 ,
1155 1149 1296 1222 que
1332 1126 1815 1221 triumphantis
1850 1125 2153 1198 Ecclesie
2181 1124 2448 1217 judicio
2490 1125 2856 1219 irrogatur,
2896 1125 2952 1195 si
2986 1132 3219 1197 contra
3254 1124 3648 1194 veniremus

822 1273 1115 1325 censure
1184 1252 1663 1343 subjaceamus
1724 1249 2026 1322 Ecclesie
2099 1249 2496 1339 militantis,
2546 1270 2755 1343 super
2812 1248 2945 1320 hoc
2995 1268 3121 1319 nos
3188 1247 3515 1319 mandato
3580 1255 3650 1318 et

814 1373 1238 1467 jurisditioni
1303 1382 1537 1445 sancte
1589 1374 1894 1445 Romane
1943 1373 2249 1444 Ecclesie
2299 1371 2390 1443 de
2437 1392 2768 1466 expressa
2818 1382 2889 1443 et
2935 1371 3235 1464 gratuita
3296 1371 3649 1442 voluntate

823 1507 1056 1570 nostra
1089 1497 1498 1569 subicimus.
1543 1497 1641 1567 Ita
1679 1495 2039 1581 videlicet,
2080 1505 2159 1566 ut
2196 1495 2396 1567 nobis
2433 1494 3118 1568 contravenientibus
3157 1496 3229 1565 in
3262 1495 3495 1587 aliquo
3533 1495 3647 1567 vel

825 1624 898 1694 in
945 1631 1162 1694 totum
1187 1676 1206 1709 ,
1262 1622 1466 1693 liceat
1515 1619 1716 1693 vobis
1770 1630 1839 1692 et
1881 1618 2396 1693 successoribus
2446 1620 2694 1692 vestris
2750 1618 2844 1690 ad
2903 1619 3420 1713 requisitionem
3481 1616 3649 1690 dicti

828 1747 1041 1841 patris
1102 1745 1352 1834 nostri,
1415 1745 1608 1816 nulla
1672 1741 2145 1817 admonitione
2198 1742 2531 1836 premissa
2593 1742 2707 1815 vel
2760 1742 3045 1838 strepitu
3094 1741 3340 1835 judicii
3397 1743 3648 1814 obser-

826 1881 1016 1961 vato,
1054 1870 1323 1942 ratione
1353 1869 1638 1963 perjurii
1676 1868 2306 1941 excommunicatos
2342 1888 2467 1938 nos
2501 1867 2930 1953 denuntiare,
2972 1878 3038 1939 et
3075 1868 3174 1938 sic
3210 1887 3335 1962 pro
3365 1887 3648 1939 excom·

830 1995 1212 2066 municatos
1238 1992 1522 2084 habere,
1564 2013 1930 2086 quousque
1955 1989 2246 2086 proinde
2271 1993 2415 2063 Deo
2445 2000 2514 2063 et
2549 1989 2860 2085 predicto
2896 1990 3179 2064 domino
3211 1991 3389 2085 patri
3420 1998 3649 2062 nostro

826 2117 1329 2189 satisfaciamus
1366 2116 1460 2188 ad
1502 2117 1823 2210 plenum,
1865 2137 1947 2187 ac
1981 2115 2042 2186 si
2087 2123 2324 2187 contra
2355 2135 2485 2187 nos
2524 2114 2871 2186 sollemnis
2915 2113 3652 2186 excommunicationis

829 2240 1168 2312 sententia
1205 2240 1339 2311 lata
1391 2240 1586 2312 foret.
1632 2236 1743 2311 Ad
1805 2240 2004 2331 cujus
2057 2238 2156 2309 rei
2211 2237 2613 2310 memoriam
2637 2291 2656 2324 ,
2701 2258 2982 2331 presens
3028 2237 3358 2332 scriptum
3398 2236 3544 2308 fieri
3587 2246 3656 2308 et

832 2363 1021 2435 bulla
1057 2382 1267 2435 aurea
1307 2363 1577 2458 typario
1607 2371 1837 2435 nostre
1868 2360 2241 2452 majestatis
2270 2361 2606 2456 impressa
2633 2360 2971 2452 jussimus
2995 2360 3427 2432 communiri.

928 2487 1175 2558 Datum
1224 2483 1414 2580 apud
1458 2484 1884 2579 Augustam,
1932 2504 2114 2557 anno
2160 2483 2509 2556 dominice
2556 2483 3046 2557 incarnationis
3085 2482 3646 2574 M.CC.XXX.II,

829 2619 1075 2705 quarto
1105 2608 1266 2681 idus
1303 2608 1563 2703 aprilis,
1608 2608 1987 2681 indictione
2019 2608 2258 2702 quinta
2286 2606 2347 2701 (4
2365 2606 2418 2702 ).

936 3203 1307 3285 Henricus
1323 3265 1346 3310 ,
1389 3201 1912 3285 Romanorum
1966 3226 2099 3283 rex
2114 3263 2138 3309 ,
2179 3200 2582 3283 confirmat
2622 3201 3110 3284 donationem
3148 3225 3194 3281 a
3229 3199 3657 3308 praeposito
3725 3216 4076 3325 emmim,

832 3336 1170 3441 Aquensi
1217 3336 1601 3417 canonicis
1657 3334 2147 3442 Aquensibus
2200 3332 2532 3439 factam3
2582 3333 2862 3417 scilicet
2915 3344 3000 3417 ut
3051 3358 3191 3442 pro
3252 3331 3661 3440 hospitali·
3770 3324 4026 3380 ¹⁶⁸⁰⁸²²⁸¹¹·

834 3465 1010 3546 tatis
1052 3464 1557 3548 incommodis
1594 3465 1935 3573 quinque
1986 3466 2083 3546 de
2135 3475 2443 3547 centum
2489 3466 2766 3547 marcis
2812 3467 2908 3548 de
2951 3464 3465 3548 oblationibus
3525 3489 3661 3546 ec-

834 3593 1105 3677 clesiae
1148 3596 1592 3703 percipiant.

999 3790 1124 3868 (cf.
1171 3807 1349 3868 supra
1366 3835 1385 3865 ,
1424 3808 1488 3868 p.
1533 3800 1675 3852 577.
1715 3791 2101 3868 Privilegium
2132 3791 2420 3852 ineditum
2448 3808 2614 3888 ,nunc
2640 3795 2935 3871 integrum
2963 3792 3174 3853 damus
3219 3809 3295 3853 ex
3338 3792 3658 3870 exemplari

1075 3901 1247 3975 cujus
1273 3896 1446 3957 nobis
1477 3897 1794 3958 liberaliter
1816 3899 2048 3974 copiam
2074 3896 2214 3959 fecit
2245 3897 2625 3958 Boehmerus.
2657 3898 2844 3958 Adest
2875 3898 3158 3976 originale
3192 3915 3327 3959 cum
3361 3899 3554 3977 sigillo
3592 3900 3656 3960 in

1075 4003 1317 4064 archivo
1343 4001 1862 4082 Diisseldorfensi.)

927 4175 1045 4261 Η.,
1089 4175 1212 4246 Dei
1257 4174 1477 4266 gratia
1518 4176 1981 4248 Romanorum
2020 4197 2150 4248 rex
2182 4187 2252 4247 et
2285 4199 2556 4272 semper
2594 4185 2967 4271 augustuS,
3009 4178 3350 4252 universis
3387 4179 3655 4274 imperii

835 4297 1189 4390 fidelibuS,
1236 4300 1492 4393 quibus
1540 4321 1828 4395 presens
1870 4300 2201 4396 scriptum
2255 4302 2643 4376 exhibitum
2693 4301 2936 4394 fuerit,
2988 4303 3292 4397 graciam
3338 4325 3537 4375 suam
3587 4313 3657 4377 et

908 4550 983 4624 (4)
1019 4551 1235 4624 Legitur
1257 4556 1435 4609 autem
1461 4551 1517 4608 in
1545 4550 1684 4609 libro
1708 4550 1947 4609 Platinae
1976 4570 1991 4608 z
2022 4572 2050 4606 σ
2079 4553 2218 4610 Ann.
2248 4553 2394 4613 dom.
2434 4554 2637 4612 incarn.
2665 4553 3117 4626 MGGXXXHI,
3148 4560 3337 4628 quarto
3370 4555 3440 4613 id.
3474 4555 3654 4630 april.·,

838 4646 1123 4706 indictione
1152 4648 1400 4706 secunda.
1443 4668 1472 4703 ι
1500 4649 1649 4720 Quas
1686 4655 1843 4708 notas
1875 4650 2149 4707 evidenter
2175 4652 2464 4711 mendosas
2495 4653 2852 4725 correximus,
2879 4653 3007 4711 dum
3047 4668 3224 4726 neque
3254 4653 3321 4710 ad
3354 4669 3480 4710 ann.
3516 4655 3655 4710 4233

838 4758 1013 4817 neque
1042 4744 1210 4802 multo
1238 4746 1417 4804 minus
1442 4745 1511 4804 ad
1537 4749 1678 4806 4229
1699 4746 1787 4805 cui
1811 4748 2047 4806 secunda
2074 4749 2362 4823 respondet
2383 4748 2617 4821 indictio,
2650 4750 3027 4809 documentum
3054 4750 3240 4808 referri
3266 4751 3452 4824 possit.

996 4843 1107 4908 IV.
1147 4859 1262 4905 Pars
1283 4863 1328 4904 2.
3234 4860 3346 4913 120
