4842 5802
859 566 1059 627 Imm.
1100 565 1225 642 10.]
1770 562 2161 627 HISTORIA
2210 563 2798 627 DIPLOMATICA.
3569 562 3689 624 917

862 700 1191 796 episcopi,
1226 698 1784 771 detrectationem
1806 711 2135 774 armatur.
2149 703 2405 774 Verum
2426 722 2516 773 ne
2535 700 2767 793 aliqua
2792 697 2881 770 de
2908 695 3087 770 Sede
3108 695 3497 792 Apostolica
3520 720 3683 771 vere

862 826 974 897 vel
994 830 1398 919 apparenter
1411 822 1817 894 excellentie
1836 833 1953 895 tue
1976 826 2259 917 querela
2271 832 2665 917 consurgat,
2685 821 2806 894 tibi
2832 828 3069 893 contra
3086 819 3473 915 predictum
3497 820 3682 913 lega·

862 958 1009 1020 tum
1053 967 1193 1040 que
1230 944 1542 1018 nondum
1581 946 1893 1040 probatio
1931 969 2056 1020 seu
2104 950 2448 1022 confessio
2491 947 2737 1038 obJecti
2786 944 3093 1017 criminis
3135 952 3204 1017 et
3250 943 3467 1037 ignoti
3505 965 3683 1017 con-

858 1071 1080 1144 vincit
1104 1069 1402 1165 experiri
1434 1067 1728 1157 volenti,
1764 1092 2007 1143 sumus
2026 1072 2361 1164 justitiam
2384 1071 2716 1144 exhibere
2742 1070 2987 1164 parati.
3025 1068 3338 1141 Ceterum
3364 1089 3453 1140 ne
3474 1091 3686 1164 super

858 1194 1232 1290 imperialis
1269 1192 1696 1266 celsitudinis
1743 1193 1834 1266 de
1880 1196 2288 1287 coercenda,
2333 1205 2410 1268 ut
2456 1195 2594 1267 tuis
2627 1194 2859 1266 verbis
2914 1202 3211 1283 utamur,
3252 1194 3682 1266 contumacia

859 1317 1401 1390 Lombardorum
1446 1318 1958 1410 responsionem
1993 1319 2360 1392 videamur
2404 1340 2530 1414 per
2568 1318 2988 1390 oblivionem
3043 1317 3153 1389 vel
3190 1316 3680 1410 negligentiam

858 1441 1240 1532 distulisse,
1284 1440 1513 1513 dictus
1553 1442 1873 1535 magister
1908 1443 2033 1515 tibi
2069 1444 2464 1516 satisfacere
2497 1442 2747 1538 potnit;
2782 1439 2870 1513 de
2906 1443 3106 1533 cujus
3144 1440 3429 1512 consilio
3470 1440 3682 1513 dilec-

857 1574 1003 1637 tum
1058 1564 1279 1637 fllium
1324 1564 1405 1636 G.
1462 1563 1966 1638 subdiaconum
2015 1575 2086 1639 et
2129 1567 2562 1662 capellanum
2606 1574 2917 1636 nostrum
2971 1562 3065 1635 ad
3114 1563 3543 1636 tractandum
3590 1564 3683 1637 de

857 1710 1028 1784 pace
1064 1688 1399 1761 duximus
1432 1687 1944 1762 destinandum.
1994 1690 2223 1774 Quare
2265 1689 2620 1784 responsio
2665 1688 2789 1760 tibi
2825 1697 3015 1782 grata
3055 1708 3189 1759 non
3229 1698 3492 1782 poterat
3529 1687 3680 1761 fieri

857 1833 981 1906 per
1021 1833 1227 1905 quem
1274 1821 1632 1883 tractatum
1675 1812 2040 1887 concordie
2079 1813 2520 1906 contingebat
2569 1812 2845 1906 penitus
2892 1810 3241 1906 impediri.
3295 1814 3439 1884 Nec
3472 1815 3678 1887 etiam

859 1935 1059 2008 nobis
1091 1935 1181 2008 de
1211 1935 1477 2026 objecta
1503 1936 1603 2008 eis
1629 1938 2063 2008 contumacia
2091 1936 2417 2027 constitit,
2458 1936 2550 2009 ad
2585 1956 2762 2029 quos
2797 1956 2921 2029 pro
2954 1936 3131 2007 facto
3166 1936 3435 2030 imperii
3464 1957 3676 2008 man-

858 2058 1095 2131 datum
1142 2059 1587 2153 apostolicum
1634 2060 1747 2131 cui
1796 2060 2090 2155 superba
2141 2061 2407 2132 cervice
2450 2059 2817 2132 restiterint
2853 2059 3247 2131 nullatenus
3284 2059 3669 2146 emanavit;

857 2181 1022 2274 quin
1054 2182 1195 2254 imo
1220 2182 1784 2276 compromissum
1813 2184 1883 2254 in
1911 2204 2157 2255 manus
2184 2192 2450 2255 nostras
2480 2182 2853 2255 venerabili
2893 2183 3096 2255 fratre
3127 2191 3361 2254 nostro
3388 2182 3674 2275 patriar-

855 2303 987 2375 cha
1037 2302 1469 2377 Antiocheno
1513 2315 1927 2400 procurante
1969 2314 2174 2400 teque
2218 2315 2494 2402 petente
2544 2305 2932 2396 firmanteS,
2989 2305 3119 2377 etsi
3174 2305 3351 2377 infra
3405 2315 3676 2400 tempus

856 2428 1114 2499 nuntiis
1162 2428 1301 2499 tuis
1339 2450 1463 2524 pro
1503 2439 1623 2501 tua
1664 2430 2016 2502 voluntate
2061 2428 2445 2525 prefixum,
2494 2428 2586 2502 ad
2626 2438 2926 2501 nostram
2975 2429 3388 2524 presentiam
3441 2430 3678 2502 venire

854 2551 1323 2645 nequiverint,
1346 2554 1688 2625 maculam
1726 2564 1953 2625 tamen
1982 2575 2147 2645 erga
2184 2565 2276 2645 te,
2306 2553 2364 2623 si
2403 2551 2541 2624 dici
2578 2563 2828 2646 potest,
2858 2553 3220 2625 commisse
3253 2555 3678 2627 contumacie

853 2695 976 2767 per
1002 2675 1351 2769 sequentis
1387 2674 1849 2748 obedientiam
1882 2677 2355 2770 compromissi
2390 2698 2432 2750 a
2468 2698 2546 2749 se
2578 2676 2905 2749 videntur
2938 2677 3213 2772 penitus
3246 2678 3667 2752 abstersisse.

852 2798 1067 2890 Igitur
1093 2799 1152 2871 si
1179 2808 1410 2873 nostre
1433 2810 1501 2872 te
1531 2800 1773 2872 feceris
1800 2799 2105 2873 doctrine
2132 2801 2547 2897 discipulum
2566 2853 2586 2892 ,
2625 2800 2685 2872 si
2721 2801 3075 2895 apostolici
3104 2821 3466 2896 processus
3490 2802 3671 2875 circa

852 2923 1179 2996 honorem
1212 2934 1410 2996 tuum
1436 2947 1604 3021 sepe
1626 2926 1860 3021 sepius
1895 2925 2111 2998 habiti
2148 2925 2513 2999 imitareris
2546 2926 2970 3019 exemplum,
2987 2927 3173 3018 justa
3204 2926 3463 2999 monita
3499 2948 3671 3000 nos-

852 3058 949 3119 tra
986 3070 1198 3143 super
1233 3049 1614 3123 commissis
1641 3050 1714 3120 in
1747 3071 1965 3144 regno
1995 3050 2415 3144 corrigendis
2447 3050 2850 3123 excessibus
2877 3051 3133 3146 pluries
3164 3051 3255 3123 ab
3281 3051 3482 3125 annis
3512 3073 3671 3146 pre-

849 3173 1066 3245 teritis
1092 3173 1424 3267 replicata
1459 3183 1530 3246 et
1566 3174 1767 3246 toties
1800 3196 2003 3268 passa
2040 3175 2450 3270 repulsionis
2485 3175 2842 3267 injuriam,
2893 3174 2982 3247 ad
3029 3174 3336 3247 debitum
3370 3176 3669 3249 exaudi-

847 3296 1050 3368 tionis
1086 3296 1514 3386 admitteres,
1548 3297 1801 3388 injusta
1850 3319 2130 3392 quoque
2184 3321 2324 3392 que
2368 3321 2726 3393 nunquam
2776 3300 2903 3370 tibi
2951 3298 3297 3372 credimus
3341 3322 3435 3372 ex
3483 3310 3668 3372 certa

850 3417 1135 3489 scientia
1183 3416 1550 3507 direxisse,
1579 3421 1819 3514 procul
1866 3421 1956 3492 ab
2001 3421 2374 3516 imperialis
2424 3423 2657 3495 limine
2706 3422 3163 3495 concessionis
3212 3443 3501 3494 arcerae.
3531 3423 3668 3494 Sed

852 3558 1015 3609 ecce
1062 3560 1271 3632 super
1324 3542 1501 3613 facto
1551 3542 1998 3615 ecclesiarum
2049 3545 2244 3635 regni
2306 3545 2499 3637 quod
2552 3544 2673 3615 tibi
2735 3545 2804 3615 in
2858 3544 3097 3616 litteris
3151 3545 3395 3616 nostris
3445 3544 3666 3640 primo

852 3660 1131 3734 directis
1154 3665 1286 3735 sub
1319 3685 1571 3758 genere
1601 3664 1955 3738 indefinite
1981 3667 2410 3762 proponitur,
2452 3666 2643 3761 quod
2675 3667 2766 3740 ad
2801 3667 2937 3739 hoc
2969 3689 3107 3740 non
3143 3667 3435 3740 tenearis
3465 3668 3666 3760 quasi

850 3784 1067 3857 dubia
1110 3786 1560 3882 respondere,
1616 3811 1657 3861 a
1712 3798 1781 3860 te
1833 3789 1999 3861 reali
2051 3790 2496 3886 responsione
2542 3790 2861 3886 preterita
2909 3792 3131 3863 vocali
3180 3794 3664 3867 commentario

850 3910 1228 4001 incongrue
1261 3910 1738 4006 respondetur,
1789 3920 1935 3984 tum
1978 3915 2143 4007 quia
2182 3915 2431 3987 frustra
2469 3914 2839 4008 requiritur
2874 3925 2956 3986 ut
2988 3915 3367 4009 singularia
3408 3918 3663 4011 speciei

848 4034 961 4104 vel
998 4034 1323 4127 specialia
1359 4033 1571 4108 fidem
1612 4036 1862 4109 faciant
1906 4037 2185 4131 generi,
2233 4058 2391 4109 cum
2439 4059 2661 4132 genus
2697 4048 2766 4110 et
2801 4039 3065 4132 species
3100 4041 3526 4115 manifestam
3569 4064 3663 4115 ex

846 4177 923 4228 se
958 4158 1245 4250 prebent
1283 4159 1587 4232 notitiam
1627 4161 1936 4251 veritati,
1966 4171 2036 4232 et
2066 4182 2227 4233 cum
2259 4161 2777 4235 individuorum
2816 4163 3100 4235 scientia
3135 4164 3333 4257 quasi
3374 4186 3465 4236 ex
3499 4164 3662 4236 infi-

847 4280 1059 4353 nitate
1091 4282 1559 4375 confunditur,
1585 4281 1678 4355 ad
1712 4283 2093 4357 doctrinam
2127 4284 2619 4357 universalium
2655 4307 3083 4381 supervacue
3117 4286 3492 4377 singularIa
3521 4290 3661 4360 col·
3782 4385 3783 4388 Ἴ

847 4403 1190 4497 liguntur;
1223 4415 1370 4478 tum
1399 4408 1567 4501 quia
1591 4429 1733 4502 que
1761 4409 1832 4480 in
1857 4409 2100 4505 primis
2130 4409 2366 4482 litteris
2397 4410 2533 4483 sub
2552 4410 2906 4484 indefinita
2922 4411 2996 4481 in
3015 4431 3089 4482 se
3117 4420 3342 4483 tamen
3371 4411 3660 4485 aliorum

850 4526 1129 4601 definita
1165 4532 1406 4604 notitia
1438 4534 1630 4606 fuere
1659 4536 2030 4629 proposita,
2070 4555 2163 4606 ex
2197 4534 2785 4630 superabundanti
2823 4534 2893 4606 in
2926 4535 3163 4606 litteris
3197 4535 3444 4606 nostris
3473 4535 3565 4608 ad
3596 4545 3663 4609 te

849 4650 1156 4723 secundo
1210 4656 1646 4728 currentibus
1696 4678 1819 4751 per
1869 4656 2084 4730 multa
2128 4659 2404 4730 fuerunt
2452 4658 2892 4754 particularia
2934 4657 3311 4750 declarata,
3358 4657 3534 4731 sicut
3587 4660 3659 4732 in
