4842 5802
1224 754 1346 817 670
2262 752 2621 815 numum
2668 751 3005 814 sssrrun
3660 751 3822 830 [An.
3861 753 4039 818 1234.

1239 890 1469 981 itaque
1498 886 1629 959 sub
1675 885 2236 959 interminacione
2278 889 2499 980 gratie
2530 895 2758 960 nostre
2816 886 3203 959 firmissime
3238 886 3695 981 precipientes
3731 896 3811 959 ut
3853 888 4041 959 nulla

1232 1032 1559 1104 umquam
1589 1030 1881 1104 persona
1913 1011 2191 1083 humilis
2215 1012 2328 1084 vel
2355 1015 2525 1104 alta,
2561 1011 3020 1084 ecclesiastica
3045 1011 3157 1083 vel
3185 1010 3573 1103 mundana,
3614 1011 3796 1083 banc
3824 1010 4040 1084 dona·

1235 1135 1500 1208 cionem
1535 1153 1700 1227 sepe
1733 1133 1918 1205 dicto
1951 1134 2363 1206 monasterio
2398 1134 2738 1207 indultam
2779 1133 3152 1227 infringere
3194 1133 3449 1207 audeat
3491 1142 3614 1207 aut
3648 1134 3713 1206 ei
3747 1134 4042 1225 alicujus

1237 1257 1497 1351 ingenii
1535 1257 1858 1359 scrupulo
1892 1257 2255 1329 contraire.
2295 1256 2501 1341 Quod
2535 1259 2658 1351 qui
2685 1259 2908 1330 facere
2933 1258 3450 1352 presumpserit,
3482 1256 4036 1351 indignacionem

1239 1380 1574 1453 tremendi
1612 1379 1867 1473 judicis
1902 1391 2269 1474 nostreque
2305 1381 2735 1454 celsitudinis
2773 1381 3247 1476 gravissimam
3285 1382 3616 1455 offensam
3658 1402 3736 1453 se
3769 1381 4038 1453 noverit

1228 1506 1686 1577 incursurum.
1744 1504 1852 1577 Ad
1892 1507 2090 1597 cujus
2131 1505 2336 1577 etiam
2386 1505 2548 1577 facti
2598 1504 2807 1577 nostri
2854 1505 3063 1576 robur
3107 1504 3179 1575 in
3229 1513 3574 1598 posterum
3616 1503 4029 1594 valiturum,

1228 1649 1508 1722 presens
1540 1627 1980 1721 privilegium
2007 1627 2344 1699 conscribi
2373 1628 2700 1721 et'sigillo
2734 1636 2962 1700 nostro
2981 1628 3320 1718 jussimus
3342 1628 3681 1722 insigniri.
3815 1703 3832 1724 ,

1322 1753 1552 1823 Testes
1583 1751 1680 1822 hii
1717 1760 1881 1822 sunt
1919 1778 1937 1822 z
1983 1752 2410 1823 venerabiles
2444 1751 2739 1824 Sifridus
2762 1751 3242 1842 Maguntinus,
3281 1750 3720 1823 Burcbardus
3750 1750 4037 1844 Magde-

1210 1874 1589 1980 ‘burgensis
1621 1873 2146 1969 archiepiscopi,
2187 1876 2608 1948 Eckebertus
2639 1874 3209 1968 Babinbergensis
3228 1928 3249 1967 ,
3302 1875 3732 1946 Hermannus
3775 1874 4035 1946 Herbi-

1230 1999 1564 2094 poleusis‚
1604 1998 1956 2071 Conradus
1982 1999 2568 2094 Osnaburgensis,
2607 1997 3088 2093 Engelhardus
3127 1997 3715 2091 Nuemburgensis
3737 2054 3754 2084 ,
3802 1996 4036 2069 Ecke-

1226 2122 1486 2195 hardus
1520 2124 2101 2217 Merseburgensis
2128 2123 2470 2217 episcopi,
2508 2124 2663 2196 Otto
2694 2123 2844 2194 dux
2865 2122 3182 2194 Bawarie
3211 2122 3551 2216 palatinus
3577 2141 3808 2194 comes
3832 2121 4029 2212 Reni,

1225 2247 1546 2319 Albertus
1578 2247 1732 2319 dux
1766 2248 2105 2337 Saxonie,
2161 2247 2526 2319 Heinricus
2562 2246 2988 2340 lantgravius
3014 2244 3417 2339 Thuringie,
3450 2243 3810 2317 Heinricus
3837 2266 4034 2317 mar-

1224 2371 1379 2443 chio
1398 2372 1786 2459 Misnensis,
1824 2371 2184 2444 Heinricus
2203 2392 2435 2443 comes
2451 2369 2810 2460 Ascharie‚
2852 2371 3285 2442 Hermannus
3319 2368 3621 2443 marchio
3654 2368 3744 2441 de
3764 2368 4027 2461 Baden,

1228 2495 1670 2568 Burchardus
1720 2495 2138 2588 burgravius
2192 2494 2844 2589 magdeburgensis.
2879 2494 3231 2567 Conradus
3285 2494 3698 2588 burgravius
3747 2494 3838 2567 de
3882 2494 4039 2565 Nu*

1086 2692 1089 2697 .
1225 2618 1566 2708 remhem,
1626 2639 1855 2691 comes
1913 2619 2070 2689 Otto
2124 2616 2214 2689 de
2265 2618 2733 2707 Ravensberc,
2801 2637 3030 2689 comes
3062 2617 3401 2689 Dietricus
3453 2616 3545 2690 de
3594 2618 4028 2709 Tekneburc,

1226 2742 1588 2813 Heinricus
1608 2741 2047 2831 marscalcus,
2070 2740 2426 2812 Heinricus
2443 2737 2531 2812 de
2559 2741 2784 2828 Nirea,
2806 2740 3200 2813 Waltherus
3217 2741 3540 2834 pincerna
3567 2740 3658 2813 de
3679 2741 4028 2835 Limpurc,

1232 2862 1588 2937 Conradus
1610 2864 1935 2959 pincerna
1953 2863 2044 2936 de
2069 2862 2602 2954 Wintersteden,
2624 2860 2987 2937 Heinricus
3002 2863 3421 2936 camerarius
3443 2862 3535 2936 de
3561 2864 4029 2957 Ravensburc,

1233 2987 1593 3060 Heinricus
1618 2998 1688 3058 et
1713 2987 2072 3059 Heinricus
2102 2988 2338 3059 fratres
2369 2986 2690 3059 advocati
2723 2986 2814 3059 de
2843 2986 3076 3078 Wida,
3113 2996 3183 3060 et
3218 2987 3335 3057 alii
3366 2988 3831 3081 quamplures.

1325 3110 1575 3182 Actum
1620 3131 1803 3182 anno
1848 3109 2193 3183 dominice
2245 3110 2731 3181 incarnationis
2774 3107 3134 3202 millesimo
3176 3109 3646 3182 ducentesimo
3692 3110 4034 3182 tricesimo

1229 3242 1506 3328 quarto,
1561 3241 1759 3306 sexto
1804 3232 1965 3305 idus
2017 3233 2209 3325 julii,
2282 3232 2657 3305 indictione
2708 3233 3041 3327 septima,
3100 3254 3283 3306 anno
3336 3235 3531 3328 regni
3586 3236 3737 3326 ejus
3790 3244 4034 3328 quarto

1220 3357 1513 3431 decimo.

1330 3481 1618 3575 Signum
1656 3478 1921 3553 domini
1950 3479 2248 3551 Heinrici
2269 3479 2394 3551 Dei
2424 3480 2642 3573 gratia
2675 3481 3133 3554 Romanorum
3163 3482 3346 3576 regis
3375 3483 3832 3556 invictissimi.
3866 3481 4033 3578 (Μο-

1223 3602 1669 3698 nom-amma.)

1324 3731 1567 3800 Datum
1595 3725 1785 3822 apud
1822 3723 2227 3818 Altenburc,
2265 3747 2485 3818 anno,
2530 3745 2795 3819 mense,
2838 3728 3210 3802 indictione
3238 3731 3634 3824 prenotatis.

1654 4015 1717 4023 ..o-
1738 4015 1968 4023 1-2---0—„-.
1992 4016 2021 4022 --
2040 4017 2051 4022 ψ
2074 4015 2104 4021 -ο
2124 4015 2570 4022 κ-----«,.-.--<--ι-.“·υ
2589 4015 2600 4020 ⁶
2629 4017 2638 4020 Ἴ
2655 4015 2912 4023 -ω--ψ--.ᾖ-
2929 4018 3020 4024 ---,
3065 4017 3608 4029 „s—-oo--n—--nw-o—-ae

906 4309 1067 4414 222¹:ss
1332 4268 1732 4371 HenricuS,
1765 4265 2283 4348 Romanorum
2321 4292 2485 4372 rex,
2527 4266 2624 4347 ad
2660 4266 3059 4349 utilitatem
3086 4266 3403 4348 civitatis
3432 4291 3612 4347 suae
3639 4265 4030 4375 EgrensiS,

916 4417 1095 4469 11111111·
1229 4402 1635 4484 sectionem
1676 4399 1752 4477 in
1793 4424 1882 4479 ea
1917 4398 2013 4479 de
2047 4397 2212 4479 vico
2249 4396 2715 4506 Schiphgaze
2751 4397 2850 4480 ab
2883 4398 3205 4480 Henrico
3241 4400 3337 4480 de
3363 4397 3787 4480 Libensteiu
3824 4423 4035 4479 com-

1228 4542 1484 4640 parat,
1526 4541 1600 4613 et
1634 4530 1702 4611 ei
1757 4522 2057 4612 novalia
2101 4529 2180 4609 in
2228 4529 2573 4613 Gruoene
2601 4529 2821 4639 juxta
2855 4543 3194 4613 montem
3230 4530 3761 4640 Thilchelberg
3801 4530 4025 4613 cedit.

1389 4719 1579 4790 (Edit.
1612 4733 1707 4792 ap.
1740 4715 1996 4776 Menum.
2031 4716 2233 4788 Boica,
2262 4723 2406 4778 tom.
2440 4718 2677 4795 XXXI,
2705 4735 2840 4795 pars
2867 4718 2945 4790 1⁸,
2980 4736 3042 4795 p.
3076 4728 3221 4793 558,
3251 4736 3286 4780 e
3310 4720 3459 4780 libro
3483 4718 3696 4796 copiuli
3719 4719 4026 4796 antiquiss.

1461 4853 1538 4866 —
1566 4822 1869 4882 Memorat.
1902 4827 2099 4883 autem
2124 4839 2160 4882 a
2186 4823 2498 4883 Bauscmo
2525 4825 2588 4882 lu
2613 4821 3144 4905 Menanter-iem,
3171 4842 3233 4902 p.
3267 4825 3435 4904 2⁴9.)
