4842 5802
881 600 1078 658 lnmcr.
1112 593 1199 673 9.]
1778 587 2169 649 HISTORIA
2218 588 2804 653 DIPLOMATICA.
3574 583 3685 643 771

879 738 1134 805 sumat.
1171 724 1373 813 Quod
1399 722 1522 818 qui
1561 722 2048 817 presumpserit
2095 721 2635 817 indignationem
2672 734 2971 797 nostram
3022 744 3098 795 se
3129 721 3398 794 noverit
3445 719 3686 790 incur-

879 873 1143 925 surum.
1178 848 1289 921 Ad
1328 846 1528 935 quus
1558 844 1997 938 protectionis
2025 856 2256 918 nostre
2284 846 2690 918 memoriam
2722 855 2791 918 et
2829 846 3036 917 robur
3070 844 3143 916 in
3176 852 3522 937 posterum
3556 863 3690 914 va-

880 977 1198 1065 liturum,
1258 989 1541 1067 presens
1602 966 1936 1063 scriptum
1989 966 2140 1041 fieri
2209 978 2279 1041 et
2326 968 2554 1063 sigillo
2607 969 2978 1060 majestatis
3053 975 3283 1039 nostre
3358 965 3691 1058 jussimus

881 1097 1224 1192 insigniri.

976 1224 1225 1294 Datum
1258 1217 1446 1313 apud
1477 1219 1878 1312 Hagenowe
1897 1269 1916 1302 ‚
1964 1236 2145 1286 anno
2178 1214 2521 1287 dominice
2555 1214 3041 1287 incarnationis
3071 1212 3166 1284 M·
3196 1211 3321 1284 CC⁰
3343 1210 3560 1283 XXX⁰
3582 1210 3642 1283 V
3666 1265 3685 1301 ,

884 1367 1120 1419 mense
1143 1342 1551 1439 septembris
1569 1396 1589 1434 ‚
1627 1360 1813 1413 none
1845 1338 2262 1412 indictionis.

997 1893 1408 2002 Gregorius
1443 1920 1643 2002 papa
1678 1892 2149 1976 Fridericum
2183 1894 2716 2002 imperatorem
2751 1902 3011 1975 monet
3043 1891 3463 2002 imquitatis
3499 1892 3694 1976 filios
3744 1966 3802 2010 ,ο
3824 1912 4105 2019 stffitn..

889 2026 1022 2138 qui
1082 2052 1239 2110 non
1301 2026 1580 2111 vellent
1622 2025 2040 2110 Ecclesiam
2100 2027 2419 2137 imperio
2465 2026 2665 2109 uniri
2680 2090 2704 2134 ‚
2763 2026 3098 2110 occultas
3152 2051 3504 2136 spargere
3546 2025 3690 2108 lit-

890 2175 1086 2243 teras
1145 2185 1341 2270 quas
1403 2161 1498 2242 de
1551 2159 2009 2242 conscientia
2066 2158 2346 2241 summi
2397 2158 2772 2269 pontificis
2824 2158 3287 2240 mendaciter
3349 2169 3696 2239 asserunt

889 2316 1282 2398 emanare3
1351 2293 1538 2374 dum
1601 2290 2068 2374 collaterales
2131 2289 2607 2400 imperatoris
2659 2289 2944 2372 litteras
2998 2314 3304 2398 quoque
3361 2290 3694 2399 dirigant

891 2422 1171 2532 quibus
1217 2451 1367 2533 pax
1411 2423 1700 2507 turbari
1736 2423 2001 2532 possit.
2046 2422 2256 2505 Unde
2308 2433 2527 2533 rogat
2572 2431 2656 2503 ut
2689 2421 2810 2502 his
2847 2420 3244 2503 fraudibus
3290 2446 3691 2504 occurrens

891 2580 978 2638 os
1015 2556 1278 2665 iniqua
1313 2556 1828 2665 loquentium,
1875 2556 2265 2664 sicutipse
2297 2580 2514 2638 versa
2548 2556 2707 2637 vice
2742 2554 2949 2655 facit,
2989 2552 3359 2637 obstruat.

1054 2768 1259 2845 (Edid.
1291 2769 1567 2847 Bonan,
1597 2768 1809 2831 Kaisar
1823 2768 2053 2829 Friedr.
2083 2770 2162 2844 11,
2187 2769 2450 2844 docum.,
2480 2786 2541 2847 p.
2577 2778 2717 2847 852,
2744 2777 2811 2829 n‘·
2837 2777 2945 2842 223
2974 2784 3050 2828 ex
3076 2775 3286 2844 regest.
3319 2767 3560 2847 Gregor.
3582 2768 3689 2841 IX,

1126 2882 1192 2935 u⁰
1220 2881 1368 2952 236,
1399 2891 1540 2936 ann.
1572 2872 1710 2953 IX.)

987 3056 1407 3156 [GregoriuS‚
1431 3071 1563 3134 etc.
1579 3058 1631 3158 ,]
1657 3061 2002 3134 Friderico
2028 3063 2485 3134 Romanorum
2505 3059 2923 3155 imperatori,
2954 3069 3085 3131 etc.
3112 3059 3429 3133 Consueti
3460 3062 3696 3133 fecun-

893 3182 1051 3255 dius
1071 3185 1142 3255 in
1165 3206 1346 3278 aqua
1374 3186 1645 3258 turbata
1669 3186 1944 3281 piscari,
1964 3186 2156 3281 pacis
2184 3183 2624 3257 dulcedinem
2655 3183 2890 3254 mortis
2915 3182 3440 3257 amaritudinem
3467 3185 3699 3272 existi-

893 3316 1106 3396 mant,
1129 3307 1470 3378 seminant
1487 3309 1637 3379 lites
1663 3317 1731 3380 et
1743 3308 1973 3401 jurgia
1994 3318 2073 3380 ut
2096 3330 2189 3379 ex
2218 3309 2303 3379 iis
2322 3305 2703 3402 iniquitatis
2726 3304 3115 3399 manipulos
3130 3315 3197 3377 et
3215 3308 3491 3379 sceleris
3507 3309 3696 3382 lucra

895 3436 1175 3499 metant.
1199 3429 1565 3501 Efficacius
1583 3441 1816 3501 autem
1834 3429 2029 3503 dolos
2060 3431 2290 3503 hostes
2319 3430 2675 3503 domestici
2699 3428 3178 3500 machinantur
3203 3429 3323 3521 qui
3355 3440 3540 3502 recta
3568 3430 3693 3503 do-

895 3549 1232 3620 minorum
1268 3571 1478 3644 opera
1530 3549 2023 3645 depravantes,
2082 3553 2303 3624 lucem
2342 3554 2656 3624 tenebras
2692 3558 2999 3622 statuunt
3024 3562 3091 3624 et
3120 3552 3535 3644 quibusdam
3567 3576 3697 3626 ve-

895 3671 1163 3742 nenatis
1204 3671 1752 3746 immixtionibus
1797 3673 2003 3746 corda
2031 3674 2415 3769 principum
2462 3678 2761 3748 caritatis
2807 3677 3143 3748 bitumine
3193 3676 3506 3774 colligata
3541 3677 3699 3751 dis-

895 3794 1207 3886 solvunt,
1252 3804 1365 3885 ut,
1407 3796 1766 3868 vulnerata
1793 3817 1989 3891 pace,
2031 3819 2194 3868 suas
2220 3818 2542 3870 exercere
2588 3799 2880 3871 malitias
2909 3799 3191 3871 liberius
3218 3801 3490 3873 valeant
3519 3823 3693 3894 quas

894 3915 1258 3989 concordie
1285 3927 1591 4012 tempore
1607 3918 1695 3990 ab
1715 3920 2009 3992 obscuro
2040 3919 2388 3992 fraudium
2405 3920 2476 3992 in
2502 3923 2723 3994 lucem
2754 3921 3133 4018 producere
3154 3943 3289 3994 non
3313 3922 3686 3998 audebant.

894 4039 1015 4112 His
1037 4039 1222 4111 enim
1241 4040 1540 4114 Sathane
1570 4042 1864 4116 stimulis
1879 4044 2113 4140 sepius
2132 4043 2345 4117 Sedes
2360 4043 2750 4139 Apostolica
2773 4047 3127 4142 pungitur,
3150 4067 3194 4118 a
3217 4047 3473 4140 quibus
3489 4048 3695 4122 etiam

895 4164 1223 4236 immunis
1274 4163 1646 4258 imperialis
1679 4167 1872 4239 curia
1908 4189 2046 4240 non
2094 4168 2408 4241 habetur.
2452 4168 2624 4242 Nam
2663 4191 2819 4243 cum
2856 4171 3019 4244 olim
3067 4191 3187 4266 pro
3225 4170 3528 4265 quodam
3564 4194 3696 4246 ne-

899 4286 1083 4376 gotio
1143 4295 1262 4359 tuo
1312 4288 1822 4384 scripserimus,
1892 4290 2069 4364 sicut
2115 4293 2613 4385 intelleximuS,
2672 4295 2959 4390 quidam
3002 4295 3381 4389 iniquitatis
3427 4294 3548 4371 filii
3573 4298 3698 4392 qui

901 4430 1336 4504 nequaquam
1369 4413 1626 4486 vellent
1662 4414 2036 4488 Ecclesiam
2072 4417 2355 4513 imperio
2405 4418 2681 4491 vinculo
2714 4418 3095 4493 dilectionis
3130 4419 3340 4510 uniri,
3398 4422 3700 4494 occultas

897 4532 1155 4606 litteras
1193 4546 1262 4607 et
1295 4536 1576 4610 cedulas
1625 4538 1794 4612 dicti
1829 4541 2084 4635 negotii
2121 4541 2611 4614 executoribus
2647 4543 3161 4616 transmiserunt
3206 4563 3293 4613 ne
3346 4542 3436 4616 ad
3483 4545 3703 4640 ipsius

900 4659 1439 4748 prosecutionem
1474 4662 1960 4756 procederent;
1998 4675 2379 4739 asserentes
2413 4665 2832 4740 mendaciter
2864 4665 3057 4760 quod
3093 4687 3332 4740 eorum
3362 4666 3582 4743 littere
3617 4671 3707 4744 de
