4842 5802
826 663 1022 724 lumcr.
1040 663 1139 742 9.]
1244 740 1247 744 Α
1719 665 2109 728 HISTORIA
2159 668 2744 732 DIPLOMATICA.
3529 671 3645 733 841

825 801 1166 896 privilegii
1193 807 1571 874 statuentes
1588 800 1816 874 edicto
1826 813 2170 897 quatenus
2198 806 2432 878 nullus
2446 807 2535 878 sit
2555 808 2677 902 qui
2708 805 3054 902 predictos
3069 806 3261 879 cives
3278 806 3351 878 in
3380 806 3645 880 eisdem

831 923 1165 996 nundinis
1198 947 1242 996 a
1277 933 1508 997 nostra
1535 925 1942 999 celsitudine
1968 925 2256 1000 indultis
2289 928 2426 1000 sibi
2458 939 2528 1001 et
2556 930 2899 1003 concessis
2924 938 3276 1023 presumat
3299 930 3647 1003 offendere

826 1048 942 1120 vel
977 1047 1071 1120 ad
1103 1047 1287 1142 ipsas
1324 1047 1680 1121 nundinas
1726 1048 2131 1122 accedentes
2178 1050 2251 1123 in
2295 1061 2530 1126 nostra
2563 1062 2633 1124 et
2676 1052 2943 1147 imperii
2986 1052 3349 1125 securitate
3380 1053 3452 1124 in
3485 1073 3645 1147 per·

825 1172 1015 1245 sonis
1046 1173 1158 1245 vel
1182 1172 1393 1245 rebus
1413 1172 1563 1244 suis
1585 1170 1848 1260 eundo,
1881 1173 2215 1247 morando
2242 1175 2357 1247 vel
2383 1174 2742 1249 redeundo
2769 1196 3059 1269 gravare
3087 1174 3342 1248 audeat
3364 1185 3488 1246 aut
3515 1176 3644 1247 im·

836 1294 1098 1390 pedire.
1137 1294 1341 1379 Quod
1366 1294 1489 1389 qui
1526 1297 2021 1391 presumpserit
2045 1296 2118 1367 in
2153 1296 2533 1371 vindictam
2561 1298 2960 1371 temeritatis
2986 1320 3114 1370 sue
3141 1298 3645 1392 quinquaginta

829 1440 1094 1492 marcas
1116 1419 1268 1492 auri
1297 1427 1687 1512 componat,
1720 1440 2017 1512 quarum
2045 1418 2278 1492 media
2305 1442 2465 1515 pars
2492 1443 2761 1494 camere
2785 1429 3016 1493 nostre
3036 1432 3104 1492 et
3131 1420 3400 1514 reliqua
3426 1422 3647 1515 passis

833 1543 1155 1634 injuriam
1192 1543 1648 1638 persolvatur.
1694 1543 1807 1616 Ad
1852 1544 2061 1637 hujus
2105 1544 2342 1639 itaque
2367 1544 2801 1639 indulgentie
2829 1554 2900 1617 et
2929 1544 3388 1617 concessionis
3416 1554 3647 1615 nostre

832 1668 1229 1740 memoriam
1247 1676 1315 1740 et
1343 1668 1554 1740 robur
1583 1677 1914 1763 perpetuo
1932 1668 2334 1756 valiturum,
2371 1690 2652 1764 presens
2677 1668 3118 1763 privilegium
3150 1667 3300 1741 fieri
3329 1677 3398 1741 et
3422 1668 3648 1759 sigillo

831 1801 1059 1865 nostre
1084 1791 1513 1864 celsitudinis
1530 1791 1865 1882 jussimus
1890 1790 2231 1886 insigniri.

932 1916 1165 1987 Testes
1195 1913 1404 2005 hujus
1432 1914 1533 1986 rei
1569 1922 1733 1984 sunt
1765 1938 1783 1984 ε
1815 1913 2242 1986 venerabiles
2284 1912 2618 1986 Siferidus
2653 1912 3136 2007 Maguntinus,
3185 1911 3646 1985 Theodericus

834 2038 1273 2111 Treverensis
1298 2037 1829 2131 archiepiscopi,
1871 2035 2299 2109 Ekkebertus
2325 2036 2945 2129 BabenbergensiS,
3009 2088 3513 2109 .......
3547 2035 3652 2134 (a)

844 2161 1267 2233 Pataviensis
1293 2160 1627 2255 episcopi,
1662 2160 1819 2232 Otto
1845 2160 1997 2232 dux
2037 2158 2127 2232 de
2151 2160 2585 2251 Bruneswic,
2627 2160 2986 2231 Heinricus
3015 2159 3440 2251 lantgravius
3465 2162 3651 2234 Thu-

834 2284 1098 2376 ringie‚
1155 2284 1589 2355 Hermannus
1635 2282 1939 2355 marchio
1982 2282 2074 2355 de
2111 2282 2385 2367 Badeo,
2449 2281 2842 2354 Gerbardus
2893 2302 3124 2354 comes
3160 2282 3251 2355 de
3297 2282 3644 2373 Dietscbe‚

835 2405 1281 2479 Eberhardus
1310 2406 1400 2479 de
1427 2406 1858 2498 Ebersteine,
1902 2404 2257 2479 Conradus
2288 2406 2747 2499 burcgravius
2778 2404 2868 2477 de
2905 2404 3359 2496 Nuerinberc‚
3412 2407 3658 2478 Gotfri·

838 2532 974 2605 dus
1001 2540 1072 2604 et
1104 2531 1463 2604 Conradus
1491 2533 1733 2604 fratres
1764 2530 1855 2604 de
1884 2530 2281 2603 Hohenloch
2311 2531 2595 2603 comites
2620 2530 3057 2618 Romaniole‚
3114 2529 3379 2602 nobiles
3412 2531 3662 2604 Wern-

838 2655 1048 2728 herus
1082 2655 1173 2728 de
1220 2655 1603 2728 Bonlandia
1655 2655 2026 2750 imperialis
2072 2655 2229 2728 aule
2272 2654 2577 2748 dapifer,
2634 2652 2990 2748 Philippus
3036 2652 3127 2726 de
3171 2654 3650 2759 ¹Hohenvelse,

838 2781 1194 2876 Philippus
1221 2780 1312 2854 de
1340 2780 1861 2872 Valkensteine,
1896 2778 2340 2853 Eberhardus
2376 2779 2468 2852 de
2499 2778 3171 2872 Willehelmsdorpb,
3205 2780 3662 2875 Marquardus

837 2904 927 2978 de
970 2906 1199 2979 Sneite
1223 2905 1449 2999 judex
1483 2906 2005 2979 Wormatiensis
2030 2901 2163 3001 (l),
2195 2904 2582 2999 GailinguS,
2616 2903 3056 2978 Eberhardus
3087 2901 3178 2976 de
3208 2904 3653 2996 Wizenburc,

848 3030 1057 3127 Elyas
1093 3030 1185 3104 de
1209 3029 1551 3104 Bobardia
1577 3029 2085 3122 ministerialeS,
2117 3038 2188 3103 et
2214 3030 2330 3102 alii
2356 3031 2824 3124 quamplures.

936 3156 1230 3250 Signum
1261 3154 1525 3228 domini
1561 3155 1775 3230 nostri
1805 3154 2129 3228 Friderici
2175 3154 2463 3227 secundi
2506 3153 2631 3227 Dei
2673 3153 2894 3246 gratia
2925 3152 3357 3226 invictissimi
3406 3153 3659 3226 Roma-

839 3299 1088 3351 norum
1143 3279 1572 3374 imperatoris
1631 3300 1902 3374 semper
1949 3278 2263 3370 augusti,
2313 3277 2689 3351 Jerusalem
2740 3284 2809 3350 et
2854 3276 3087 3350 Sicilie
3135 3278 3341 3372 regis.
3380 3274 3662 3373 (Mono-

835 3401 1203 3498 qramma.)

936 3525 1084 3618 Ego
1108 3526 1448 3598 Siferidus
1479 3526 1602 3598 Dei
1642 3527 1861 3617 gratia
1901 3525 2414 3622 Ratisponensis
2447 3525 2847 3621 episcopus,
2903 3525 3277 3619 imperialis
3306 3526 3465 3597 aule
3498 3545 3661 3597 can-

925 3753 1009 3833 (a)
1052 3754 1182 3816 Hoc
1206 3770 1447 3834 nomen,
1464 3754 1688 3817 scillcet
1706 3752 2053 3836 Rude'qerus,
2071 3754 2440 3818 desideratur
2465 3756 2531 3815 in
2547 3753 2935 3832 autographo,
2963 3753 3107 3816 dum
3120 3755 3378 3832 spatium
3402 3769 3661 3815 vacuum

841 3866 1158 3923 remaneat.

912 4207 982 4283 (l)
1020 4206 1332 4266 Adversarii
1349 4205 1585 4264 Landolli
1605 4206 1861 4282 episcopi,
1881 4221 2048 4280 quum
2063 4221 2189 4264 eum
2214 4211 2367 4265 extra
2387 4206 2725 4281 imperatoris
2741 4208 2967 4280 gratiam
2985 4211 3248 4264 remotum
3264 4207 3658 4279 cognovissent,

845 4306 1303 4380 «statimjudicem
1314 4320 1347 4361 a
1359 4303 1574 4362 domino
1591 4304 1913 4378 imperatore
1929 4304 2155 4361 missum
2172 4304 2517 4362 wormaciae
2524 4305 2904 4378 Mmquardum
2921 4302 3154 4360 nobilem
3171 4302 3346 4358 virum
3361 4302 3429 4359 de
3445 4302 3664 4360 Sneitde

840 4408 1327 4477 procuraverunt...
1347 4402 1520 4459 Iudex
1545 4417 1675 4460 vero
1697 4401 2052 4474 marquardus
2069 4416 2350 4459 assumens
2367 4400 2472 4459 sibi
2494 4406 2724 4474 quatuor
2735 4400 2932 4457 milites
2953 4405 3011 4456 et
3025 4406 3231 4472 septem
3249 4398 3413 4470 civeS,
3442 4399 3665 4459 consilio

840 4499 1113 4572 praesedit
1146 4507 1204 4557 et
1234 4497 1523 4572 judicanda
1551 4499 1814 4574 judicavit
1838 4514 1903 4556 ac
1928 4497 2189 4556 tributum
2215 4498 2271 4555 in
2294 4498 2671 4556 ministeriales
2699 4497 2952 4556 ecclesiae
2981 4496 3164 4571 posuit
3197 4502 3255 4553 et
3287 4497 3506 4570 recepit.
3544 4497 3662 4556 Hiis

843 4596 1089 4653 omnibus
1116 4596 1271 4653 valde
1294 4596 1445 4653 inviti
1473 4596 1620 4654 cives
1645 4602 2056 4665 consenserunt,
2094 4596 2220 4668 quia
2253 4595 2396 4653 aliud
2430 4595 2606 4654 facere
2631 4612 2739 4654 non
2773 4594 3059 4653 audebant.
3092 4614 3120 4646 a
3149 4593 3347 4651 Annal.
3395 4594 3653 4654 Wormat.

845 4706 936 4764 ap.
968 4692 1260 4764 Βοιιιιιιειι,
1289 4694 1516 4762 Fontes,
1551 4699 1592 4749 t.
1623 4693 1700 4764 11,
1727 4709 1784 4767 p.
1811 4695 1936 4751 465.
1962 4692 2134 4750 Iudex
2159 4707 2290 4749 vero
2309 4691 2580 4750 civitatem
2602 4692 3054 4751 wormatiensem
3077 4706 3185 4748 non
3211 4689 3377 4747 exivit
3402 4689 3654 4748 nisicum

845 4788 1136 4846 Landolfus
1162 4789 1232 4846 ad
1256 4805 1410 4847 suam
1441 4790 1777 4864 metropolim
1806 4790 2043 4863 redierit,
2074 4788 2278 4848 scilicet
2301 4805 2491 4848 mense
2515 4788 2787 4848 decembri
2814 4790 2974 4864 hujus
3001 4787 3126 4847 anni
3155 4791 3313 4847 ⁴236.

1037 4889 1147 4952 IV.
1183 4904 1295 4949 Par·
1317 4907 1364 4951 2.
3227 4897 3340 4948 106
