4842 5802
1172 603 1294 663 680
2205 599 2553 660 nemum
2604 599 2937 659 ssprtm
3620 606 3776 687 [Anu.
3816 609 3987 669 1234.

1173 738 1363 831 quod
1398 738 1492 809 nil
1525 739 1714 832 quod
1754 737 1989 809 statuit
2024 758 2148 809 seu
2187 737 2378 831 quod
2416 736 2785 808 clementer
2829 733 3129 806 admittit
3163 737 3254 809 ob
3302 737 3519 809 ullum
3569 740 3639 810 in
3685 743 3992 814 futurum

1175 873 1636 955 emergentem
1680 884 1915 933 casum
1971 861 2132 934 sinit
2184 861 2618 954 aliquatenus
2651 858 2898 930 irritari
2937 859 3049 931 vel
3083 868 3306 953 preter
3340 861 3624 933 rationis
3659 867 3993 939 tramitem

1178 984 1549 1056 immutari.
1595 987 1819 1070 Quam
1853 985 1945 1057 ob
1975 1006 2124 1056 rem
2160 994 2230 1057 et
2280 1005 2407 1054 nos
2442 982 2514 1053 in
2550 982 2872 1054 omnibus
2903 982 3071 1054 actis
3104 984 3355 1056 nostris
3399 1007 3630 1058 veram
3680 998 3997 1061 constan-

1176 1110 1350 1181 ciam
1387 1110 1694 1181 volentes
1723 1131 1875 1182 esse
1912 1109 2270 1198 comitem,
2314 1129 2396 1179 ea
2442 1127 2580 1200 que
2612 1105 3100 1178 rationabiliter
3135 1127 3178 1178 a
3215 1108 3413 1180 nobis
3448 1118 3865 1206 statuuntur,
3906 1134 3997 1185 ne

1176 1255 1299 1327 per
1318 1242 1600 1303 tractum
1623 1233 1944 1327 temporis
1966 1232 2034 1301 in
2053 1252 2349 1304 errorem
2378 1229 2843 1320 deducantur,
2860 1229 3233 1301 lit-terarum
3259 1232 3536 1305 indiciis
3557 1234 3993 1307 decrevimus

1176 1357 1563 1451 perennari.
1603 1357 1930 1428 Noverint
1984 1356 2192 1449 igitur
2232 1352 2539 1425 universi
2591 1362 2725 1423 tam
2765 1353 3102 1446 presentis
3152 1356 3352 1426 etatis
3395 1377 3605 1447 quam
3663 1357 3735 1428 in
3785 1380 3994 1430 evum

1180 1503 1578 1553 successuro
1615 1480 2029 1574 posteritatis
2053 1479 2367 1550 homines
2404 1476 2596 1571 quod
2633 1497 2760 1548 nos
2798 1499 2838 1548 a
2873 1477 3218 1571 preposito
3263 1487 3330 1550 et
3368 1479 3687 1551 fratribus
3719 1480 4000 1553 vivifice

1180 1604 1416 1676 Crucis
1457 1604 1646 1699 apud
1693 1604 2076 1696 Augustam
2123 1602 2593 1673 necessitatem
2641 1599 2974 1671 habentes
3026 1600 3391 1674 accredere
3427 1604 3785 1697 pecuniam
3812 1661 3828 1690 ,
3897 1604 3995 1676 CC

1185 1750 1449 1800 marcas
1480 1727 1853 1799 examinati
1886 1725 2147 1819 argenti
2196 1724 2387 1818 apud
2434 1724 2620 1818 ipsos
2662 1722 3167 1811 mutuavimuS‚
3199 1746 3324 1818 pro
3355 1725 3612 1817 quibus
3657 1726 3727 1796 in
3767 1748 4000 1798 annua

1188 1852 1518 1947 pensione
1546 1851 1673 1923 XX
1693 1851 1903 1922 libras
1922 1848 2379 1942 Augustensis
2406 1854 2681 1918 monete
2718 1846 2805 1918 de
2835 1843 3372 1918 villicationibus
3396 1848 3647 1919 nostris
3669 1849 4001 1939 Otringen

1188 1988 1255 2048 et
1298 1976 1710 2047 Durenkeim
1748 1974 1917 2069 ipsis
1951 1973 2451 2066 obligavimus;
2495 1969 2928 2063 indulgentes
2965 1980 3041 2041 ut
3090 1970 3219 2063 ipsi
3258 1993 3406 2042 eam
3442 1972 3840 2064 pensionem
3876 1994 4001 2044 an·

1189 2102 1453 2172 nuatim
1482 2098 1767 2196 pacifice
1803 2098 2181 2193 percipiant
2215 2096 2621 2190 quoaddum
2651 2118 2777 2168 nos
2814 2095 2919 2166 vel
2956 2095 3246 2167 heredes
3276 2094 3512 2184 nostri,
3542 2096 3597 2166 si
3635 2118 3760 2167 nos
3795 2095 4000 2169 dece-

1188 2225 1353 2299 dere
1380 2224 1775 2318 contigerit,
1805 2231 2200 2318 pretaxatas
2233 2220 2332 2292 CC
2361 2242 2628 2292 marcas
2662 2219 2830 2314 ipsis
2864 2241 3020 2290 cum
3058 2219 3446 2311 integritate
3483 2220 3954 2313 persolvamus
3978 2273 3998 2309 ,

1189 2360 1257 2422 et
1291 2350 1637 2445 persoluto
1668 2349 1780 2421 vel
1820 2369 1860 2417 a
1905 2346 2105 2418 nobis
2155 2345 2266 2416 vel
2322 2345 2411 2417 ab
2465 2342 2838 2417 heredibus
2869 2343 3119 2416 nostris
3155 2342 3319 2437 ipsis
3368 2342 3500 2414 hoc
3540 2356 3857 2436 argento,
3923 2366 4005 2417 ea

1190 2476 1608 2568 obligatione
1644 2480 1990 2558 cessante,
2030 2470 2175 2564 ipsa
2212 2469 2393 2541 bona
2425 2469 2536 2540 vel
2584 2467 2674 2539 ad
2709 2476 3012 2539 nostrum
3066 2468 3178 2538 vel
3230 2466 3567 2539 heredum
3618 2478 4005 2540 nostrorum

1191 2598 1591 2671 domanium
1622 2603 2075 2667 revertentur.
2109 2593 2300 2663 Hanc
2332 2594 2542 2683 igitur
2568 2592 3053 2684 obligationem
3083 2592 3473 2664 memoratis
3499 2594 3822 2663 fratribus
3850 2615 4008 2663 con·

1191 2722 1568 2810 firmanteS,
1625 2719 1714 2791 de
1749 2717 1937 2809 regie
1962 2717 2166 2788 etiam
2196 2716 2641 2809 benignitatis
2665 2716 2976 2807 largitate
3007 2715 3373 2809 sepedictis
3411 2717 3732 2788 fratribus
3764 2718 4010 2790 indul-

1193 2868 1435 2941 gemus
1464 2854 1532 2917 et
1566 2839 2010 2916 concedimus
2047 2851 2125 2912 ut
2156 2841 2581 2934 quicumque
2614 2839 2704 2912 de
2733 2838 3291 2910 ministerialibus
3342 2841 3588 2911 nostris
3624 2862 3746 2934 pro
3792 2841 4010 2913 salute

1195 2973 1308 3042 vel
1353 2991 1478 3041 sua
1515 2968 1625 3039 vel
1676 2976 2034 3060 parentum
2079 2985 2360 3035 suorum
2391 2962 2677 3034 ecclesie
2720 2959 2999 3033 vivifice
3027 2961 3264 3031 Crucis
3306 2962 3458 3033 sive
3510 2961 3597 3033 de
3638 2962 4010 3034 mobilibus

1197 3094 1347 3165 sive
1376 3089 1843 3161 immobilibus
1869 3086 2013 3158 suis
2032 3086 2296 3179 aliquid
2323 3087 2634 3157 conferre
2662 3084 3128 3175 decreverint,
3161 3104 3288 3155 nos
3313 3083 3384 3156 id
3405 3093 3675 3177 gratum
3699 3094 3768 3156 et
3789 3095 4010 3158 ratum

1196 3216 1529 3288 babentes
1565 3212 1698 3307 ipsi
1736 3210 2020 3282 ecclesie
2046 3209 2237 3303 regia
2295 3208 2697 3310 auctoritate
2733 3207 3239 3280 confirmamus.
3275 3208 3664 3279 Statuentes
3708 3218 3776 3279 et
3816 3211 4009 3299 regio

1197 3340 1505 3414 districto
1528 3336 1812 3408 firmiter
1846 3334 2298 3428 precipientes
2333 3355 2420 3404 ne
2455 3333 2659 3404 alicui
2697 3332 2787 3405 de
2822 3341 3047 3404 cetero
3078 3353 3369 3425 persone
3414 3333 3869 3404 ecclesiastice
3907 3335 4009 3406 vel

1197 3463 1512 3551 seculari,
1552 3462 1686 3533 alte
1704 3462 1813 3531 vel
1835 3458 2105 3548 humili,
2142 3457 2319 3530 hanc
2346 3467 2573 3529 nostre
2598 3457 3054 3529 concessionis
3071 3455 3370 3528 divalem
3393 3456 3718 3550 paginam
3749 3458 4012 3530 licitum

1202 3590 1289 3660 sit
1318 3587 1691 3680 infringere
1724 3585 1835 3655 vel
1868 3583 1932 3655 ei
1966 3583 2200 3675 aliquo
2232 3581 2686 3676 improbitatis
2730 3603 2907 3652 ausu
2953 3581 3311 3653 contraire.
3370 3580 3574 3665 Quod
3621 3582 3741 3673 qui
3789 3583 4013 3654 facere

1201 3709 1713 3806 presumpserit,
1732 3710 1784 3778 L
1813 3708 2021 3778 libras
2041 3707 2190 3778 auri
2215 3706 2591 3778 examinati
2618 3714 3004 3799 componat,
3025 3726 3319 3797 quarum
3340 3704 3671 3776 medietas
3690 3705 4012 3795 injuriam

1200 3837 1457 3931 passiS,
1503 3835 1763 3926 reliqua
1808 3852 1973 3903 vero
2012 3830 2340 3902 medietas
2389 3851 2658 3901 camere
2709 3839 2935 3901 nostre
2973 3829 3422 3922 persolvatur.
3478 3828 3564 3898 Ut
3619 3836 3845 3898 autem
3885 3828 4015 3898 hec

1203 3960 1528 4048 obligatio
1564 3968 1769 4049 atque
1797 3955 2143 4028 concessio
2174 3954 2581 4026 inconvulsa
2611 3960 2679 4022 et
2704 3951 3123 4022 inviolabilis
3152 3951 3587 4038 observetur,
3631 3960 4014 4042 presentem

1203 4084 1459 4156 exinde
1487 4081 1809 4176 paginam
1849 4077 2186 4150 conscribi
2214 4079 2546 4169 jussimus
2583 4085 2651 4147 et
2678 4076 2890 4147 nostri
2923 4075 3126 4168 sigilli
3156 4085 3494 4146 caractere
3526 4072 3961 4143 communiri.

1298 4207 1518 4297 Hujus
1550 4205 1649 4275 rei
1685 4213 1891 4274 testes
1920 4210 2080 4272 sunt
2122 4228 2138 4270 ε
2176 4198 2641 4272 Udescalchus
2678 4198 3134 4291 Augustensis
3180 4198 3579 4291 episcopuS,
3623 4215 3851 4266 comes
3883 4197 4017 4265 Lu-

1206 4331 1519 4403 dovvicus
1553 4329 1641 4401 de
1667 4325 2120 4416 Helfenstein,
2165 4345 2393 4396 comes
2420 4322 2688 4393 Ulricus
2736 4320 2825 4393 de
2867 4324 3116 4413 Berge,
3165 4341 3391 4393 comes
3421 4317 3741 4389 Albertus
3770 4315 3860 4389 de
3888 4318 4018 4387 Di-

1206 4454 1471 4546 lingen‚
1540 4450 1935 4523 Kadelohus
2000 4450 2089 4522 de
2138 4447 2548 4541 Kirchperc,
2615 4445 3024 4517 Bertboldus
3081 4443 3172 4516 de
3229 4445 3465 4533 Nifen,
3527 4442 4017 4514 Hiltebrandus

1208 4576 1671 4649 marscalchus
1693 4572 1783 4645 de
1799 4573 2134 4666 Rehperc‚
2174 4571 2577 4664 Swiggerus
2604 4567 2693 4640 de
2713 4567 3157 4656 Mindelberc,
3182 4565 3587 4640 Cuonradus
3601 4565 4012 4660 Spannagel,

1205 4710 1272 4774 et
1307 4701 1421 4773 alii
1460 4699 1923 4793 quamplures.
