4842 5802
1231 734 1353 796 628
2269 732 2614 793 HENRICI
2665 730 2997 792 SEPTml
3673 733 3833 809 [Anu.
3872 734 4072 825 1234.Δ

1235 867 1701 963 spectantibus
1722 888 1845 961 per
1876 868 2252 962 emptiones
2269 864 2420 938 sive
2449 865 2719 937 cambia
2749 886 2877 935 nec
2911 884 3047 935 non
3074 862 3596 933 elemosinarum
3618 863 4046 957 largitionem

1235 992 1328 1065 ad
1345 994 1572 1085 ipsum
1596 991 2087 1062 monasterium
2108 990 2432 1062 devolute
2451 988 2731 1075 fuerint,
2769 988 2982 1059 libere
3008 985 3356 1082 possideat
3380 987 3691 1079 etquiete
3711 989 4046 1083 quicquid

1234 1113 1325 1186 ab
1359 1113 1617 1184 eisdem
1655 1123 1794 1185 tam
1828 1113 1920 1185 de
1960 1113 2331 1184 mobilibus
2363 1134 2573 1204 quam
2615 1112 2759 1183 suis
2808 1110 3276 1183 immobilibus
3322 1109 3731 1181 conseratur.
3784 1111 4043 1183 Confir-

1232 1258 1502 1307 mamus
1534 1236 1740 1307 etiam
1783 1236 1913 1330 ipsi
1945 1236 2231 1307 ecclesie
2271 1244 2349 1306 ut
2378 1234 2713 1328 quicquid
2756 1255 2848 1305 ex
2884 1233 3249 1325 largitione
3283 1232 3717 1326 pontificum,
3759 1255 4042 1307 conces-

1230 1358 1422 1429 sione
1450 1357 1871 1452 principum,
1923 1355 2296 1431 donatione
2324 1358 2687 1447 comitum,
2741 1356 3086 1426 baronum
3129 1376 3254 1426 seu
3283 1355 3576 1426 aliorum
3618 1355 3928 1427 fidelium
3965 1358 4038 1429 in

1228 1482 1725 1576 presentiarum
1763 1483 1946 1572 juste
1990 1503 2073 1553 ac
2119 1481 2603 1553 rationabiliter
2636 1478 2942 1574 possidet
2987 1478 3097 1548 vel
3161 1478 3232 1548 in
3278 1479 3588 1548 futurum
3610 1480 3797 1569 juste
3822 1478 4037 1552 dona·

1226 1603 1433 1675 tionis
1461 1603 1654 1674 titulo
1697 1605 1942 1697 poterit
1984 1603 2309 1697 adipisci,
2360 1602 2556 1674 firma
2598 1610 2667 1673 et
2712 1601 2971 1673 illibata
3004 1599 3135 1670 sibi
3162 1610 3604 1693 permaneant
3632 1599 3823 1693 (sic),
3883 1604 4039 1673 Do-

1229 1726 1418 1797 mino
1444 1735 1675 1798 nostro
1711 1725 1921 1797 Jhesu
1969 1726 2226 1798 Christo
2276 1726 2564 1797 feliciter
2613 1723 3056 1799 concedente.
3099 1722 3207 1794 Ad
3254 1724 3453 1814 cujus
3486 1724 3583 1794 rei
3617 1724 4036 1817 perhennem

1222 1849 1660 1938 memoriam,
1721 1858 2101 1944 presentem
2154 1849 2474 1943 paginam
2524 1847 2855 1919 conscribi
2900 1847 3236 1939 jussimus
3277 1855 3347 1917 et
3400 1847 3771 1937 majestatis
3804 1857 4035 1920 nostre

1220 1970 1411 2043 bulla
1449 1972 1872 2064 consignari,
1931 1973 2122 2064 regia
2165 1971 2571 2043 auctoritate
2600 1970 2905 2042 districte
2928 1969 3382 2064 precipientes
3414 1979 3490 2039 ut
3516 1970 3682 2040 nulli
3725 1992 4031 2064 unquam

1219 2114 1510 2186 persone
1551 2094 1815 2165 licitum
1872 2096 1959 2167 sit
2011 2095 2192 2166 hanc
2242 2104 2472 2165 nostre
2518 2092 3049 2165 confirmationis
3106 2093 3431 2187 paginam
3480 2092 3850 2184 infringere
3904 2114 4031 2165 seu

1218 2216 1448 2309 aliquo
1484 2217 1549 2288 ei
1589 2218 1985 2289 temeritatis
2023 2239 2196 2289 ausu
2236 2218 2543 2289 obviare.
2600 2216 2751 2301 Que
2793 2216 2915 2309 qui
2963 2217 3184 2288 facere
3232 2215 3746 2309 presumpserit,
3799 2215 3868 2287 in
3904 2238 4030 2289 sue

1217 2340 1751 2434 presumptionis
1807 2362 2052 2434 penam
2098 2349 2371 2412 centum
2427 2360 2689 2410 marcas
2736 2338 2831 2432 (a)
2884 2340 3149 2430 argenti
3211 2338 3588 2411 examinati
3625 2347 4023 2433 componat,

1213 2483 1507 2555 quarum
1541 2463 1875 2536 medietas
1913 2462 2078 2535 fisco
2113 2474 2375 2553 nostro,
2419 2486 2578 2557 pars
2603 2464 2869 2556 reliqua
2902 2463 3120 2556 passis
3146 2463 3467 2555 injuriam
3499 2465 3952 2557 persolvatur.

1306 2586 1537 2656 Testes
1564 2585 1663 2656 hii
1689 2595 1850 2657 sunt
1882 2612 1899 2655 ε
1939 2588 2016 2656 Β.
2057 2586 2470 2658 venerabilis
2483 2584 2998 2676 Argentinensis
3022 2584 3419 2679 episcopuS,
3448 2585 3523 2656 C.
3559 2586 3775 2658 abbas
3794 2587 4025 2658 Sancti

1212 2704 1412 2793 Galli,
1458 2728 1687 2780 comes
1719 2708 2077 2779 Heinricus
2123 2709 2211 2781 de
2236 2707 2516 2793 Werda‚
2560 2728 2787 2779 comes
2816 2707 3023 2777 Wolf.
3064 2707 3153 2780 de
3189 2709 3455 2796 Vergen
3492 2705 3625 2801 (b),
3667 2708 4025 2781 Heinricus

1214 2825 1304 2898 de
1338 2828 1576 2919 Nisen,
1616 2828 1938 2900 Albertus
1976 2830 2178 2901 frater
2213 2831 2471 2925 ipsiuS‚
2527 2829 2964 2901 Eberhardus
3007 2829 3095 2901 de
3139 2830 3575 2920 Eberstaine‚
3633 2830 3715 2900 E.
3756 2829 4026 2926 dapifer

1210 2945 1302 3018 de
1330 2948 1657 3042 Walpurc
1675 3006 1692 3036 ,
1734 2951 2093 3022 Heinricus
2117 2953 2536 3023 camerarius
2563 2952 2654 3024 de
2682 2954 3158 3047 Ravenspurc‚
3186 2953 3573 3024 Fridericus
3599 2955 3803 3025 frater
3821 2974 4018 3042 suus,

1208 3068 1648 3144 Eberhardus
1675 3073 1762 3144 de
1793 3074 2399 3167 Hertingesberge‚
2439 3086 2507 3145 et
2528 3076 2641 3147 alii
2674 3077 3139 3170 quamplures.

1308 3192 1554 3264 Actum
1594 3216 1777 3268 anno
1812 3196 2155 3269 dominice
2180 3198 2666 3270 incarnationis
2697 3199 3061 3270 millesimo
3087 3199 3555 3272 ducentesimo
3580 3199 4014 3290 XXX⁰1111¹⁰‚

1211 3314 1588 3389 indictione
1616 3319 1941 3413 septima,
1981 3329 2310 3412 regnante
2334 3320 2612 3392 domino
2641 3323 2958 3394 Heinrico
2987 3322 3451 3393 Romanorum
3497 3343 3659 3414 rege
3703 3321 4022 3393 invictis-

1211 3438 1424 3526 simo,
1463 3460 1647 3513 anno
1680 3442 1873 3534 regni
1916 3442 2067 3532 ejus
2100 3444 2308 3515 tercio
2335 3444 2605 3516 decimo
2634 3443 2765 3540 (l).
2809 3445 3388 3539 (Monoqramma.)

1304 3561 1552 3632 Datum
1571 3563 1757 3658 apud
1777 3565 2199 3655 Hagenowe‚
2235 3587 2470 3637 mense
2499 3567 2869 3657 februario,
2901 3577 3145 3640 octavo
3174 3566 3503 3640 kalendas
3532 3567 3856 3640 februarii
3879 3565 4012 3663 (2).

1290 3761 1373 3840 (a)
1416 3763 1486 3822 In
1513 3765 1815 3841 privilegio
1839 3764 2119 3825 Friderici
2145 3773 2372 3825 centum
2397 3763 2599 3828 libras.

1290 3865 1369 3944 (b)
1416 3868 1822 3929 verisimiliter
1850 3885 2046 3932 comes
2084 3868 2490 3951 wolframmus
2508 3871 2578 3932 de
2613 3873 2918 3954 Verinqen,
2944 3876 3161 3935 omisso
3187 3872 3602 3934 abreviationis
3629 3875 3820 3949 signo.
3851 3871 4016 3931 Idem

1206 3972 1308 4049 qui
1336 3971 1513 4047 paulo
1538 3974 1716 4045 infra,
1751 3992 1812 4052 p.
1846 3984 1983 4036 640.

1278 4261 1349 4333 (t)
1386 4260 1441 4317 Si
1466 4277 1637 4318 annus
1665 4262 1813 4332 regni
1841 4269 2179 4335 computetur
2200 4279 2232 4320 a
2256 4267 2324 4321 23
2346 4265 2529 4336 aprilis
2546 4267 2704 4336 4220,
2725 4281 2867 4321 nunc
2890 4272 3120 4338 quartus
3138 4263 3370 4321 decimus
3392 4279 3514 4321 esse
3538 4264 3788 4334 deberet;
3816 4264 3863 4321 si
3883 4281 4013 4324 vero

1204 4356 1274 4412 ab
1301 4363 1490 4413 octavo
1512 4358 1638 4412 maii
1665 4359 1800 4414 ⁴222
1818 4400 1831 4426 ,
1854 4357 2213 4415 duodecimus.

1280 4453 1350 4525 (2)
1388 4452 1520 4508 Cum
1550 4461 1707 4510 notae
1744 4453 2149 4526 chronologicae
2185 4471 2290 4511 non
2320 4457 2459 4511 inter
2488 4472 2548 4512 se
2577 4457 2929 4524 concordent,
2960 4457 3141 4529 potius
3178 4455 3389 4513 ultimis
3415 4457 3705 4513 sistendum
3744 4459 4012 4518 credimus

1207 4563 1350 4619 quae
1374 4549 1688 4606 vicesimum
1704 4551 1948 4622 quintum
1966 4552 2198 4624 januarii
2212 4553 2348 4609 diem
2369 4553 2625 4622 indicant,
2651 4553 2752 4610 nisi
2777 4552 2915 4611 forte
2934 4553 3276 4612 amanuensis
3303 4560 3491 4612 octavo
3515 4555 3772 4613 kalendas
3792 4556 4012 4630 [obrua-

1204 4644 1283 4700 rii
1311 4659 1410 4717 pro
1433 4650 1628 4705 martii
1652 4651 1741 4720 (22
1762 4647 1920 4722 febr.)
1949 4663 2049 4722 per
2075 4649 2410 4706 oscitantiam
2432 4650 2723 4723 scripserit.
