4842 5802
1185 590 1305 653 906
2191 594 2612 658 summum
2663 595 3011 657 saeuum
3626 592 3785 675 [Anu.
3823 592 3997 654 1236.

1287 728 1729 801 Sanctissimo
1766 728 1836 800 in
1865 727 2130 803 Christo
2164 730 2341 824 patri
2380 730 2664 804 domino
2695 728 3060 823 Gregorio,
3103 728 3226 800 Dei
3259 728 3478 820 gratia
3510 748 3779 800 summo
3823 748 4005 820 pon-

1189 849 1382 942 tifici,
1422 852 1865 943 Fredericus,
1905 852 2151 925 eadem
2187 855 2411 947 gratia
2463 856 2921 927 Romanorum
2970 853 3362 946 imperator,
3411 861 3576 941 etc„
3614 851 3900 923 salutem
3938 861 4006 921 et

1186 976 1638 1048 reverentiam
1693 974 1994 1049 filialem.
2052 978 2287 1072 Nuper
2339 977 2434 1051 ad
2489 980 2742 1071 justam
2790 985 3022 1051 nostre
3080 975 3424 1069 petitionis
3468 973 3861 1047 instantiam
3914 974 4004 1046 de

1187 1098 1614 1173 cohercenda
1652 1121 1777 1194 per
1820 1122 2179 1173 censuram
2233 1102 2760 1176 ecclesiasticam
2821 1099 3251 1174 contumacia
3307 1098 3885 1182 Lombardorum‚
3928 1097 4002 1168 in

1183 1243 1325 1315 qua
1360 1221 1731 1294 debuimus
1768 1244 1890 1317 per
1923 1246 2051 1297 vos
2101 1223 2294 1296 velut
2329 1246 2453 1320 per
2500 1227 2825 1298 zelatores
2854 1224 3122 1316 justitie
3153 1221 3525 1317 preveniri,
3565 1243 3690 1315 per
3723 1221 4001 1292 nuntios

1181 1353 1451 1417 nostros
1485 1347 1878 1441 accepimus
1909 1346 2100 1440 quod
2138 1369 2258 1444 per
2289 1355 2598 1420 vestrum
2649 1347 3069 1443 respondere
3113 1346 3312 1418 nobis
3369 1344 3617 1418 idonee
3657 1343 4000 1417 deberetis

1185 1476 1253 1540 et
1292 1469 1451 1540 cito.
1502 1470 2043 1563 Expectantibus
2087 1471 2336 1545 deinde
2374 1470 2576 1545 nobis
2608 1481 2921 1568 optatum
2958 1470 3048 1543 de
3102 1478 3241 1542 tam
3294 1468 3653 1541 favorabili
3701 1468 3996 1560 requisi-

1182 1591 1370 1664 tione
1403 1613 1842 1685 responsum,
1901 1613 1982 1664 ac
2031 1593 2112 1666 G.
2152 1594 2241 1667 de
2274 1595 2606 1668 Romania
2656 1595 3052 1690 cappellano
3104 1601 3332 1665 vestro
3368 1591 3658 1688 proinde
3692 1590 3783 1663 ad
3840 1612 3998 1663 nos-

1183 1726 1357 1787 tram
1395 1716 1806 1811 presentiam
1849 1716 2206 1808 veniente‚
2241 1740 2366 1812 per
2396 1740 2559 1791 eum
2598 1740 2725 1790 nec
2764 1717 3108 1811 questioni
3143 1716 3562 1789 satisfactum
3606 1714 3998 1810 accepimus

1183 1861 1316 1913 nec
1346 1840 1697 1934 querenti;
1735 1839 1860 1913 sed
1895 1862 1980 1913 eo
2012 1842 2205 1935 quod
2245 1864 2370 1938 per
2418 1843 2696 1914 nuntios
2746 1851 3014 1915 nostros
3061 1840 3381 1914 extiterat
3431 1860 3659 1912 coram
3698 1839 3995 1932 paterni-

1182 1972 1320 2035 tate
1347 1973 1577 2036 vestra
1614 1964 2039 2060 propositum
2092 1966 2285 2038 velut
2328 1966 2400 2037 in
2459 1967 2762 2060 quadam
2812 1965 3062 2039 somnii
3110 1964 3463 2038 oblivione
3493 1962 3817 2048 deducto,
3858 1984 3997 2057 pe-

1181 2088 1452 2161 titiones
1499 2089 1838 2183 quasdam
1884 2111 1925 2161 a
1956 2090 2158 2162 vobis
2195 2091 2592 2185 accepimus
2636 2111 2762 2185 pro
2799 2110 3162 2185 responso,
3212 2086 3306 2160 ad
3351 2106 3527 2182 quas
3570 2086 3628 2158 si
3688 2084 3999 2158 doctrine

1179 2222 1408 2285 vestre
1476 2214 1799 2307 prosequi
1857 2214 2191 2287 vellemus
2255 2216 2658 2310 exemplum
2705 2216 2818 2289 vel
2879 2214 3259 2288 doctrinam
3317 2211 3663 2305 exempli,
3721 2231 3998 2305 prorsus

1176 2335 1736 2430 expectationum
1774 2344 2154 2407 vestrarum
2185 2336 2525 2409 desideria
2566 2336 3099 2423 fraudassemus,
3128 2336 3242 2408 vel
3275 2334 3516 2406 saltem
3550 2333 3813 2405 tamdiu
3846 2355 3996 2405 sus·

1175 2458 1658 2554 pendissemus
1692 2458 1969 2531 easdem
2007 2460 2344 2554 quamdiu
2395 2460 2585 2555 quod
2639 2484 2765 2556 per
2817 2482 2943 2534 nos
2990 2482 3032 2533 a
3081 2459 3284 2531 vobis
3321 2459 3698 2551 justissime
3746 2459 3994 2552 petitur

1178 2580 1636 2654 favorabiliter
1672 2584 2149 2677 compleretur.
2187 2584 2274 2656 Ut
2311 2593 2535 2656 tamen
2565 2584 2759 2677 quod
2810 2583 3036 2657 officio
3086 2581 3490 2654 sacerdotali
3537 2580 3826 2653 debetur
3864 2582 3995 2652 im-

1178 2705 1453 2798 perialis
1485 2706 1620 2776 sibi
1676 2706 2009 2801 precipiat
2053 2707 2423 2798 celsitudo,
2465 2729 2627 2780 ecce
2660 2705 2852 2802 quod
2895 2705 2986 2779 ad
3032 2706 3332 2801 capitula
3373 2706 3647 2798 singula
3695 2726 3992 2800 quorum

1180 2839 1485 2901 tenorem
1516 2830 1629 2900 vel
1666 2830 1995 2903 memorie
2047 2840 2273 2904 vestre
2311 2831 2605 2904 fidelitas
2640 2832 2752 2905 vel
2791 2840 3221 2925 regestorum
3264 2839 3644 2903 vestrorum
3693 2840 3995 2901 reservat

1183 2952 1612 3043 archivium,
1666 2953 2055 3048 paternitati
2118 2963 2344 3027 vestre
2393 2955 2826 3050 presentibus
2878 2954 3356 3050 respondetur.
3418 2955 3503 3026 Et
3553 2953 3645 3026 ad
3696 2954 3871 3027 illud
3920 2955 3994 3026 in

1183 3076 1427 3172 primis
1467 3075 1657 3169 quod
1704 3075 1794 3150 de
1848 3077 2154 3150 ecclesiis
2205 3078 2397 3172 regni
2448 3078 2664 3152 nostri
2698 3079 2926 3150 Sicilie
2971 3099 3093 3173 per
3136 3079 3480 3150 ministros
3526 3088 3793 3151 nostros
3837 3100 3998 3173 spo-

1183 3202 1364 3273 liatis
1402 3200 1816 3296 privilegiis,
1856 3202 2406 3297 possessionibus
2439 3202 2746 3275 ethonis
2793 3203 3006 3276 sacris
3053 3203 3300 3275 usibus
3352 3202 3700 3297 deputatis
3748 3224 3832 3274 ac
3882 3203 3999 3298 ip-

1185 3347 1413 3398 sarum
1446 3324 1794 3420 lapidibus
1830 3325 1922 3398 ad
1964 3325 2436 3420 Agarenorum
2484 3327 2845 3422 gymnasia
2886 3326 3342 3399 construenda
3376 3325 3714 3398 translatis
3749 3347 4000 3421 propo-

1186 3452 1398 3544 nitur,
1433 3473 1698 3525 necnon
1734 3459 1803 3523 et
1834 3450 1924 3524 de
1969 3453 2244 3547 prelatis
2278 3453 2584 3547 ipsarum
2619 3462 2687 3525 et
2720 3451 3013 3524 subditis
3043 3452 3331 3525 exulare
3357 3451 3610 3522 coactis
3642 3459 3711 3522 et
3745 3452 3998 3523 carceri

1185 3577 1623 3673 mancipatis,
1677 3585 1745 3649 et
1802 3576 2018 3650 verbo
2075 3577 2276 3650 vobis
2327 3578 2619 3650 libenter
2674 3577 3246 3672 responderemus
3291 3574 3385 3647 ad
3438 3583 3676 3647 votum
3722 3585 3792 3647 et
3835 3597 4000 3648 exe-

1184 3723 1557 3797 queremur
1599 3701 1923 3773 libentius
1976 3701 2156 3774 facto
2205 3723 2650 3796 responsum,
2700 3702 2760 3773 si
2809 3701 2983 3797 quid
3034 3708 3140 3772 est
3180 3700 3251 3771 in
3297 3698 3653 3772 indefinita
3696 3699 4001 3794 proposi·

1188 3827 1374 3897 tione
1408 3824 1832 3919 propositum
1862 3825 1932 3896 in
1972 3825 2365 3920 particulari
2400 3826 2643 3898 fuisset
2672 3824 3176 3920 specificatione
3209 3823 3612 3915 deductum,
3654 3832 3775 3895 aut
3807 3823 4002 3918 quod

1186 3956 1291 4019 est
1326 3946 1617 4019 obscure
1647 3947 2065 4042 descriptum
2102 3948 2174 4019 in
2201 3969 2477 4040 genere,
2500 3950 2736 4021 fuisset
2758 3958 2994 4044 aperte
3023 3969 3145 4042 per
3172 3946 3540 4019 individua
3564 3946 3991 4019 denotatum.

1187 4069 1327 4143 Sed
1354 4080 1434 4142 ut
1464 4070 1819 4144 indefinita
1845 4082 2075 4145 vestre
2106 4073 2588 4168 propositionis
2620 4073 2979 4146 affirmatio
3016 4095 3138 4168 per
3164 4072 3554 4165 negativam
3592 4070 3997 4143 contrariam

1186 4195 1584 4289 perimatur,
1640 4196 1869 4267 nullas
1919 4196 2200 4268 omnino
2256 4197 2513 4268 scimus
2565 4198 2888 4271 ecclesias
2941 4197 3052 4270 vel
3120 4216 3448 4291 personas
3508 4194 4001 4267 ecclesiasticas

1187 4318 1384 4411 regni
1435 4317 1728 4413 predicti
1776 4340 1916 4412 que
1957 4319 2028 4389 in
2075 4318 2408 4392 libertatis
2454 4319 2830 4412 privilegiis
2867 4320 2982 4392 vel
3026 4319 3097 4389 in
3129 4318 3330 4392 bonis
3360 4339 3404 4391 a
3433 4316 3639 4390 nobis
3675 4326 3795 4389 aut
3845 4336 4003 4388 nos-

1191 4442 1314 4512 tris
1368 4441 1829 4536 prejudicium
1899 4441 2289 4538 patiantur,
2349 4443 2480 4516 nisi
2532 4443 3112 4517 conservationem
3167 4443 3428 4534 jurium
3480 4450 3601 4513 aut
3663 4440 4000 4512 bonorum

1191 4577 1576 4637 nostrorum
1607 4587 1745 4660 que
1779 4566 1987 4638 nostri
2015 4566 2214 4638 nobis
2247 4566 2586 4660 reliquere
2619 4568 2908 4662 priores,
2928 4588 3055 4639 vos
3082 4565 3539 4661 prejudicium
3569 4563 3845 4635 forsitan
3875 4582 4002 4656 per

1189 4686 1771 4783 improprietatem
1813 4690 2132 4764 vocabuli
2166 4690 2533 4764 vocaretis.
2579 4691 2784 4777 Quod
2834 4691 3020 4763 enim
3065 4689 3157 4762 ad
3204 4689 3513 4762 seculare
3547 4685 3888 4778 iudicium
3932 4692 4002 4755 et
