4842 5802
1213 554 1333 616 672
2241 555 2585 616 nnnmcr
2636 555 2975 617 saprum
3650 557 3810 639 [Aua.
3849 560 4021 621 1234.

1216 688 1482 784 imperii
1508 688 1618 761 sui
1646 686 1964 762 fidelibus
1998 690 2286 782 gratiam
2319 712 2519 762 suam
2560 700 2631 763 et
2658 711 2865 764 omne
2908 691 3194 763 bonum.
3231 690 3472 764 Innata
3506 693 3707 765 nobis
3740 695 4029 787 requirit

1214 812 1601 906 benignitas
1633 811 2038 884 devotorum
2068 822 2452 886 nostrorum
2489 824 2558 886 et
2592 815 2861 911 imperii
2896 815 3148 888 devota
3179 813 3515 909 obsequia
3545 837 3787 890 sereno
3823 817 4024 889 vultu

1213 936 1550 1031 respicere
1584 945 1912 1007 eteorum
1937 936 2487 1031 promotionibus
2508 945 2697 1009 tanto
2711 938 3010 1033 amplius
3047 937 3400 1011 intendere
3432 949 3692 1033 quanto
3719 940 4026 1034 ipsorum

1213 1059 1621 1153 obsequiosa
1661 1060 1981 1132 voluntas
2024 1081 2100 1132 se
2145 1060 2466 1132 servilem
2503 1059 2774 1133 studuit
2796 1060 3152 1133 exhibere.
3196 1061 3371 1132 Hinc
3401 1071 3506 1134 est
3540 1061 3733 1156 quod
3769 1083 3896 1135 nos
3926 1073 4029 1135 at-

1217 1183 1573 1256 tendentes
1622 1181 1851 1255 fidelia
1901 1183 2237 1278 obsequia
2285 1193 2355 1257 et
2407 1184 2660 1258 devota
2708 1206 2847 1279 que
2885 1183 3110 1256 fidelis
3145 1193 3376 1257 noster
3410 1206 3639 1257 comes
3667 1185 3901 1279 Egeno
3936 1185 4028 1258 de

1213 1305 1503 1400 Friburg
1527 1315 1597 1378 et
1627 1306 1716 1378 de
1744 1305 1964 1379 Urach
1992 1307 2066 1378 in
2092 1307 2387 1381 diversis
2411 1308 2702 1401 agendis
2728 1308 2927 1381 nobis
2949 1317 3018 1380 et
3043 1308 3336 1402 imperio
3363 1308 3693 1381 hactenus
3705 1309 4028 1382 exhibuit

1214 1441 1445 1526 etque
1471 1453 1596 1503 sua
1631 1430 1908 1504 devotio
1946 1430 2019 1502 in
2049 1442 2248 1505 antea
2285 1434 2535 1528 poterit
2560 1433 2927 1524 exhibere,
2964 1434 3191 1528 ipsum
3223 1432 3360 1508 hiis
3394 1434 3797 1507 fluminibus
3833 1436 4027 1507 Ren-

1214 1555 1506 1646 chental,
1544 1554 1807 1641 Wisen‚
1844 1554 2122 1647 Brigen‚
2162 1554 2551 1629 Kinzechen
2588 1578 2811 1651 usque
2841 1554 3330 1651 Gengenbach,
3357 1567 3428 1629 et
3463 1559 3865 1631 nominatim
3896 1558 4025 1631 Mi·

1214 1679 1540 1768 lenbacb,
1583 1678 1866 1766 Elzach,
1900 1679 2307 1774 Treysonia‚
2342 1679 2557 1774 Brega
2595 1691 2664 1752 et
2696 1679 3013 1752 Danubio
3043 1700 3266 1775 usque
3302 1680 3394 1753 ad
3420 1680 3973 1776 Ymmendingen
3996 1736 4016 1772 ‚

1215 1824 1375 1873 cum
1401 1801 1742 1874 universis
1755 1801 1921 1874 rivis
1940 1801 2060 1895 qui
2090 1801 2414 1896 predictis
2438 1802 2841 1874 fluminibus
2873 1803 3298 1899 recipiuntur
3332 1813 3401 1876 et
3427 1824 3587 1876 cum
3624 1805 4025 1878 eorumdem

1213 1925 1449 1999 fundis
1483 1947 1750 1999 necnon
1783 1926 2130 1998 universis
2165 1927 2509 2000 montanis
2538 1926 2802 2000 eisdem
2831 1927 3235 1999 fluminibus
3266 1937 3335 1999 et
3368 1928 3540 2000 rivis
3584 1930 4024 2024 superjacen-

1214 2051 1430 2142 tibus,
1470 2050 1774 2123 maxime
1807 2072 1963 2120 cum
1994 2048 2082 2121 de
2111 2058 2343 2122 nostro
2368 2047 2661 2122 fideliter
2690 2050 2778 2121 sit
2808 2050 3094 2123 consilio
3127 2062 3194 2124 et
3216 2049 3305 2123 de
3332 2060 3562 2123 nostra
3596 2052 3686 2122 sit
3719 2052 3977 2123 familia
3999 2105 4020 2144 ,

1215 2174 1305 2247 de
1337 2175 1527 2269 regia
1558 2171 2026 2246 munificentia
2060 2173 2385 2246 eumdem
2421 2171 2758 2245 duximus
2788 2172 3314 2246 infeodandum.
3344 2174 3666 2248 Veientes
3710 2182 3788 2247 ut
3828 2174 4029 2268 quid-

1213 2297 1385 2392 quid
1445 2297 1621 2370 auri·
1650 2296 1721 2368 in
1782 2296 2195 2392 supradictis
2250 2296 2653 2369 fluminibus
2712 2298 2862 2369 sive
2914 2297 2988 2368 in
3044 2297 3214 2370 rivis
3271 2318 3355 2369 ac
3405 2296 3748 2369 universis
3791 2296 4027 2369 fundis

1217 2418 1618 2495 eorumdem
1649 2420 1989 2493 invenerit
2023 2430 2091 2492 et
2125 2419 2474 2515 quidquid
2510 2420 2852 2492 invenerit
2895 2421 3163 2513 argenti
3206 2421 3279 2492 in
3317 2421 3693 2510 montanis,
3751 2420 3881 2492 hec
3935 2418 4026 2491 ad

1217 2564 1416 2617 suam
1461 2564 1885 2637 suorumque
1930 2542 2264 2615 heredum
2302 2543 2460 2635 jure
2490 2542 2741 2616 feodali
2776 2543 2928 2614 sine
2965 2544 3154 2615 omni
3208 2542 3743 2616 contradictione
3779 2541 4029 2614 cedant

1216 2669 1601 2740 utilitatem.
1647 2668 1734 2740 Ut
1783 2674 2015 2738 autem
2062 2665 2372 2760 predicta
2427 2674 2655 2738 nostra
2711 2666 2931 2759 gratia
2989 2665 3217 2738 eidem
3263 2675 3538 2740 maneat
3583 2667 4020 2756 inconcussa,

1221 2798 1569 2886 presentes
1603 2789 1668 2860 ei
1706 2788 1953 2861 damus
1981 2789 2240 2861 litteras
2275 2790 2501 2883 sigillo
2528 2798 2757 2862 nostro
2795 2788 3169 2862 roboratas.

1316 2915 1486 2987 Acta
1518 2922 1683 2985 sunt
1710 2914 1844 2985 hec
1874 2934 2056 2985 anno
2086 2914 2181 2985 Μ.
2213 2913 2340 2985 CC.
2373 2913 2593 2985 XXX.
2629 2913 2773 2985 1111.

1317 3037 1567 3108 Datum
1593 3037 1786 3132 apud
1811 3037 2064 3130 Egram
2081 3089 2103 3129 ,
2140 3037 2200 3107 ΙΙ
2228 3034 2389 3107 idus
2411 3034 2604 3127 julii,
2641 3033 3016 3106 indictione
3046 3032 3361 3128 septima.

849 3633 1106 3739 „uggfflfg
1327 3610 1694 3696 Henricus
1717 3668 1741 3713 ‚
1797 3605 2317 3689 Romanorum
2370 3627 2501 3684 rex
2528 3662 2552 3707 ‚
2610 3623 2837 3707 super
2886 3596 3017 3679 lite
3067 3595 3264 3676 inter
3314 3590 3707 3675 ecclesiam
3758 3592 4028 3674 Halis-

856 3742 908 3782 ¹⁶
931 3744 1127 3794 ⁸⁰⁸¹¹⁸²¹·
1225 3748 1739 3831 brunnensem
1796 3734 2336 3849 (Heilsbronn)
2384 3745 2459 3816 et
2509 3732 2820 3816 viduam
2876 3726 3260 3812 Cuonradi
3313 3726 3410 3808 de
3461 3724 3878 3830 Anindorf‚
3935 3727 4030 3807 de

1228 3878 1448 3962 bonis
1485 3873 1947 3984 quibusdam
1967 3930 1991 3976 ⁷
2031 3894 2287 3952 coram
2342 3864 2691 3948 Heinrico
2744 3864 2842 3945 de
2903 3858 3145 3945 Niffen
3197 3858 3542 3967 cognita⁷
3583 3857 4031 3940 sententiam

1233 4012 1407 4116 fert,
1448 4018 1533 4090 ut
1569 4006 1770 4088 filius
1805 4003 2078 4086 viduae
2115 4002 2280 4107 ipsa
2323 3998 2527 4080 bona
2561 4007 2862 4078 tantum
2900 3993 2997 4075 ad
3033 3993 3194 4074 dies
3236 3990 3433 4071 vitae
3465 3997 3741 4089 teneat,
3783 3997 3860 4070 et
3891 4012 4031 4095 pro

1230 4146 1380 4227 illis
1418 4139 1812 4224 annuatim
1847 4136 1972 4218 LX
2008 4132 2361 4216 denarios
2400 4129 2755 4212 ecclesiae
2801 4126 3068 4209 solvat.

1391 4354 1577 4433 (Edit.
1611 4353 1674 4410 in
1695 4348 2079 4417 wemmam,
2104 4343 2323 4403 Histor-
2354 4337 2610 4403 Not-imb.
2631 4335 2892 4417 diplom,
2921 4343 2968 4396 t.
2996 4336 3077 4407 11,
3098 4351 3159 4411 p.
3182 4339 3283 4405 95,
3303 4339 3368 4390 n⁹
3396 4337 3548 4389 9.-
3567 4328 3822 4402 Senum,
3852 4326 4025 4406 Com.

1462 4459 1620 4520 Hist.
1647 4448 2004 4521 Brandcnb„
2033 4449 2274 4527 Syllog.‚
2307 4456 2407 4521 71,
2440 4455 2507 4506 n⁹
2537 4453 2634 4506 34.
2656 4476 2735 4489 -
2757 4442 3083 4504 correctius
3108 4444 3339 4515 autem,
3369 4436 3679 4514 praecipue
3703 4436 3765 4494 in
3790 4436 4030 4494 testium

1463 4561 1821 4637 nominibus,
1851 4574 1950 4634 ap.
1979 4555 2239 4615 Menum.
2272 4553 2435 4614 Boio.
2449 4596 2471 4627 ,
2500 4558 2646 4612 tom.
2678 4549 2881 4621 XXX,
2912 4561 3049 4624 pars
3087 4545 3162 4619 1⁸,
3191 4560 3247 4621 p.
3285 4549 3424 4616 214,
3453 4550 3522 4601 n‘
3550 4549 3658 4601 721
3685 4583 3705 4619 ,
3732 4556 3809 4601 ex
3840 4540 4031 4617 origi-

1460 4669 1583 4730 nali
1610 4670 1781 4745 cujus
1808 4664 2066 4743 sigilium
2091 4661 2309 4738 periit.)
