<?xml version="1.0" encoding="UTF-8"?>
<!DOCTYPE html PUBLIC "-//W3C//DTD XHTML 1.0 Transitional//EN"
    "http://www.w3.org/TR/xhtml1/DTD/xhtml1-transitional.dtd">
<html xmlns="http://www.w3.org/1999/xhtml" xml:lang="en" lang="en">
 <head>
  <title>
</title>
<meta http-equiv="Content-Type" content="text/html;charset=utf-8" />
  <meta name='ocr-system' content='tesseract 3.04.00' />
  <meta name='ocr-capabilities' content='ocr_page ocr_carea ocr_par ocr_line ocrx_word'/>
</head>
<body>
  <div class='ocr_page' id='page_1' title='image "./historiadiploma01degoog_0350.png"; bbox 0 0 4842 5802; ppageno 0'>
   <div class='ocr_carea' id='block_1_1' title="bbox 1149 697 4018 4163">
    <p class='ocr_par' dir='ltr' id='par_1_1' title="bbox 1149 697 4018 4163">
     <span class='ocr_line' id='line_1_1' title="bbox 1149 697 3974 784; baseline -0.006 -7"><span class='ocrx_word' id='word_1_1' title='bbox 1149 714 1272 777; x_wconf 81' lang='lat'>830</span> <span class='ocrx_word' id='word_1_2' title='bbox 2149 704 2590 770; x_wconf 73' lang='lat' dir='ltr'>rmnmuct</span> <span class='ocrx_word' id='word_1_3' title='bbox 2641 701 2996 770; x_wconf 64' lang='lat' dir='ltr'>saeuum</span> <span class='ocrx_word' id='word_1_4' title='bbox 3597 700 3761 784; x_wconf 68' lang='lat' dir='ltr'>[Asu.</span> <span class='ocrx_word' id='word_1_5' title='bbox 3796 697 3974 761; x_wconf 75' lang='lat'>1236.</span> 
     </span>
     <span class='ocr_line' id='line_1_2' title="bbox 1154 832 3982 940; baseline -0.006 -17"><span class='ocrx_word' id='word_1_6' title='bbox 1154 846 1512 922; x_wconf 78' lang='lat' dir='ltr'>indefinite</span> <span class='ocrx_word' id='word_1_7' title='bbox 1556 844 1797 936; x_wconf 85' lang='lat' dir='ltr'>nobis,</span> <span class='ocrx_word' id='word_1_8' title='bbox 1840 844 2232 940; x_wconf 73' lang='lat' dir='ltr'>particulari</span> <span class='ocrx_word' id='word_1_9' title='bbox 2267 845 2378 917; x_wconf 83' lang='lat' dir='ltr'>vel</span> <span class='ocrx_word' id='word_1_10' title='bbox 2415 840 2756 938; x_wconf 75' lang='lat' dir='ltr'>singulari</span> <span class='ocrx_word' id='word_1_11' title='bbox 2798 839 3264 937; x_wconf 74' lang='lat' dir='ltr'>propositione</span> <span class='ocrx_word' id='word_1_12' title='bbox 3309 843 3650 924; x_wconf 80' lang='lat' dir='ltr'>oessante,</span> <span class='ocrx_word' id='word_1_13' title='bbox 3693 832 3982 929; x_wconf 81' lang='lat' dir='ltr'>pontifi-</span> 
     </span>
     <span class='ocr_line' id='line_1_3' title="bbox 1160 959 3994 1064; baseline -0.006 -19"><span class='ocrx_word' id='word_1_14' title='bbox 1160 973 1327 1046; x_wconf 88' lang='lat' dir='ltr'>calis</span> <span class='ocrx_word' id='word_1_15' title='bbox 1377 968 1749 1064; x_wconf 74' lang='lat' dir='ltr'>descriptio</span> <span class='ocrx_word' id='word_1_16' title='bbox 1792 968 2133 1063; x_wconf 75' lang='lat' dir='ltr'>patefecit.</span> <span class='ocrx_word' id='word_1_17' title='bbox 2175 967 2544 1040; x_wconf 88' lang='lat' dir='ltr'>Possemus</span> <span class='ocrx_word' id='word_1_18' title='bbox 2591 967 2835 1061; x_wconf 87' lang='lat' dir='ltr'>utique</span> <span class='ocrx_word' id='word_1_19' title='bbox 2894 963 3149 1037; x_wconf 86' lang='lat' dir='ltr'>certius</span> <span class='ocrx_word' id='word_1_20' title='bbox 3188 982 3445 1055; x_wconf 77' lang='lat' dir='ltr'>negare</span> <span class='ocrx_word' id='word_1_21' title='bbox 3489 980 3628 1032; x_wconf 92' lang='lat' dir='ltr'>non</span> <span class='ocrx_word' id='word_1_22' title='bbox 3681 959 3868 1031; x_wconf 81' lang='lat' dir='ltr'>facta</span> <span class='ocrx_word' id='word_1_23' title='bbox 3915 968 3994 1031; x_wconf 83' lang='lat' dir='ltr'>et.</span> 
     </span>
     <span class='ocr_line' id='line_1_4' title="bbox 1160 1081 3998 1185; baseline -0.005 -17"><span class='ocrx_word' id='word_1_24' title='bbox 1160 1093 1506 1169; x_wconf 86' lang='lat' dir='ltr'>efficacius</span> <span class='ocrx_word' id='word_1_25' title='bbox 1558 1094 1735 1164; x_wconf 85' lang='lat' dir='ltr'>facta</span> <span class='ocrx_word' id='word_1_26' title='bbox 1787 1091 2169 1185; x_wconf 75' lang='lat' dir='ltr'>corrigere,</span> <span class='ocrx_word' id='word_1_27' title='bbox 2229 1091 2284 1163; x_wconf 92' lang='lat' dir='ltr'>si</span> <span class='ocrx_word' id='word_1_28' title='bbox 2341 1091 2630 1164; x_wconf 80' lang='lat' dir='ltr'>fuissent</span> <span class='ocrx_word' id='word_1_29' title='bbox 2676 1086 3066 1162; x_wconf 84' lang='lat' dir='ltr'>distinctius</span> <span class='ocrx_word' id='word_1_30' title='bbox 3108 1085 3388 1180; x_wconf 80' lang='lat' dir='ltr'>singula</span> <span class='ocrx_word' id='word_1_31' title='bbox 3430 1083 3782 1157; x_wconf 88' lang='lat' dir='ltr'>denotata.</span> <span class='ocrx_word' id='word_1_32' title='bbox 3843 1081 3998 1156; x_wconf 72' lang='lat' dir='ltr'>Sed</span> 
     </span>
     <span class='ocr_line' id='line_1_5' title="bbox 1162 1206 3992 1313; baseline -0.005 -21"><span class='ocrx_word' id='word_1_33' title='bbox 1162 1229 1240 1292; x_wconf 91' lang='lat' dir='ltr'>ut</span> <span class='ocrx_word' id='word_1_34' title='bbox 1286 1218 1622 1313; x_wconf 85' lang='lat' dir='ltr'>generalis</span> <span class='ocrx_word' id='word_1_35' title='bbox 1678 1215 1998 1287; x_wconf 85' lang='lat' dir='ltr'>instantia</span> <span class='ocrx_word' id='word_1_36' title='bbox 2056 1213 2376 1310; x_wconf 84' lang='lat' dir='ltr'>generale</span> <span class='ocrx_word' id='word_1_37' title='bbox 2424 1212 2741 1287; x_wconf 83' lang='lat' dir='ltr'>falsificet</span> <span class='ocrx_word' id='word_1_38' title='bbox 2802 1219 3284 1306; x_wconf 74' lang='lat' dir='ltr'>argumentum</span> <span class='ocrx_word' id='word_1_39' title='bbox 3303 1262 3327 1299; x_wconf 93' lang='lat'>,</span> <span class='ocrx_word' id='word_1_40' title='bbox 3378 1207 3512 1281; x_wconf 89' lang='lat' dir='ltr'>hoc</span> <span class='ocrx_word' id='word_1_41' title='bbox 3577 1206 3992 1302; x_wconf 68' lang='lat' dir='ltr'>generaliter</span> 
     </span>
     <span class='ocr_line' id='line_1_6' title="bbox 1161 1331 3991 1439; baseline -0.006 -22"><span class='ocrx_word' id='word_1_42' title='bbox 1161 1341 1657 1439; x_wconf 73' lang='lat' dir='ltr'>respondemus</span> <span class='ocrx_word' id='word_1_43' title='bbox 1724 1337 1915 1435; x_wconf 90' lang='lat' dir='ltr'>quod</span> <span class='ocrx_word' id='word_1_44' title='bbox 1982 1337 2115 1411; x_wconf 91' lang='lat' dir='ltr'>hec</span> <span class='ocrx_word' id='word_1_45' title='bbox 2166 1337 2400 1411; x_wconf 87' lang='lat' dir='ltr'>omnia</span> <span class='ocrx_word' id='word_1_46' title='bbox 2450 1359 2493 1412; x_wconf 86' lang='lat' dir='ltr'>a</span> <span class='ocrx_word' id='word_1_47' title='bbox 2553 1348 2786 1411; x_wconf 86' lang='lat' dir='ltr'>nostra</span> <span class='ocrx_word' id='word_1_48' title='bbox 2859 1335 3152 1409; x_wconf 89' lang='lat' dir='ltr'>scientia</span> <span class='ocrx_word' id='word_1_49' title='bbox 3213 1344 3283 1407; x_wconf 90' lang='lat' dir='ltr'>et</span> <span class='ocrx_word' id='word_1_50' title='bbox 3343 1331 3762 1406; x_wconf 75' lang='lat' dir='ltr'>oenscientia</span> <span class='ocrx_word' id='word_1_51' title='bbox 3822 1338 3991 1403; x_wconf 83' lang='lat' dir='ltr'>sunt</span> 
     </span>
     <span class='ocr_line' id='line_1_7' title="bbox 1164 1453 3992 1557; baseline -0.006 -15"><span class='ocrx_word' id='word_1_52' title='bbox 1164 1475 1425 1542; x_wconf 79' lang='lat' dir='ltr'>remota</span> <span class='ocrx_word' id='word_1_53' title='bbox 1447 1517 1470 1556; x_wconf 90' lang='lat'>,</span> <span class='ocrx_word' id='word_1_54' title='bbox 1522 1463 1656 1536; x_wconf 82' lang='lat' dir='ltr'>nisi</span> <span class='ocrx_word' id='word_1_55' title='bbox 1707 1464 1900 1557; x_wconf 90' lang='lat' dir='ltr'>quod</span> <span class='ocrx_word' id='word_1_56' title='bbox 1929 1462 2212 1535; x_wconf 91' lang='lat' dir='ltr'>omnino</span> <span class='ocrx_word' id='word_1_57' title='bbox 2254 1483 2395 1535; x_wconf 91' lang='lat' dir='ltr'>non</span> <span class='ocrx_word' id='word_1_58' title='bbox 2435 1458 2781 1536; x_wconf 87' lang='lat' dir='ltr'>credimus</span> <span class='ocrx_word' id='word_1_59' title='bbox 2816 1471 2893 1532; x_wconf 89' lang='lat' dir='ltr'>ut</span> <span class='ocrx_word' id='word_1_60' title='bbox 2924 1459 3087 1533; x_wconf 90' lang='lat' dir='ltr'>odio</span> <span class='ocrx_word' id='word_1_61' title='bbox 3134 1459 3247 1531; x_wconf 84' lang='lat' dir='ltr'>vel</span> <span class='ocrx_word' id='word_1_62' title='bbox 3294 1456 3546 1548; x_wconf 83' lang='lat' dir='ltr'>injurie</span> <span class='ocrx_word' id='word_1_63' title='bbox 3584 1453 3992 1528; x_wconf 71' lang='lat' dir='ltr'>adscribatis</span> 
     </span>
     <span class='ocr_line' id='line_1_8' title="bbox 1165 1581 3990 1687; baseline -0.005 -23"><span class='ocrx_word' id='word_1_64' title='bbox 1165 1589 1361 1687; x_wconf 87' lang='lat' dir='ltr'>quod</span> <span class='ocrx_word' id='word_1_65' title='bbox 1400 1588 1577 1683; x_wconf 65' lang='lat' dir='ltr'>jur-&#39;n</span> <span class='ocrx_word' id='word_1_66' title='bbox 1625 1587 1949 1660; x_wconf 76' lang='lat' dir='ltr'>executio</span> <span class='ocrx_word' id='word_1_67' title='bbox 2001 1596 2124 1659; x_wconf 86' lang='lat' dir='ltr'>ant</span> <span class='ocrx_word' id='word_1_68' title='bbox 2171 1587 2448 1660; x_wconf 87' lang='lat' dir='ltr'>cautela</span> <span class='ocrx_word' id='word_1_69' title='bbox 2501 1585 2840 1682; x_wconf 88' lang='lat' dir='ltr'>deposcit.</span> <span class='ocrx_word' id='word_1_70' title='bbox 2889 1584 2963 1657; x_wconf 89' lang='lat' dir='ltr'>Si</span> <span class='ocrx_word' id='word_1_71' title='bbox 2999 1581 3252 1656; x_wconf 83' lang='lat' dir='ltr'>etenim</span> <span class='ocrx_word' id='word_1_72' title='bbox 3312 1589 3596 1676; x_wconf 74' lang='lat' dir='ltr'>proptoe</span> <span class='ocrx_word' id='word_1_73' title='bbox 3636 1600 3724 1652; x_wconf 86' lang='lat' dir='ltr'>ea</span> <span class='ocrx_word' id='word_1_74' title='bbox 3766 1599 3908 1674; x_wconf 88' lang='lat' dir='ltr'>que</span> <span class='ocrx_word' id='word_1_75' title='bbox 3943 1600 3990 1652; x_wconf 89' lang='lat' dir='ltr'>a</span> 
     </span>
     <span class='ocr_line' id='line_1_9' title="bbox 1167 1706 3994 1807; baseline -0.004 -20"><span class='ocrx_word' id='word_1_76' title='bbox 1167 1714 1366 1789; x_wconf 89' lang='lat' dir='ltr'>nobis</span> <span class='ocrx_word' id='word_1_77' title='bbox 1415 1711 1705 1787; x_wconf 80' lang='lat' dir='ltr'>ecclesie</span> <span class='ocrx_word' id='word_1_78' title='bbox 1746 1713 1860 1785; x_wconf 85' lang='lat' dir='ltr'>vel</span> <span class='ocrx_word' id='word_1_79' title='bbox 1912 1732 2200 1807; x_wconf 76' lang='lat' dir='ltr'>persone</span> <span class='ocrx_word' id='word_1_80' title='bbox 2254 1711 2713 1785; x_wconf 78' lang='lat' dir='ltr'>ecclesiastice</span> <span class='ocrx_word' id='word_1_81' title='bbox 2756 1709 3042 1783; x_wconf 81' lang='lat' dir='ltr'>forsitan</span> <span class='ocrx_word' id='word_1_82' title='bbox 3090 1706 3179 1781; x_wconf 90' lang='lat' dir='ltr'>de</span> <span class='ocrx_word' id='word_1_83' title='bbox 3220 1706 3448 1779; x_wconf 65' lang='lat' dir='ltr'>badis</span> <span class='ocrx_word' id='word_1_84' title='bbox 3492 1706 3602 1778; x_wconf 84' lang='lat' dir='ltr'>vel</span> <span class='ocrx_word' id='word_1_85' title='bbox 3648 1706 3994 1801; x_wconf 74' lang='lat' dir='ltr'>patrimo-</span> 
     </span>
     <span class='ocr_line' id='line_1_10' title="bbox 1166 1829 3998 1931; baseline -0.003 -20"><span class='ocrx_word' id='word_1_86' title='bbox 1166 1839 1301 1911; x_wconf 86' lang='lat' dir='ltr'>niis</span> <span class='ocrx_word' id='word_1_87' title='bbox 1335 1848 1590 1931; x_wconf 86' lang='lat' dir='ltr'>tenent,</span> <span class='ocrx_word' id='word_1_88' title='bbox 1629 1835 1700 1909; x_wconf 92' lang='lat' dir='ltr'>in</span> <span class='ocrx_word' id='word_1_89' title='bbox 1728 1836 1991 1930; x_wconf 87' lang='lat' dir='ltr'>quibus</span> <span class='ocrx_word' id='word_1_90' title='bbox 2017 1837 2347 1909; x_wconf 86' lang='lat' dir='ltr'>laicorum</span> <span class='ocrx_word' id='word_1_91' title='bbox 2376 1833 2848 1930; x_wconf 87' lang='lat' dir='ltr'>quorumlibet</span> <span class='ocrx_word' id='word_1_92' title='bbox 2871 1835 3034 1927; x_wconf 82' lang='lat' dir='ltr'>jura</span> <span class='ocrx_word' id='word_1_93' title='bbox 3063 1842 3500 1924; x_wconf 73' lang='lat' dir='ltr'>censeantur,</span> <span class='ocrx_word' id='word_1_94' title='bbox 3534 1829 3769 1903; x_wconf 79' lang='lat' dir='ltr'>debita</span> <span class='ocrx_word' id='word_1_95' title='bbox 3799 1829 3998 1903; x_wconf 84' lang='lat' dir='ltr'>curie</span> 
     </span>
     <span class='ocr_line' id='line_1_11' title="bbox 1167 1954 3998 2058; baseline -0.004 -22"><span class='ocrx_word' id='word_1_96' title='bbox 1167 1972 1399 2037; x_wconf 89' lang='lat' dir='ltr'>nostre</span> <span class='ocrx_word' id='word_1_97' title='bbox 1437 1960 1912 2058; x_wconf 82' lang='lat' dir='ltr'>deposcimus,</span> <span class='ocrx_word' id='word_1_98' title='bbox 1956 1960 2016 2032; x_wconf 87' lang='lat' dir='ltr'>si</span> <span class='ocrx_word' id='word_1_99' title='bbox 2063 1958 2384 2033; x_wconf 88' lang='lat' dir='ltr'>demania</span> <span class='ocrx_word' id='word_1_100' title='bbox 2419 1968 2653 2031; x_wconf 78' lang='lat' dir='ltr'>nostra</span> <span class='ocrx_word' id='word_1_101' title='bbox 2685 1966 2830 2031; x_wconf 88' lang='lat' dir='ltr'>tam</span> <span class='ocrx_word' id='word_1_102' title='bbox 2877 1957 2952 2028; x_wconf 90' lang='lat' dir='ltr'>in</span> <span class='ocrx_word' id='word_1_103' title='bbox 2992 1956 3391 2029; x_wconf 84' lang='lat' dir='ltr'>hominibus</span> <span class='ocrx_word' id='word_1_104' title='bbox 3434 1976 3646 2050; x_wconf 87' lang='lat' dir='ltr'>quam</span> <span class='ocrx_word' id='word_1_105' title='bbox 3686 1955 3762 2026; x_wconf 89' lang='lat' dir='ltr'>in</span> <span class='ocrx_word' id='word_1_106' title='bbox 3794 1954 3998 2026; x_wconf 88' lang='lat' dir='ltr'>terris</span> 
     </span>
     <span class='ocr_line' id='line_1_12' title="bbox 1169 2081 3998 2177; baseline -0.004 -16"><span class='ocrx_word' id='word_1_107' title='bbox 1169 2087 1262 2161; x_wconf 86' lang='lat' dir='ltr'>ad</span> <span class='ocrx_word' id='word_1_108' title='bbox 1322 2093 1554 2159; x_wconf 89' lang='lat' dir='ltr'>nostra</span> <span class='ocrx_word' id='word_1_109' title='bbox 1602 2083 1859 2158; x_wconf 83' lang='lat' dir='ltr'>fiscalia</span> <span class='ocrx_word' id='word_1_110' title='bbox 1908 2104 2355 2174; x_wconf 81' lang='lat' dir='ltr'>revocamus,</span> <span class='ocrx_word' id='word_1_111' title='bbox 2408 2083 2471 2156; x_wconf 88' lang='lat' dir='ltr'>si</span> <span class='ocrx_word' id='word_1_112' title='bbox 2521 2104 2680 2156; x_wconf 90' lang='lat' dir='ltr'>cum</span> <span class='ocrx_word' id='word_1_113' title='bbox 2727 2083 2897 2154; x_wconf 88' lang='lat' dir='ltr'>locis</span> <span class='ocrx_word' id='word_1_114' title='bbox 2947 2081 3457 2155; x_wconf 86' lang='lat' dir='ltr'>venerabilibus</span> <span class='ocrx_word' id='word_1_115' title='bbox 3511 2081 3819 2177; x_wconf 88' lang='lat' dir='ltr'>ipsorum</span> <span class='ocrx_word' id='word_1_116' title='bbox 3874 2081 3998 2152; x_wconf 89' lang='lat' dir='ltr'>in-</span> 
     </span>
     <span class='ocr_line' id='line_1_13' title="bbox 1174 2205 3996 2304; baseline -0.003 -18"><span class='ocrx_word' id='word_1_117' title='bbox 1174 2209 1552 2286; x_wconf 87' lang='lat' dir='ltr'>demnitate</span> <span class='ocrx_word' id='word_1_118' title='bbox 1605 2219 1876 2282; x_wconf 84' lang='lat' dir='ltr'>servata</span> <span class='ocrx_word' id='word_1_119' title='bbox 1918 2217 2388 2304; x_wconf 85' lang='lat' dir='ltr'>permutamus</span> <span class='ocrx_word' id='word_1_120' title='bbox 2433 2206 2820 2298; x_wconf 88' lang='lat' dir='ltr'>interdum,</span> <span class='ocrx_word' id='word_1_121' title='bbox 2870 2206 2930 2278; x_wconf 90' lang='lat' dir='ltr'>si</span> <span class='ocrx_word' id='word_1_122' title='bbox 2965 2208 3083 2300; x_wconf 86' lang='lat' dir='ltr'>jus</span> <span class='ocrx_word' id='word_1_123' title='bbox 3120 2205 3528 2279; x_wconf 84' lang='lat' dir='ltr'>electionum</span> <span class='ocrx_word' id='word_1_124' title='bbox 3569 2226 3665 2278; x_wconf 80' lang='lat' dir='ltr'>ex</span> <span class='ocrx_word' id='word_1_125' title='bbox 3708 2207 3996 2300; x_wconf 89' lang='lat' dir='ltr'>antiqua</span> 
     </span>
     <span class='ocr_line' id='line_1_14' title="bbox 1174 2330 4004 2432; baseline -0.002 -23"><span class='ocrx_word' id='word_1_126' title='bbox 1174 2335 1366 2432; x_wconf 88' lang='lat' dir='ltr'>regni</span> <span class='ocrx_word' id='word_1_127' title='bbox 1405 2334 1739 2429; x_wconf 79' lang='lat' dir='ltr'>dignitate</span> <span class='ocrx_word' id='word_1_128' title='bbox 1779 2333 2032 2406; x_wconf 86' lang='lat' dir='ltr'>nostris</span> <span class='ocrx_word' id='word_1_129' title='bbox 2078 2332 2634 2428; x_wconf 87' lang='lat' dir='ltr'>progenitoribus</span> <span class='ocrx_word' id='word_1_130' title='bbox 2675 2331 2986 2404; x_wconf 88' lang='lat' dir='ltr'>debitum</span> <span class='ocrx_word' id='word_1_131' title='bbox 3037 2350 3468 2403; x_wconf 81' lang='lat' dir='ltr'>reservamus</span> <span class='ocrx_word' id='word_1_132' title='bbox 3486 2381 3507 2419; x_wconf 99' lang='lat'>,</span> <span class='ocrx_word' id='word_1_133' title='bbox 3549 2330 3725 2401; x_wconf 85' lang='lat' dir='ltr'>nulli</span> <span class='ocrx_word' id='word_1_134' title='bbox 3772 2332 4004 2403; x_wconf 83' lang='lat' dir='ltr'>facere</span> 
     </span>
     <span class='ocr_line' id='line_1_15' title="bbox 1171 2453 4002 2556; baseline -0.002 -24"><span class='ocrx_word' id='word_1_135' title='bbox 1171 2469 1494 2556; x_wconf 86' lang='lat' dir='ltr'>putamus</span> <span class='ocrx_word' id='word_1_136' title='bbox 1531 2457 1855 2550; x_wconf 86' lang='lat' dir='ltr'>injuriam</span> <span class='ocrx_word' id='word_1_137' title='bbox 1893 2455 2062 2529; x_wconf 89' lang='lat' dir='ltr'>dum</span> <span class='ocrx_word' id='word_1_138' title='bbox 2098 2455 2358 2528; x_wconf 88' lang='lat' dir='ltr'>utimur</span> <span class='ocrx_word' id='word_1_139' title='bbox 2384 2453 2545 2547; x_wconf 88' lang='lat' dir='ltr'>jure</span> <span class='ocrx_word' id='word_1_140' title='bbox 2586 2464 2845 2528; x_wconf 87' lang='lat' dir='ltr'>nostro.</span> <span class='ocrx_word' id='word_1_141' title='bbox 2885 2456 3025 2526; x_wconf 88' lang='lat' dir='ltr'>Vos</span> <span class='ocrx_word' id='word_1_142' title='bbox 3067 2454 3272 2526; x_wconf 86' lang='lat' dir='ltr'>etiam</span> <span class='ocrx_word' id='word_1_143' title='bbox 3310 2454 3433 2548; x_wconf 87' lang='lat' dir='ltr'>qui</span> <span class='ocrx_word' id='word_1_144' title='bbox 3465 2455 3768 2548; x_wconf 88' lang='lat' dir='ltr'>quietem</span> <span class='ocrx_word' id='word_1_145' title='bbox 3821 2476 4002 2527; x_wconf 80' lang='lat' dir='ltr'>nos—</span> 
     </span>
     <span class='ocr_line' id='line_1_16' title="bbox 1176 2575 4006 2678; baseline -0.001 -23"><span class='ocrx_word' id='word_1_146' title='bbox 1176 2594 1350 2656; x_wconf 82' lang='lat' dir='ltr'>tram</span> <span class='ocrx_word' id='word_1_147' title='bbox 1400 2581 1757 2678; x_wconf 88' lang='lat' dir='ltr'>presertim</span> <span class='ocrx_word' id='word_1_148' title='bbox 1806 2580 1881 2651; x_wconf 92' lang='lat' dir='ltr'>in</span> <span class='ocrx_word' id='word_1_149' title='bbox 1928 2600 2140 2675; x_wconf 87' lang='lat' dir='ltr'>reguo</span> <span class='ocrx_word' id='word_1_150' title='bbox 2189 2579 2418 2652; x_wconf 88' lang='lat' dir='ltr'>Sicilie</span> <span class='ocrx_word' id='word_1_151' title='bbox 2455 2579 2864 2675; x_wconf 88' lang='lat' dir='ltr'>peroptatis,</span> <span class='ocrx_word' id='word_1_152' title='bbox 2904 2577 3219 2651; x_wconf 80' lang='lat' dir='ltr'>infideles</span> <span class='ocrx_word' id='word_1_153' title='bbox 3252 2579 3552 2673; x_wconf 86' lang='lat' dir='ltr'>prelatos</span> <span class='ocrx_word' id='word_1_154' title='bbox 3582 2587 3705 2650; x_wconf 89' lang='lat' dir='ltr'>aut</span> <span class='ocrx_word' id='word_1_155' title='bbox 3739 2575 4006 2652; x_wconf 78' lang='lat' dir='ltr'>infide-</span> 
     </span>
     <span class='ocr_line' id='line_1_17' title="bbox 1180 2699 4004 2799; baseline -0.001 -21"><span class='ocrx_word' id='word_1_156' title='bbox 1180 2706 1350 2778; x_wconf 90' lang='lat' dir='ltr'>lium</span> <span class='ocrx_word' id='word_1_157' title='bbox 1406 2725 1657 2799; x_wconf 87' lang='lat' dir='ltr'>genere</span> <span class='ocrx_word' id='word_1_158' title='bbox 1703 2702 2056 2799; x_wconf 87' lang='lat' dir='ltr'>proditos,</span> <span class='ocrx_word' id='word_1_159' title='bbox 2114 2700 2204 2775; x_wconf 89' lang='lat' dir='ltr'>de</span> <span class='ocrx_word' id='word_1_160' title='bbox 2237 2699 2498 2797; x_wconf 87' lang='lat' dir='ltr'>quibus</span> <span class='ocrx_word' id='word_1_161' title='bbox 2545 2723 2668 2798; x_wconf 90' lang='lat' dir='ltr'>pro</span> <span class='ocrx_word' id='word_1_162' title='bbox 2705 2709 3014 2797; x_wconf 88' lang='lat' dir='ltr'>tempore</span> <span class='ocrx_word' id='word_1_163' title='bbox 3041 2722 3293 2794; x_wconf 81' lang='lat' dir='ltr'>magua</span> <span class='ocrx_word' id='word_1_164' title='bbox 3339 2700 3701 2796; x_wconf 86' lang='lat' dir='ltr'>dispendia</span> <span class='ocrx_word' id='word_1_165' title='bbox 3757 2725 4004 2775; x_wconf 87' lang='lat' dir='ltr'>sumus</span> 
     </span>
     <span class='ocr_line' id='line_1_18' title="bbox 1183 2823 4008 2926; baseline -0.002 -21"><span class='ocrx_word' id='word_1_166' title='bbox 1183 2830 1488 2926; x_wconf 81' lang='lat' dir='ltr'>experti,</span> <span class='ocrx_word' id='word_1_167' title='bbox 1529 2827 1837 2903; x_wconf 75' lang='lat' dir='ltr'>ecclesiis</span> <span class='ocrx_word' id='word_1_168' title='bbox 1879 2826 2075 2922; x_wconf 78' lang='lat' dir='ltr'>regni</span> <span class='ocrx_word' id='word_1_169' title='bbox 2106 2824 2435 2921; x_wconf 82' lang='lat' dir='ltr'>preficere</span> <span class='ocrx_word' id='word_1_170' title='bbox 2467 2846 2605 2898; x_wconf 92' lang='lat' dir='ltr'>non</span> <span class='ocrx_word' id='word_1_171' title='bbox 2641 2823 2929 2897; x_wconf 70' lang='lat' dir='ltr'>velletis</span> <span class='ocrx_word' id='word_1_172' title='bbox 2970 2824 3329 2897; x_wconf 85' lang='lat' dir='ltr'>Salubrius</span> <span class='ocrx_word' id='word_1_173' title='bbox 3362 2826 3568 2898; x_wconf 87' lang='lat' dir='ltr'>etiam</span> <span class='ocrx_word' id='word_1_174' title='bbox 3603 2826 4008 2900; x_wconf 88' lang='lat' dir='ltr'>estimamus</span> 
     </span>
     <span class='ocr_line' id='line_1_19' title="bbox 1184 2950 4006 3050; baseline -0.001 -23"><span class='ocrx_word' id='word_1_175' title='bbox 1184 2955 1376 3050; x_wconf 86' lang='lat' dir='ltr'>quod</span> <span class='ocrx_word' id='word_1_176' title='bbox 1408 2953 1499 3026; x_wconf 89' lang='lat' dir='ltr'>ad</span> <span class='ocrx_word' id='word_1_177' title='bbox 1535 2962 1808 3047; x_wconf 85' lang='lat' dir='ltr'>tempus</span> <span class='ocrx_word' id='word_1_178' title='bbox 1842 2961 2040 3024; x_wconf 87' lang='lat' dir='ltr'>vacet</span> <span class='ocrx_word' id='word_1_179' title='bbox 2070 2951 2357 3023; x_wconf 87' lang='lat' dir='ltr'>ecclesia</span> <span class='ocrx_word' id='word_1_180' title='bbox 2385 2972 2598 3044; x_wconf 89' lang='lat' dir='ltr'>quam</span> <span class='ocrx_word' id='word_1_181' title='bbox 2622 2950 2823 3023; x_wconf 90' lang='lat' dir='ltr'>nobis</span> <span class='ocrx_word' id='word_1_182' title='bbox 2851 2950 3041 3022; x_wconf 89' lang='lat' dir='ltr'>sitin</span> <span class='ocrx_word' id='word_1_183' title='bbox 3077 2960 3486 3045; x_wconf 84' lang='lat' dir='ltr'>perpetuum</span> <span class='ocrx_word' id='word_1_184' title='bbox 3516 2951 3790 3023; x_wconf 84' lang='lat' dir='ltr'>nociva.</span> <span class='ocrx_word' id='word_1_185' title='bbox 3826 2953 4006 3024; x_wconf 85' lang='lat' dir='ltr'>Illud</span> 
     </span>
     <span class='ocr_line' id='line_1_20' title="bbox 1187 3061 4012 3168; baseline -0.001 -16"><span class='ocrx_word' id='word_1_186' title='bbox 1187 3090 1417 3152; x_wconf 88' lang='lat' dir='ltr'>tamen</span> <span class='ocrx_word' id='word_1_187' title='bbox 1446 3061 1736 3148; x_wconf 85' lang='lat' dir='ltr'>inficiari</span> <span class='ocrx_word' id='word_1_188' title='bbox 1780 3095 1918 3147; x_wconf 88' lang='lat' dir='ltr'>non</span> <span class='ocrx_word' id='word_1_189' title='bbox 1955 3071 2285 3147; x_wconf 82' lang='lat' dir='ltr'>volumus</span> <span class='ocrx_word' id='word_1_190' title='bbox 2320 3073 2514 3168; x_wconf 90' lang='lat' dir='ltr'>quod</span> <span class='ocrx_word' id='word_1_191' title='bbox 2541 3072 2889 3146; x_wconf 83' lang='lat' dir='ltr'>interdum</span> <span class='ocrx_word' id='word_1_192' title='bbox 2920 3073 3248 3146; x_wconf 88' lang='lat' dir='ltr'>officiales</span> <span class='ocrx_word' id='word_1_193' title='bbox 3276 3075 3489 3146; x_wconf 83' lang='lat' dir='ltr'>nostri</span> <span class='ocrx_word' id='word_1_194' title='bbox 3524 3074 3758 3146; x_wconf 85' lang='lat' dir='ltr'>subtili</span> <span class='ocrx_word' id='word_1_195' title='bbox 3796 3096 4012 3148; x_wconf 88' lang='lat' dir='ltr'>reve-</span> 
     </span>
     <span class='ocr_line' id='line_1_21' title="bbox 1188 3196 4012 3294; baseline -0.002 -18"><span class='ocrx_word' id='word_1_196' title='bbox 1188 3203 1408 3276; x_wconf 85' lang='lat' dir='ltr'>rentia</span> <span class='ocrx_word' id='word_1_197' title='bbox 1445 3202 1611 3273; x_wconf 87' lang='lat' dir='ltr'>tenti</span> <span class='ocrx_word' id='word_1_198' title='bbox 1649 3210 1719 3272; x_wconf 90' lang='lat' dir='ltr'>et</span> <span class='ocrx_word' id='word_1_199' title='bbox 1753 3197 2203 3294; x_wconf 80' lang='lat' dir='ltr'>superficialis</span> <span class='ocrx_word' id='word_1_200' title='bbox 2238 3198 2383 3271; x_wconf 89' lang='lat' dir='ltr'>zelo</span> <span class='ocrx_word' id='word_1_201' title='bbox 2423 3196 2587 3270; x_wconf 85' lang='lat' dir='ltr'>fidei</span> <span class='ocrx_word' id='word_1_202' title='bbox 2637 3199 2815 3269; x_wconf 87' lang='lat' dir='ltr'>ultra</span> <span class='ocrx_word' id='word_1_203' title='bbox 2849 3218 3062 3292; x_wconf 88' lang='lat' dir='ltr'>quam</span> <span class='ocrx_word' id='word_1_204' title='bbox 3098 3196 3298 3269; x_wconf 88' lang='lat' dir='ltr'>nobis</span> <span class='ocrx_word' id='word_1_205' title='bbox 3334 3197 3698 3292; x_wconf 83' lang='lat' dir='ltr'>expediret</span> <span class='ocrx_word' id='word_1_206' title='bbox 3733 3199 4012 3272; x_wconf 87' lang='lat' dir='ltr'>accensi-</span> 
     </span>
     <span class='ocr_line' id='line_1_22' title="bbox 1193 3320 4012 3418; baseline -0.001 -19"><span class='ocrx_word' id='word_1_207' title='bbox 1193 3327 1262 3399; x_wconf 89' lang='lat' dir='ltr'>in</span> <span class='ocrx_word' id='word_1_208' title='bbox 1294 3326 1735 3399; x_wconf 88' lang='lat' dir='ltr'>ecclesiarum</span> <span class='ocrx_word' id='word_1_209' title='bbox 1758 3333 1828 3397; x_wconf 88' lang='lat' dir='ltr'>et</span> <span class='ocrx_word' id='word_1_210' title='bbox 1862 3342 2304 3418; x_wconf 89' lang='lat' dir='ltr'>personarum</span> <span class='ocrx_word' id='word_1_211' title='bbox 2334 3320 2946 3394; x_wconf 88' lang='lat' dir='ltr'>ecclesiasticarum</span> <span class='ocrx_word' id='word_1_212' title='bbox 2977 3320 3295 3413; x_wconf 89' lang='lat' dir='ltr'>injuriam</span> <span class='ocrx_word' id='word_1_213' title='bbox 3328 3321 3805 3417; x_wconf 88' lang='lat' dir='ltr'>prolabuntur,</span> <span class='ocrx_word' id='word_1_214' title='bbox 3847 3344 4012 3396; x_wconf 87' lang='lat' dir='ltr'>cor-</span> 
     </span>
     <span class='ocr_line' id='line_1_23' title="bbox 1191 3443 4018 3543; baseline -0.001 -21"><span class='ocrx_word' id='word_1_215' title='bbox 1191 3449 1560 3525; x_wconf 85' lang='lat' dir='ltr'>rectionem</span> <span class='ocrx_word' id='word_1_216' title='bbox 1590 3467 1885 3543; x_wconf 88' lang='lat' dir='ltr'>quorum</span> <span class='ocrx_word' id='word_1_217' title='bbox 1916 3447 2188 3520; x_wconf 86' lang='lat' dir='ltr'>dilectis</span> <span class='ocrx_word' id='word_1_218' title='bbox 2218 3445 2670 3519; x_wconf 81' lang='lat' dir='ltr'>familiaribus</span> <span class='ocrx_word' id='word_1_219' title='bbox 2717 3445 2968 3518; x_wconf 86' lang='lat' dir='ltr'>nostris</span> <span class='ocrx_word' id='word_1_220' title='bbox 3000 3443 3170 3517; x_wconf 87' lang='lat' dir='ltr'>dum</span> <span class='ocrx_word' id='word_1_221' title='bbox 3212 3445 3284 3517; x_wconf 91' lang='lat' dir='ltr'>in</span> <span class='ocrx_word' id='word_1_222' title='bbox 3328 3446 3762 3519; x_wconf 87' lang='lat' dir='ltr'>Germaniam</span> <span class='ocrx_word' id='word_1_223' title='bbox 3799 3451 4018 3519; x_wconf 86' lang='lat' dir='ltr'>veni-</span> 
     </span>
     <span class='ocr_line' id='line_1_24' title="bbox 1190 3568 4010 3664; baseline -0.001 -18"><span class='ocrx_word' id='word_1_224' title='bbox 1190 3594 1425 3646; x_wconf 88' lang='lat' dir='ltr'>remus</span> <span class='ocrx_word' id='word_1_225' title='bbox 1446 3571 1782 3645; x_wconf 86' lang='lat' dir='ltr'>duximus</span> <span class='ocrx_word' id='word_1_226' title='bbox 1808 3568 2394 3658; x_wconf 88' lang='lat' dir='ltr'>committendam,</span> <span class='ocrx_word' id='word_1_227' title='bbox 2428 3590 2512 3642; x_wconf 91' lang='lat' dir='ltr'>ac</span> <span class='ocrx_word' id='word_1_228' title='bbox 2533 3568 2788 3642; x_wconf 90' lang='lat' dir='ltr'>deinde</span> <span class='ocrx_word' id='word_1_229' title='bbox 2813 3588 3175 3664; x_wconf 79' lang='lat' dir='ltr'>processus</span> <span class='ocrx_word' id='word_1_230' title='bbox 3200 3577 3467 3641; x_wconf 88' lang='lat' dir='ltr'>nostros</span> <span class='ocrx_word' id='word_1_231' title='bbox 3486 3569 3746 3643; x_wconf 88' lang='lat' dir='ltr'>ibidem</span> <span class='ocrx_word' id='word_1_232' title='bbox 3771 3571 4010 3643; x_wconf 86' lang='lat' dir='ltr'>divina</span> 
     </span>
     <span class='ocr_line' id='line_1_25' title="bbox 1192 3692 4016 3795; baseline -0.001 -24"><span class='ocrx_word' id='word_1_233' title='bbox 1192 3698 1495 3795; x_wconf 88' lang='lat' dir='ltr'>potentia</span> <span class='ocrx_word' id='word_1_234' title='bbox 1534 3697 1816 3769; x_wconf 85' lang='lat' dir='ltr'>feliciter</span> <span class='ocrx_word' id='word_1_235' title='bbox 1847 3696 2224 3788; x_wconf 85' lang='lat' dir='ltr'>dirigente,</span> <span class='ocrx_word' id='word_1_236' title='bbox 2264 3693 2527 3768; x_wconf 83' lang='lat' dir='ltr'>eisdem</span> <span class='ocrx_word' id='word_1_237' title='bbox 2571 3693 2938 3789; x_wconf 86' lang='lat' dir='ltr'>sepissime</span> <span class='ocrx_word' id='word_1_238' title='bbox 2969 3713 3093 3788; x_wconf 85' lang='lat' dir='ltr'>per</span> <span class='ocrx_word' id='word_1_239' title='bbox 3127 3692 3388 3767; x_wconf 83' lang='lat' dir='ltr'>litteras</span> <span class='ocrx_word' id='word_1_240' title='bbox 3419 3704 3686 3767; x_wconf 86' lang='lat' dir='ltr'>nostras</span> <span class='ocrx_word' id='word_1_241' title='bbox 3708 3694 4016 3768; x_wconf 88' lang='lat' dir='ltr'>manda—</span> 
     </span>
     <span class='ocr_line' id='line_1_26' title="bbox 1193 3816 4015 3913; baseline -0.001 -20"><span class='ocrx_word' id='word_1_242' title='bbox 1193 3823 1428 3894; x_wconf 82' lang='lat' dir='ltr'>vimus</span> <span class='ocrx_word' id='word_1_243' title='bbox 1451 3820 1624 3892; x_wconf 89' lang='lat' dir='ltr'>illud</span> <span class='ocrx_word' id='word_1_244' title='bbox 1643 3819 1826 3893; x_wconf 89' lang='lat' dir='ltr'>idem</span> <span class='ocrx_word' id='word_1_245' title='bbox 1848 3846 1868 3912; x_wconf 81' lang='lat'><em>3</em></span> <span class='ocrx_word' id='word_1_246' title='bbox 1901 3818 2365 3913; x_wconf 85' lang='lat' dir='ltr'>gratissimum</span> <span class='ocrx_word' id='word_1_247' title='bbox 2390 3818 2597 3893; x_wconf 88' lang='lat' dir='ltr'>etiam</span> <span class='ocrx_word' id='word_1_248' title='bbox 2610 3817 3005 3912; x_wconf 86' lang='lat' dir='ltr'>reputantes</span> <span class='ocrx_word' id='word_1_249' title='bbox 3029 3816 3220 3911; x_wconf 87' lang='lat' dir='ltr'>quod</span> <span class='ocrx_word' id='word_1_250' title='bbox 3244 3816 3711 3912; x_wconf 75' lang='lat' dir='ltr'>pei-dilectum</span> <span class='ocrx_word' id='word_1_251' title='bbox 3740 3816 4015 3891; x_wconf 83' lang='lat' dir='ltr'>fidelem</span> 
     </span>
     <span class='ocr_line' id='line_1_27' title="bbox 1197 3938 4016 4035; baseline -0.001 -19"><span class='ocrx_word' id='word_1_252' title='bbox 1197 3955 1502 4017; x_wconf 87' lang='lat' dir='ltr'>nostrum</span> <span class='ocrx_word' id='word_1_253' title='bbox 1566 3943 2032 4015; x_wconf 89' lang='lat' dir='ltr'>venerabilem</span> <span class='ocrx_word' id='word_1_254' title='bbox 2089 3941 2493 4035; x_wconf 85' lang='lat' dir='ltr'>magistrum</span> <span class='ocrx_word' id='word_1_255' title='bbox 2555 3939 2808 4012; x_wconf 87' lang='lat' dir='ltr'>domus</span> <span class='ocrx_word' id='word_1_256' title='bbox 2867 3938 3441 4012; x_wconf 87' lang='lat' dir='ltr'>Theutonicorum</span> <span class='ocrx_word' id='word_1_257' title='bbox 3512 3939 3702 4034; x_wconf 82' lang='lat' dir='ltr'>apud</span> <span class='ocrx_word' id='word_1_258' title='bbox 3764 3940 4016 4013; x_wconf 87' lang='lat' dir='ltr'>Sedem</span> 
     </span>
     <span class='ocr_line' id='line_1_28' title="bbox 1197 4060 4018 4163; baseline -0.002 -23"><span class='ocrx_word' id='word_1_259' title='bbox 1197 4066 1660 4163; x_wconf 87' lang='lat' dir='ltr'>Apostolicam</span> <span class='ocrx_word' id='word_1_260' title='bbox 1710 4065 2122 4138; x_wconf 83' lang='lat' dir='ltr'>existentem</span> <span class='ocrx_word' id='word_1_261' title='bbox 2167 4063 2274 4159; x_wconf 76' lang='lat' dir='ltr'>(t)</span> <span class='ocrx_word' id='word_1_262' title='bbox 2320 4062 2585 4136; x_wconf 81' lang='lat' dir='ltr'>exstitit</span> <span class='ocrx_word' id='word_1_263' title='bbox 2625 4083 2836 4159; x_wconf 88' lang='lat' dir='ltr'>super</span> <span class='ocrx_word' id='word_1_264' title='bbox 2869 4061 2980 4135; x_wconf 90' lang='lat' dir='ltr'>his</span> <span class='ocrx_word' id='word_1_265' title='bbox 3025 4061 3287 4136; x_wconf 90' lang='lat' dir='ltr'>eisdem</span> <span class='ocrx_word' id='word_1_266' title='bbox 3338 4063 3720 4155; x_wconf 81' lang='lat' dir='ltr'>injunctum</span> <span class='ocrx_word' id='word_1_267' title='bbox 3746 4114 3767 4153; x_wconf 94' lang='lat'>,</span> <span class='ocrx_word' id='word_1_268' title='bbox 3827 4060 4018 4134; x_wconf 87' lang='lat' dir='ltr'>idem</span> 
     </span>
    </p>
   </div>
   <div class='ocr_carea' id='block_1_2' title="bbox 1200 4341 4030 4915">
    <p class='ocr_par' dir='ltr' id='par_1_2' title="bbox 1200 4341 4030 4915">
     <span class='ocr_line' id='line_1_29' title="bbox 1272 4341 4022 4424; baseline -0.002 -17"><span class='ocrx_word' id='word_1_269' title='bbox 1272 4351 1346 4424; x_wconf 80' lang='lat' dir='ltr'>(t)</span> <span class='ocrx_word' id='word_1_270' title='bbox 1382 4349 1459 4407; x_wconf 88' lang='lat' dir='ltr'>De</span> <span class='ocrx_word' id='word_1_271' title='bbox 1479 4364 1629 4406; x_wconf 86' lang='lat' dir='ltr'>mora</span> <span class='ocrx_word' id='word_1_272' title='bbox 1652 4346 1892 4420; x_wconf 83' lang='lat' dir='ltr'>magistri</span> <span class='ocrx_word' id='word_1_273' title='bbox 1918 4344 2212 4403; x_wconf 80' lang='lat' dir='ltr'>Hermanni</span> <span class='ocrx_word' id='word_1_274' title='bbox 2238 4345 2292 4401; x_wconf 89' lang='lat' dir='ltr'>in</span> <span class='ocrx_word' id='word_1_275' title='bbox 2315 4344 2466 4401; x_wconf 84' lang='lat' dir='ltr'>curia</span> <span class='ocrx_word' id='word_1_276' title='bbox 2487 4343 2726 4401; x_wconf 83' lang='lat' dir='ltr'>Romana</span> <span class='ocrx_word' id='word_1_277' title='bbox 2753 4342 2892 4399; x_wconf 91' lang='lat' dir='ltr'>unde</span> <span class='ocrx_word' id='word_1_278' title='bbox 2917 4342 3097 4402; x_wconf 86' lang='lat' dir='ltr'>subito</span> <span class='ocrx_word' id='word_1_279' title='bbox 3120 4341 3222 4399; x_wconf 84' lang='lat' dir='ltr'>fuit</span> <span class='ocrx_word' id='word_1_280' title='bbox 3242 4358 3512 4412; x_wconf 68' lang='lat' dir='ltr'>rever-sna,</span> <span class='ocrx_word' id='word_1_281' title='bbox 3541 4342 3618 4400; x_wconf 83' lang='lat' dir='ltr'>cf.</span> <span class='ocrx_word' id='word_1_282' title='bbox 3639 4358 3804 4417; x_wconf 85' lang='lat' dir='ltr'>supra</span> <span class='ocrx_word' id='word_1_283' title='bbox 3824 4360 3881 4417; x_wconf 88' lang='lat' dir='ltr'>p.</span> <span class='ocrx_word' id='word_1_284' title='bbox 3913 4346 4022 4403; x_wconf 76' lang='lat'>825</span> 
     </span>
     <span class='ocr_line' id='line_1_30' title="bbox 1200 4440 4018 4520; baseline -0.004 -12"><span class='ocrx_word' id='word_1_285' title='bbox 1200 4457 1260 4508; x_wconf 88' lang='lat' dir='ltr'>et</span> <span class='ocrx_word' id='word_1_286' title='bbox 1276 4447 1475 4507; x_wconf 75' lang='lat' dir='ltr'>Annei.</span> <span class='ocrx_word' id='word_1_287' title='bbox 1515 4447 1715 4505; x_wconf 86' lang='lat' dir='ltr'>Worm.</span> <span class='ocrx_word' id='word_1_288' title='bbox 1738 4461 1829 4520; x_wconf 91' lang='lat' dir='ltr'>ap.</span> <span class='ocrx_word' id='word_1_289' title='bbox 1852 4445 2105 4514; x_wconf 66' lang='lat' dir='ltr'>Roma,</span> <span class='ocrx_word' id='word_1_290' title='bbox 2135 4443 2352 4512; x_wconf 69' lang='lat' dir='ltr'>Fonoes,</span> <span class='ocrx_word' id='word_1_291' title='bbox 2377 4447 2419 4499; x_wconf 81' lang='lat' dir='ltr'>t.</span> <span class='ocrx_word' id='word_1_292' title='bbox 2454 4443 2521 4513; x_wconf 84' lang='lat'>11,</span> <span class='ocrx_word' id='word_1_293' title='bbox 2551 4459 2612 4516; x_wconf 89' lang='lat' dir='ltr'>p.</span> <span class='ocrx_word' id='word_1_294' title='bbox 2641 4444 2769 4511; x_wconf 73' lang='lat'>⁴65,</span> <span class='ocrx_word' id='word_1_295' title='bbox 2795 4441 2893 4498; x_wconf 89' lang='lat' dir='ltr'>ubi</span> <span class='ocrx_word' id='word_1_296' title='bbox 2920 4441 3092 4513; x_wconf 61' lang='lat' dir='ltr'>ag’tur</span> <span class='ocrx_word' id='word_1_297' title='bbox 3112 4440 3180 4499; x_wconf 91' lang='lat' dir='ltr'>de</span> <span class='ocrx_word' id='word_1_298' title='bbox 3204 4440 3413 4513; x_wconf 79' lang='lat' dir='ltr'>negotio</span> <span class='ocrx_word' id='word_1_299' title='bbox 3441 4441 3603 4498; x_wconf 85' lang='lat' dir='ltr'>trium</span> <span class='ocrx_word' id='word_1_300' title='bbox 3623 4441 4018 4515; x_wconf 85' lang='lat' dir='ltr'>episcoporum,</span> 
     </span>
     <span class='ocr_line' id='line_1_31' title="bbox 1200 4538 4030 4616; baseline -0.002 -11"><span class='ocrx_word' id='word_1_301' title='bbox 1200 4547 1404 4606; x_wconf 88' lang='lat' dir='ltr'>scilicet</span> <span class='ocrx_word' id='word_1_302' title='bbox 1430 4543 1865 4614; x_wconf 88' lang='lat' dir='ltr'>Wormatiensis,</span> <span class='ocrx_word' id='word_1_303' title='bbox 1898 4541 2168 4616; x_wconf 87' lang='lat' dir='ltr'>Spirensis</span> <span class='ocrx_word' id='word_1_304' title='bbox 2193 4547 2249 4599; x_wconf 89' lang='lat' dir='ltr'>et</span> <span class='ocrx_word' id='word_1_305' title='bbox 2272 4539 2700 4613; x_wconf 80' lang='lat' dir='ltr'>Herbipolensis,</span> <span class='ocrx_word' id='word_1_306' title='bbox 2726 4554 2862 4612; x_wconf 87' lang='lat' dir='ltr'>quos</span> <span class='ocrx_word' id='word_1_307' title='bbox 2892 4539 3230 4596; x_wconf 85' lang='lat' dir='ltr'>Hermannus</span> <span class='ocrx_word' id='word_1_308' title='bbox 3252 4538 3561 4613; x_wconf 82' lang='lat' dir='ltr'>imperatori</span> <span class='ocrx_word' id='word_1_309' title='bbox 3586 4538 3947 4597; x_wconf 86' lang='lat' dir='ltr'>reconciliavit</span> <span class='ocrx_word' id='word_1_310' title='bbox 3967 4546 4030 4600; x_wconf 75' lang='lat' dir='ltr'>et</span> 
     </span>
     <span class='ocr_line' id='line_1_32' title="bbox 1204 4635 4025 4714; baseline -0.002 -13"><span class='ocrx_word' id='word_1_311' title='bbox 1204 4643 1260 4701; x_wconf 90' lang='lat' dir='ltr'>in</span> <span class='ocrx_word' id='word_1_312' title='bbox 1290 4643 1656 4701; x_wconf 84' lang='lat' dir='ltr'>Alemanniam</span> <span class='ocrx_word' id='word_1_313' title='bbox 1688 4641 1928 4712; x_wconf 82' lang='lat' dir='ltr'>reduxit,</span> <span class='ocrx_word' id='word_1_314' title='bbox 1958 4661 1984 4693; x_wconf 87' lang='lat'>«</span> <span class='ocrx_word' id='word_1_315' title='bbox 2013 4639 2331 4714; x_wconf 86' lang='lat' dir='ltr'>promittens</span> <span class='ocrx_word' id='word_1_316' title='bbox 2360 4637 2580 4695; x_wconf 89' lang='lat' dir='ltr'>domino</span> <span class='ocrx_word' id='word_1_317' title='bbox 2602 4652 2777 4711; x_wconf 88' lang='lat' dir='ltr'>papae</span> <span class='ocrx_word' id='word_1_318' title='bbox 2801 4637 2947 4710; x_wconf 88' lang='lat' dir='ltr'>ipsos</span> <span class='ocrx_word' id='word_1_319' title='bbox 2974 4636 3175 4710; x_wconf 85' lang='lat' dir='ltr'>gratiae</span> <span class='ocrx_word' id='word_1_320' title='bbox 3207 4635 3404 4693; x_wconf 90' lang='lat' dir='ltr'>domini</span> <span class='ocrx_word' id='word_1_321' title='bbox 3442 4636 3778 4713; x_wconf 87' lang='lat' dir='ltr'>imperatoris</span> <span class='ocrx_word' id='word_1_322' title='bbox 3799 4638 4025 4698; x_wconf 87' lang='lat' dir='ltr'>honeste</span> 
     </span>
     <span class='ocr_line' id='line_1_33' title="bbox 1206 4732 4027 4809; baseline -0.001 -11"><span class='ocrx_word' id='word_1_323' title='bbox 1206 4746 1261 4798; x_wconf 89' lang='lat' dir='ltr'>et</span> <span class='ocrx_word' id='word_1_324' title='bbox 1297 4743 1590 4797; x_wconf 89' lang='lat' dir='ltr'>secundum</span> <span class='ocrx_word' id='word_1_325' title='bbox 1624 4741 1951 4798; x_wconf 81' lang='lat' dir='ltr'>voluntatem</span> <span class='ocrx_word' id='word_1_326' title='bbox 1995 4753 2180 4795; x_wconf 86' lang='lat' dir='ltr'>eorum</span> <span class='ocrx_word' id='word_1_327' title='bbox 2224 4736 2524 4794; x_wconf 88' lang='lat' dir='ltr'>restituere.</span> <span class='ocrx_word' id='word_1_328' title='bbox 2564 4756 2591 4785; x_wconf 69' lang='grc' dir='ltr'>ι·</span> <span class='ocrx_word' id='word_1_329' title='bbox 2618 4736 2749 4792; x_wconf 86' lang='lat' dir='ltr'>Rem</span> <span class='ocrx_word' id='word_1_330' title='bbox 2799 4739 2978 4791; x_wconf 89' lang='lat' dir='ltr'>tamen</span> <span class='ocrx_word' id='word_1_331' title='bbox 3010 4733 3077 4790; x_wconf 85' lang='lat' dir='ltr'>ad</span> <span class='ocrx_word' id='word_1_332' title='bbox 3115 4732 3335 4792; x_wconf 87' lang='lat' dir='ltr'>alteram</span> <span class='ocrx_word' id='word_1_333' title='bbox 3372 4734 3664 4792; x_wconf 80' lang='lat' dir='ltr'>Hermanni</span> <span class='ocrx_word' id='word_1_334' title='bbox 3702 4735 4027 4809; x_wconf 85' lang='lat' dir='ltr'>legationem</span> 
     </span>
     <span class='ocr_line' id='line_1_34' title="bbox 1206 4839 2355 4915; baseline -0.004 -17"><span class='ocrx_word' id='word_1_335' title='bbox 1206 4839 1366 4914; x_wconf 85' lang='lat' dir='ltr'>paulo</span> <span class='ocrx_word' id='word_1_336' title='bbox 1388 4847 1509 4914; x_wconf 82' lang='lat' dir='ltr'>post</span> <span class='ocrx_word' id='word_1_337' title='bbox 1530 4840 1887 4915; x_wconf 85' lang='lat' dir='ltr'>reponendam</span> <span class='ocrx_word' id='word_1_338' title='bbox 1906 4854 2032 4897; x_wconf 84' lang='lat' dir='ltr'>esse</span> <span class='ocrx_word' id='word_1_339' title='bbox 2053 4851 2355 4896; x_wconf 84' lang='lat' dir='ltr'>censemus.</span> 
     </span>
    </p>
   </div>
  </div>
 </body>
</html>
