4842 5802
835 593 1029 653 lxmcr.
1072 587 1188 672 10.]
1725 584 2117 646 HISTORIA
2167 584 2751 648 DIPLOMATICA.
3530 582 3651 644 915

833 726 1097 818 objecte
1146 721 1483 819 principio
1519 721 1632 793 vel
1668 720 1908 792 saltem
1950 719 2309 816 participio
2360 742 2499 793 non
2537 743 2768 795 carere
2812 721 3175 796 conscribit
3210 719 3356 819 (l),
3389 720 3653 812 justitie

835 870 1073 922 norma
1104 869 1242 920 non
1278 845 1590 940 sequitur
1621 853 1687 916 et
1711 841 2082 936 justificata
2113 843 2186 914 in
2222 844 2370 916 suis
2400 845 2724 939 operibus
2755 847 3009 919 veritas
3042 845 3439 918 detestatur.
3479 843 3650 915 Cum

834 974 1017 1047 enim
1049 971 1139 1044 ad
1176 970 1575 1064 exemplum
1613 967 2010 1040 mediatoris
2036 968 2157 1040 Dei
2190 977 2260 1040 et
2289 969 2674 1058 hominum,
2698 971 2818 1064 qui
2856 981 2932 1042 ut
2955 991 3196 1066 pacem
3226 970 3403 1041 inter
3431 969 3648 1040 Deum

834 1106 901 1169 et
933 1095 1283 1168 hominem
1315 1095 1743 1183 reformaret,
1772 1112 1912 1165 non
1936 1099 2042 1164 est
2076 1092 2365 1165 formam
2399 1094 2751 1189 suscipere
2789 1094 3204 1188 dedignatus
3237 1092 3647 1182 humanam,

835 1220 1169 1292 scissuras
1204 1217 1544 1291 scismatis
1581 1215 1676 1288 ad
1703 1214 2163 1309 integritatem
2191 1215 2522 1289 reducere
2556 1218 2838 1289 unitatis
2872 1216 3090 1290 Sedes
3125 1214 3516 1312 Apostolica
3546 1224 3657 1287 te—

838 1352 1115 1432 neatur,
1171 1353 1478 1415 nostrum
1527 1361 1669 1434 quo
1720 1342 1865 1413 Deo
1921 1350 1992 1414 et
2042 1340 2304 1413 homini
2358 1341 2800 1434 astringimur
2845 1342 3194 1414 servitutis
3236 1338 3540 1414 officium
3588 1338 3658 1411 in

840 1467 1245 1541 Lombardia
1278 1488 1404 1561 pro
1436 1465 1747 1539 sedanda
1782 1465 2049 1562 imperii
2083 1473 2152 1538 et
2181 1465 2727 1539 Lombardorum
2764 1465 3108 1539 discordia
3143 1466 3471 1559 compulit
3500 1465 3658 1537 des-

845 1592 1065 1664 tinare
1088 1592 1432 1684 legatum,
1474 1589 1596 1683 qui
1644 1597 1712 1661 et
1746 1588 2159 1662 dissidentes
2201 1589 2292 1662 ad
2340 1587 2693 1683 imperiale
2742 1588 3141 1661 mandatum
3194 1587 3664 1661 reconciliatos

844 1715 1202 1789 reduceret
1223 1722 1293 1787 et
1329 1713 1509 1786 inter
1536 1714 1827 1808 populos
1855 1713 2327 1787 discordantes
2358 1714 2548 1807 pacis
2586 1714 2816 1786 federa
2846 1715 3283 1804 reformaret,
3323 1734 3453 1805 nec
3491 1712 3663 1785 illud

845 1848 1153 1913 nostrum
1207 1847 1346 1911 tam
1398 1847 1749 1928 sanctum,
1791 1847 1932 1908 tam
1978 1836 2254 1910 salubre
2300 1836 2522 1932 potuit
2576 1837 2909 1933 impedire
2931 1892 2950 1926 ‚
2990 1836 3116 1910 sed
3163 1838 3392 1932 potius
3428 1836 3669 1910 debuit

844 1961 1177 2055 adJuvare
1233 1962 1653 2055 propositum
1704 1959 1898 2054 quod
1948 1968 2015 2033 te
2062 1960 2135 2030 in
2188 1959 2668 2032 Lombardiam
2723 1982 2848 2055 pro
2901 1959 3316 2055 extirpanda
3373 1960 3670 2033 heretica

849 2088 1224 2181 pravitate,
1259 2085 1575 2158 subsidio
1610 2087 1814 2157 Terre
1846 2085 2096 2157 Sancte
2136 2092 2204 2157 et
2237 2084 2751 2179 recuperatione
2790 2084 3052 2177 jurium
3084 2084 3390 2157 Ecclesie
3416 2105 3500 2156 ac
3528 2084 3668 2155 im-

850 2210 1022 2303 perii
1063 2230 1330 2282 necnon
1363 2231 1487 2304 pro
1521 2209 2003 2282 reformatione
2037 2208 2230 2304 pacis
2267 2208 2733 2303 proclamabas
2773 2229 2925 2281 esse
2959 2218 3355 2282 venturum.
3402 2208 3573 2279 Nam
3611 2209 3671 2280 si

850 2341 918 2406 te
948 2331 1042 2404 ad
1076 2332 1150 2405 id
1186 2333 1453 2427 imperii
1491 2333 1885 2405 reformatio
1932 2333 2289 2424 invitavit,
2329 2353 2456 2405 nos
2493 2353 2702 2405 causa
2734 2333 3000 2427 imperii
3038 2334 3237 2424 cujus
3275 2333 3673 2406 deformatio

855 2458 924 2528 in
973 2456 1415 2551 dispendium
1450 2457 1751 2529 Ecclesie
1785 2457 2090 2529 Romane
2132 2456 2515 2549 redundat,
2556 2457 2999 2530 ecclesiarum
3044 2457 3302 2529 utilitas
3335 2478 3473 2550 que
3520 2457 3670 2530 lon-

854 2602 1020 2675 gum
1056 2580 1190 2653 sub
1221 2580 1552 2653 bellorum
1578 2581 1905 2653 fluctibns
1933 2579 2296 2652 dissidium
2331 2581 2586 2675 patitur
2617 2589 2685 2652 et
2721 2581 3104 2653 animarum
3141 2581 3518 2674 periculum
3549 2602 3671 2675 pro

855 2705 1111 2798 quibus
1147 2705 1517 2800 possessori
1550 2705 1680 2778 celi
1717 2714 1786 2777 et
1820 2714 1998 2778 terre
2047 2704 2137 2778 ad
2189 2705 2621 2777 ratiocinium
2659 2704 3072 2798 obligamur,
3111 2702 3201 2776 ad
3244 2705 3672 2797 procuranda

861 2827 1042 2901 bona
1073 2828 1437 2901 concordie
1471 2827 1860 2903 debuerunt
1895 2830 2137 2903 fortius
2172 2828 2541 2903 excitasse.
2565 2827 2765 2900 Unde
2805 2827 2975 2899 nihil
3007 2826 3096 2900 de
3122 2835 3240 2900 tuo
3268 2828 3425 2920 jure
3460 2850 3673 2901 usur-

853 2974 1094 3048 passe,
1131 2953 1220 3026 de
1246 2964 1368 3027 tuo
1399 2954 1607 3044 nihil,
1646 2954 1802 3028 licet
1844 2953 2262 3028 contrarium
2298 2976 2594 3046 asseras,
2629 2974 3002 3048 occupasse
3036 2953 3261 3026 officio
3296 2953 3667 3045 credimur,

855 3078 912 3149 si
949 3098 1077 3150 nos
1113 3077 1204 3150 de
1236 3098 1533 3172 quorum
1562 3079 1849 3152 consilio
1895 3088 1964 3152 te
1998 3077 2088 3150 ad
2126 3078 2202 3151 id
2234 3079 2305 3151 in
2343 3079 2711 3174 principio,
2752 3078 2979 3151 medio
3025 3087 3093 3150 et
3139 3075 3274 3150 fine
3312 3077 3677 3171 procedere

856 3202 1035 3273 sicut
1064 3201 1322 3295 pluries
1349 3203 1719 3297 promisisti
1763 3203 2123 3287 decuerat,
2150 3204 2446 3299 prompti
2478 3213 2784 3277 nostrum
2817 3223 3088 3275 summo
3120 3201 3439 3275 creditori
3472 3204 3681 3275 exol-

862 3345 1031 3397 vere
1062 3324 1373 3398 debitum
1405 3325 1826 3398 invenimur.
1864 3326 2094 3410 Quare
2120 3327 2453 3420 premissa
2473 3380 2493 3417 ,
2526 3348 2716 3399 more
2750 3325 3031 3397 artificis
3063 3327 3260 3418 cujus
3284 3324 3675 3399 considera-

859 3447 1029 3519 tioni
1065 3469 1143 3520 se
1178 3448 1493 3541 primitus
1520 3449 1981 3543 offeruntque
2012 3449 2253 3522 ultimo
2284 3450 2353 3521 in
2382 3451 2777 3545 operatione
2808 3459 3260 3539 concurrunt,
3285 3449 3680 3541 diligentius

863 3568 1316 3662 attendentes,
1355 3570 1547 3643 illum
1576 3580 1655 3642 ut
1688 3591 1810 3666 per
1849 3593 2009 3644 eum
2046 3582 2354 3644 nostrum
2385 3573 2824 3665 impleremus
2854 3573 3312 3644 ministerium
3343 3572 3677 3665 elegimus

865 3693 938 3764 in
976 3693 1107 3768 hac
1136 3705 1328 3788 parte
1359 3694 1786 3785 ministrum,
1819 3694 1940 3788 qui
1981 3704 2051 3767 et
2093 3695 2217 3766 tibi
2260 3705 2327 3766 et
2362 3694 2915 3789 quibuscumque
2946 3694 3498 3767 discordantibus
3534 3696 3679 3768 mi-

864 3819 1015 3890 nori
1068 3828 1297 3913 posset
1330 3818 1567 3891 haberi
1604 3819 1869 3891 ratione
1914 3828 2305 3913 suspectus,
2352 3838 2495 3911 qno
2545 3819 2695 3909 ejus
2738 3840 2932 3889 mens
2983 3819 3266 3889 terrenis
3316 3818 3681 3891 desideriis

866 3942 1177 4014 absoluta
1214 3943 1361 4014 suis
1410 3943 1681 4015 actibus
1730 3942 2042 4015 fermenti
2080 3942 2310 4014 minus
2353 3941 2692 4035 ingereret
2744 3940 2886 4013 odii
2936 3941 3043 4012 vel
3091 3941 3376 4033 amoris,
3414 3942 3537 4035 qui
3579 3964 3682 4015 se-

862 4066 1090 4160 ipsum
1122 4074 1193 4138 et
1225 4087 1353 4137 sua
1384 4065 1781 4158 relinquens
1806 4064 1879 4135 in
1905 4063 2126 4136 divini
2163 4065 2415 4138 amoris
2445 4064 2873 4137 altitudinem
2901 4064 3262 4137 evolasset.
3300 4066 3471 4150 Quis
3497 4066 3679 4138 illius

864 4189 1233 4263 sinceritati
1273 4210 1517 4282 rugam
1559 4188 1971 4284 suspicionis
2007 4189 2338 4281 objicere,
2376 4188 2535 4282 quis
2590 4188 2776 4261 illius
2825 4187 3189 4283 puritatem
3222 4208 3404 4261 nevo
3439 4187 3673 4284 dupli-

865 4313 1090 4385 citatis
1118 4314 1431 4409 opposito
1464 4313 1709 4407 poterit
1735 4312 2105 4404 offuscare,
2137 4333 2345 4407 quem
2383 4321 2700 4406 suscepta
2729 4311 3169 4406 professionis
3204 4311 3405 4385 beate
3439 4311 3677 4406 religio

942 4516 1011 4586 (1)
1047 4514 1199 4570 nanc
1221 4512 1559 4586 imperatoris
1586 4512 1866 4586 epistolam
1893 4512 2090 4570 frustm
2120 4511 2548 4585 disquisivimus,
2578 4526 2755 4585 neque
2791 4510 2988 4568 nullam
3013 4510 3173 4568 aliam
3207 4512 3324 4586 ejus
3354 4512 3678 4572 mentionem

872 4611 1190 4666 invenimus·
1209 4610 1264 4666 Si
1289 4610 1412 4683 quis
1436 4625 1564 4667 vero
1592 4609 1817 4667 miretur
1837 4609 1980 4683 quod
2005 4609 2062 4666 in
2088 4609 2309 4682 regestis
2343 4606 2643 4682 papalibus,
2672 4613 2733 4664 ut
2759 4606 2984 4678 solebat,
3003 4607 3323 4682 transcripta
3355 4624 3458 4667 non
3494 4609 3673 4682 fuerit,

874 4707 1173 4764 omissionis
1198 4721 1416 4765 causam
1438 4722 1506 4764 ex
1534 4706 1727 4764 acriori
1747 4706 1969 4766 forsitan
1994 4705 2275 4764 scribentis
2296 4704 2438 4779 stylo
2461 4704 2720 4779 suspicari
2753 4703 2967 4779 poterit.
