4842 5802
829 675 1027 735 luutcr.
1061 668 1147 754 9.]
1729 667 2119 729 HISTORIA
2169 667 2756 728 DIPLOMATmA.
3534 664 3654 726 885

830 806 1033 879 sidua
1069 806 1311 879 decem
1347 802 1563 875 millia
1595 824 1981 875 marcarum
2018 803 2112 877 ad
2146 803 2581 897 subsequens
2616 804 2867 875 festum
2897 803 3117 875 sancti
3148 801 3516 875 Michaelis.
3560 802 3647 875 Et

829 951 991 1002 cum
1024 930 1114 1003 de
1152 926 1553 1023 quindecim
1592 926 1895 999 millibus
1939 926 2189 998 marcis
2234 926 2436 998 vobis
2482 927 2625 1017 jam
2661 927 2905 998 solutis
2940 927 3200 999 litteras
3239 925 3647 998 excellentie

826 1062 1055 1126 vestre
1088 1050 1400 1125 nondum
1430 1051 1890 1145 receperimus
1920 1048 2011 1121 de
2043 1049 2336 1143 pecunie
2365 1049 2673 1144 predicte
2704 1050 3107 1144 quietantia,
3149 1051 3414 1144 placeat
3449 1049 3651 1121 vobis

828 1198 946 1249 eas
1008 1177 1210 1249 nobis
1260 1174 1749 1265 transmittere,
1798 1173 2254 1269 precipientes
2314 1173 2596 1267 insuper
2652 1184 2731 1245 ut
2783 1174 3174 1246 consimiles
3221 1174 3421 1245 nobis
3483 1171 3651 1245 fiant

829 1299 1138 1372 terminis
1173 1300 1461 1389 suturis,
1501 1298 1653 1371 sine
1688 1298 1942 1391 quibus
1968 1318 2106 1370 non
2143 1296 2491 1371 mediocre
2519 1298 2899 1392 periculum
2937 1298 3137 1370 nobis
3173 1307 3399 1391 posset
3424 1298 3649 1369 immi-

831 1444 1018 1497 nere.
1054 1424 1291 1496 Cetera
1317 1421 1603 1516 quidem
1633 1420 1724 1494 de
1763 1421 2039 1515 negotio
2073 1430 2306 1493 nostro
2342 1420 2705 1493 dominum
2751 1443 2984 1515 regem
3013 1422 3294 1494 Francie
3324 1431 3649 1513 tangente

831 1547 1195 1641 posuimus
1238 1545 1310 1615 in
1357 1565 1476 1617 ore
1513 1543 1979 1639 predictorum
2037 1544 2447 1617 nunciorum
2503 1553 2891 1617 nostrorum
2937 1544 3136 1617 vobis
3182 1543 3640 1639 explicanda3

831 1670 1090 1764 quibus
1115 1670 1473 1742 intellectis
1492 1668 1850 1740 consilium
1874 1668 2081 1763 quale
2099 1667 2296 1741 decet
2320 1667 2902 1763 magnificentiam
2925 1669 3346 1763 imperialem
3366 1678 3435 1740 et
3462 1668 3651 1741 unde

831 1793 1034 1866 vobis
1072 1793 1296 1866 honor
1342 1801 1717 1887 perpetuus
1754 1801 2097 1865 accrescat
2129 1802 2198 1864 et
2228 1802 2462 1866 nostra
2501 1803 2800 1887 potestas
2849 1802 3212 1887 augeatur,
3247 1791 3474 1866 eidem
3524 1814 3648 1865 ne·

830 1918 1016 2011 gotio
1049 1917 1107 1989 si
1151 1918 1370 2012 placet
1405 1926 1714 2011 potenter
1749 1917 2081 1990 adhibere
2116 1917 2367 1989 velitis.
2402 1919 2674 1989 Placeat
2714 1917 3049 2009 majestati
3089 1927 3317 1990 vestre
3361 1937 3485 2010 per
3529 1938 3648 1989 eos

833 2042 1113 2114 nuntios
1145 2050 1409 2112 nostros
1434 2041 1634 2113 nobis
1668 2041 2108 2112 renuncietis.

930 2164 1129 2235 Teste
1158 2183 1322 2255 rege
1354 2163 1547 2257 apud
1580 2162 1989 2253 Bristollam‚
2029 2163 2223 2234 XXX
2251 2162 2369 2235 die
2396 2162 2603 2255 junii,
2644 2159 2853 2259 [anno
2889 2161 3271 2260 vicesimo].

938 2749 1363 2832 Fridericus
1389 2811 1413 2856 ,
1489 2751 2005 2833 Romanorum
2090 2752 2535 2859 imperator,
2621 2753 3098 2861 privilegium
3189 2757 3650 2838 monasterio

829 2880 1501 2992 Berchtesgadensi
1553 2893 1892 2990 tempore
1936 2884 2153 2993 regni
2191 2884 2308 2966 sui
2355 2910 2558 2967 anno
2602 2886 2846 2992 1213,
2903 2888 3000 2966 15
3037 2884 3447 2994 februarii,
3486 2914 3532 2971 a
3570 2914 3650 2970 se

830 3015 1244 3118 indultum,
1288 3015 1550 3096 inserit
1587 3025 1661 3097 et
1703 3018 2139 3099 renovando
2173 3016 2601 3100 confirmat.

990 3239 1295 3321 (Editum,
1346 3244 1565 3303 inserto
1615 3244 1742 3318 ipso
1787 3244 2102 3319 diplomate
2154 3248 2363 3321 priori,
2407 3249 2470 3305 iu
2516 3247 2738 3319 Hmvn,
2777 3247 3022 3327 Metrop.
3066 3246 3302 3320 Salisb„
3352 3256 3496 3311 tom.
3544 3251 3641 3322 11,

1067 3364 1129 3422 p.
1172 3356 1308 3417 182,
1336 3354 1396 3406 et
1430 3363 1523 3423 ap.
1552 3347 1814 3408 Monam.
1846 3349 2032 3424 Boia,
2060 3357 2106 3408 t.
2146 3350 2338 3424 XXX,
2369 3370 2431 3428 p.
2466 3361 2766 3426 246·248,
2806 3370 2975 3414 num.
3006 3353 3317 3428 Dccxm,
3350 3373 3425 3415 ex
3454 3360 3645 3435 origi-

1069 3453 1191 3511 nali
1218 3452 1376 3512 unde
1401 3453 1660 3530 sigillum
1684 3455 1857 3515 valde
1882 3457 2106 3516 laesum
2138 3459 2428 3534 appendet
2461 3476 2537 3519 ex
2567 3459 2684 3520 filis
2708 3463 2907 3521 sericis
2942 3460 3105 3521 rubri
3133 3462 3381 3540 coloris.)

928 3647 1004 3718 In
1049 3645 1329 3716 nomine
1364 3655 1599 3718 sancte
1632 3656 1703 3718 et
1739 3647 2105 3721 individue
2144 3650 2521 3722 Trinitatis.
2566 3651 2952 3724 Fridericus
2987 3654 3366 3744 secunduS,
3406 3657 3642 3729 divina

831 3772 1106 3843 favente
1165 3771 1522 3843 clementia
1582 3772 2041 3844 Romanorum
2094 3773 2462 3869 imperator
2521 3797 2790 3870 semper
2846 3789 3216 3872 augustuS,
3270 3782 3642 3854 Jerusalem

830 3906 900 3968 et
946 3895 1177 3968 Sicilie
1224 3917 1375 3967 rex,
1421 3896 1799 3989 Imperialis
1847 3899 2253 3972 excellentia
2308 3909 2474 3971 tunc
2526 3903 2852 3995 precipue
2892 3905 3000 3974 sui
3056 3906 3354 3978 nominis
3411 3908 3644 3980 titulos

832 4020 1146 4114 ampliat,
1184 4040 1343 4090 cum
1378 4018 1615 4092 divine
1650 4020 1924 4116 pietatis
1970 4021 2222 4094 intuitu
2267 4044 2390 4117 per
2442 4045 2652 4117 quam
2705 4036 2931 4119 preest
2978 4027 3407 4123 principibus
3459 4033 3647 4105 orbis

831 4152 1032 4232 terre,
1065 4146 1214 4216 loca
1245 4145 1665 4218 venerabilia
1692 4147 1807 4240 pia
1832 4147 2080 4218 mentis
2114 4146 2474 4220 affectione
2510 4157 2781 4238 tuetur„
2807 4161 2876 4223 et
2909 4152 3131 4243 justas
3167 4174 3404 4225 eorum
3453 4157 3650 4227 favo-

832 4266 1134 4340 rabiliter
1188 4269 1549 4363 petitiones
1601 4267 1920 4340 admittit.
1982 4270 2355 4364 Eapropter
2403 4271 2749 4344 universis
2802 4273 3071 4368 imperii
3128 4273 3452 4348 fidelibus
3506 4289 3645 4351 tam

834 4393 1264 4482 presentibus
1312 4415 1523 4487 quam
1570 4394 1818 4465 futuris
1866 4394 2190 4465 volumus
2244 4416 2396 4467 esse
2455 4404 2693 4467 notum
2753 4399 2944 4490 quod
2984 4453 3002 4470 .
3033 4454 3049 4469 .
3080 4453 3096 4470 .
3143 4401 3529 4494 prepositus
3577 4414 3648 4473 et

833 4527 1215 4590 conventus
1277 4519 1665 4591 monasterii
1733 4519 2523 4614 Berhtersgademensis,
2587 4520 2825 4595 fideles
2894 4524 3144 4612 nostri,
3212 4525 3646 4620 privilegium

833 4640 1182 4734 quoddam
1231 4642 1457 4715 eidem
1497 4644 1909 4717 monasterio
1946 4667 1989 4717 a
2028 4644 2229 4717 nobis
2265 4645 2610 4718 indultum
2647 4648 2809 4719 olim
2848 4658 3150 4744 tempore
3194 4652 3387 4744 regni
3433 4652 3647 4723 nostri

834 4774 1064 4836 nostre
1101 4764 1490 4838 celsitudini
1522 4777 2031 4862 presentarunt,
2081 4768 2431 4843 humiliter
2475 4771 2938 4866 supplicantes
2969 4781 3046 4845 ut
3082 4773 3256 4847 illud
3291 4796 3450 4847 cum
3498 4797 3648 4849 om-
