4842 5802
815 584 1012 648 lxmcr.
1041 584 1129 662 9.]
1713 583 2100 646 HISTORIA
2153 584 2734 647 DIPLOMATICA.
3507 584 3629 646 899

817 720 1100 792 tenebit.
1149 719 1391 791 Veniet
1438 728 1668 791 autem
1701 717 1798 814 (a)
1834 727 1902 792 et
1945 721 2318 793 morabitur
2368 722 2500 793 sub
2543 719 2957 815 protectione
3004 719 3338 814 imperiali
3386 720 3458 791 in
3499 741 3626 791 ec-

819 844 1029 916 clesia
1064 852 1133 913 et
1165 844 1441 914 civitate
1477 864 1639 930 sua,
1675 844 1834 935 jura
1880 844 2260 939 spiritualia
2305 844 2715 919 exercendo.
2769 842 3085 915 Promisit
3124 842 3407 938 insuper
3435 844 3622 936 quod

818 967 877 1038 si
911 965 1221 1040 secundo
1255 964 1359 1061 (Ρ)
1395 965 1485 1038 de
1525 966 1728 1037 bonis
1762 967 1872 1038 vel
1909 967 2141 1060 aliqua
2177 968 2267 1041 de
2310 968 2538 1041 feudis
2571 967 2858 1039 ecclesie
2892 966 3326 1058 vacaverint,
3362 967 3621 1038 nullam

816 1090 1294 1163 alienationem
1335 1090 1451 1162 vel
1487 1090 1915 1164 collationem
1946 1090 2248 1185 aliquam
2298 1091 2501 1163 faciet
2535 1091 2685 1162 sine
2721 1088 3154 1162 conniventia
3189 1096 3258 1159 et
3289 1110 3623 1161 consensu

816 1212 1099 1308 capituli
1147 1213 1560 1284 confratrum
1610 1234 1897 1284 suorum
1958 1220 2027 1285 et
2076 1208 2621 1285 ministerialium
2677 1212 2960 1285 ecclesie
3012 1210 3314 1284 fidelium
3364 1221 3625 1283 nostro·

817 1356 997 1426 rum,
1047 1357 1174 1407 nec
1219 1335 1520 1431 ipsorum
1569 1336 1907 1407 bonorum
1961 1336 2112 1408 sive
2167 1337 2437 1409 illorum
2485 1357 2623 1429 que
2658 1336 2790 1407 sibi
2842 1336 2910 1405 in
2954 1334 3097 1406 vita
3139 1354 3264 1405 sua
3308 1331 3400 1405 ad
3462 1356 3625 1405 usus

818 1478 979 1532 suos
1022 1460 1333 1550 retinuit,
1378 1459 1634 1530 nullam
1681 1459 2169 1552 obligationem
2223 1482 2347 1532 seu
2398 1460 2934 1532 subtractionem
2976 1459 3178 1530 faciet
3213 1458 3354 1529 ullo
3388 1457 3620 1530 modo.

818 1581 1133 1655 Promisit
1164 1583 1370 1654 etiam
1407 1582 1612 1676 plena
1668 1580 1805 1655 fide
1835 1583 2023 1678 quod
2065 1584 2298 1678 aliquo
2331 1584 2537 1656 modo
2567 1582 2663 1677 (b)
2709 1583 2985 1673 ingenio
3013 1582 3164 1654 sive
3200 1581 3358 1653 dolo
3394 1589 3627 1653 contra

818 1704 1193 1803 predictam
1242 1706 1774 1797 resignationem
1822 1714 1892 1777 et
1934 1706 2487 1779 commissionem
2528 1726 2665 1777 non
2718 1706 2945 1777 veniet
2989 1702 3116 1801 (c),
3170 1704 3346 1798 [per]
3397 1725 3473 1776 se
3516 1704 3625 1775 vel

818 1828 1230 1903 submissam
1282 1850 1644 1923 personam
1702 1828 1969 1922 aliquid
2013 1829 2521 1924 attemptando;
2574 1830 2713 1900 imo
2766 1825 3076 1922 predicta
3134 1828 3367 1900 omnia
3425 1838 3628 1922 prout

820 1951 1022 2022 cessit
1049 1960 1119 2022 et
1148 1951 1522 2044 resignavit
1552 1949 1755 2023 nobis
1793 1959 1861 2023 et
1894 1951 2211 2046 imperio,
2243 1952 2423 2024 sicut
2453 1952 2523 2023 in
2552 1949 2946 2023 authentico
2976 1950 3230 2046 scripto
3266 1949 3429 2023 inde
3463 1971 3626 2022 con-

821 2074 1028 2168 fect0,
1059 2095 1186 2146 suo
1224 2082 1293 2145 et
1328 2074 1608 2169 capituli
1648 2074 1757 2145 sui
1795 2074 2114 2167 sigillato,
2155 2074 2375 2168 sigillo
2412 2076 2685 2170 plenius
2730 2075 3142 2164 continetur,
3197 2073 3629 2145 conservabit

821 2196 1049 2267 omnia
1085 2196 1368 2267 illibata.
1404 2196 1543 2266 Nos
1592 2204 1822 2267 autem
1860 2196 1950 2268 ad
1999 2218 2239 2291 preces
2288 2196 2520 2268 dilecti
2564 2196 2893 2291 principis
2937 2193 3224 2289 predicti
3275 2197 3620 2291 episcopi,

824 2318 1101 2388 fratrum
1131 2317 1229 2412 (d)
1252 2325 1321 2389 et
1345 2318 1888 2390 ministerialium
1915 2319 2203 2390 ecclesie
2237 2316 2550 2391 fidelium
2586 2329 2997 2409 nostrorum,
3025 2319 3357 2412 imperiali
3393 2321 3626 2392 favore

822 2438 1129 2533 predicta
1160 2440 1388 2513 omnia
1428 2441 1985 2535 complectentes,
2021 2440 2358 2536 presentis
2392 2440 2628 2536 scripti
2669 2442 2910 2513 robore
2949 2442 3474 2521 communimus,
3514 2443 3627 2513 Ad

822 2564 1020 2654 cujus
1056 2564 1155 2636 rei
1181 2564 1603 2656 memoriam,
1634 2584 1918 2659 presens
1954 2565 2279 2658 scriptum
2310 2562 2458 2637 fieri
2494 2572 2563 2636 et
2590 2564 2811 2657 sigillo
2836 2566 3205 2656 majestatis
3238 2573 3464 2638 nostre
3484 2568 3631 2658 jus-

818 2684 1036 2757 simus
1067 2688 1500 2759 communiri.
2750 2680 2755 2687 ’

920 2810 1142 2900 Hujus
1168 2810 1269 2880 rei
1314 2817 1519 2882 testes
1559 2817 1720 2880 sunt
1756 2834 1774 2879 z
1811 2807 1883 2879 C.
1921 2806 2026 2906 (⁴)
2070 2809 2601 2883 constantiensis
2641 2810 3044 2907 episcopus,
3085 2810 3159 2882 C.
3199 2811 3427 2883 Sancti
3463 2812 3633 2885 Galli

820 2939 892 3002 et
930 2985 948 3002 .
983 2986 1001 3003 .
1041 2987 1059 3003 .
1093 2932 1436 3028 Augensis
1466 2933 1776 3024 abbates,
1817 2917 1901 3005 H.
1938 2932 2384 3029 landgravius
2420 2936 2822 3027 Thuringie,
2869 2937 2951 3007 H.
2997 2936 3300 3009 marchio
3335 2937 3425 3011 de
3459 2940 3637 3010 Bur-

821 3076 1063 3149 gowe,
1105 3059 1346 3130 fratres
1382 3056 1770 3152 landgravii
1827 3057 1916 3130 de
1969 3057 2490 3152 Luckenberge,
2545 3059 2633 3131 H.
2688 3059 2957 3153 imperii
3008 3061 3463 3132 marescalcus
3502 3061 3627 3155 (2),

822 3180 908 3250 H.
952 3183 1337 3277 prepositus
1373 3182 1650 3273 majoris
1683 3182 2006 3271 ecclesie,
2046 3183 2131 3253 H.
2181 3182 2510 3272 decanus,
2554 3203 2784 3254 comes
2821 3183 3058 3276 Egeno
3096 3182 3185 3255 de
3207 3183 3476 3279 Eppan,
3516 3183 3634 3255 Al-

816 3302 1054 3374 bertus
1080 3305 1168 3376 de
1198 3304 1507 3392 Rodanc‚
1540 3307 1783 3377 fratres
1811 3304 1900 3376 de
1923 3302 2397 3397 Lenkenberg,
2434 3312 2504 3376 et
2536 3304 2653 3376 alii
2690 3304 3131 3399 quamplures
3156 3305 3630 3379 ministeriales

823 3423 1248 3498 Brixinensis
1284 3427 1595 3499 ecclesie.

918 3545 1092 3618 Acta
1141 3557 1302 3618 sunt
1357 3548 1487 3620 hec
1532 3545 1724 3641 apud
1773 3546 2153 3639 Brixinam,
2212 3569 2394 3619 anno
2446 3547 2791 3621 dominice
2838 3549 3320 3623 incarnationis
3367 3553 3462 3624 M.
3493 3551 3619 3625 CC.

822 3667 1163 3741 tricesimo
1189 3680 1411 3761 sexto,
1455 3691 1690 3742 mense
1723 3670 2028 3764 augusti,
2066 3670 2160 3741 IX
2186 3670 2585 3743 indictione.

916 3793 1167 3864 Datum
1203 3793 1276 3863 in
1310 3793 1548 3864 castris
1572 3792 1764 3888 apud
1786 3792 2166 3880 Brixinam,
2203 3813 2411 3881 anno,
2444 3815 2679 3867 mense
2706 3804 2774 3866 et
2800 3794 3175 3870 indictione
3205 3799 3616 3894 prescriptis,

906 3965 994 4046 (a)
1033 3968 1149 4044 Ap.
1181 3967 1477 4044 Hormayr
1505 3972 1651 4027 tum.

906 4071 986 4151 (b)
1030 4072 1257 4133 Ibidem
1281 4068 1483 4152 aliqua
1498 4088 1637 4151 pro,
1663 4071 1837 4132 male.

907 4178 980 4254 (c)
1020 4179 1246 4239 Ibidem
1271 4179 1552 4253 inveniet,
1588 4177 1766 4239 male.

902 4281 991 4363 (d)
1034 4284 1148 4361 Ap.
1181 4285 1477 4362 Hormayr
1506 4290 1789 4359 nosmet,
1813 4283 1990 4345 male.

895 4570 968 4640 (⁴)
1003 4569 1084 4626 Cl'.
1113 4569 1240 4641 quid
1262 4585 1423 4643 supra
1447 4571 1764 4643 notavimus,
1791 4588 1846 4645 p.
1875 4575 1997 4643 886,
2021 4577 2133 4630 not.
2163 4576 2215 4629 4.

896 4668 971 4737 (2)
1006 4665 1368 4724 verisimiliter
1389 4669 1655 4727 Hmricm
1680 4669 1744 4728 dc
1766 4670 2148 4744 Papponhoim.
