4842 5802
1923 662 2543 726 AnanAMENTA.
3539 664 3654 725 941

830 818 1040 890 quam
1083 797 1373 888 futuris,
1419 797 1741 870 volumus
1795 819 1947 873 esse
1983 810 2265 890 notum,
2313 799 2507 894 quod
2556 798 2987 891 Volquiuus‚
3035 798 3449 871 venerabilis
3499 822 3646 872 ma-

829 920 1044 1013 gister
1074 921 1360 991 fratrum
1391 921 1634 994 militie
1665 921 1916 995 Christi
1958 923 2030 994 in
2063 923 2377 1013 Livonia,
2430 921 2653 994 fidelis
2690 931 2944 1013 noster,
2990 922 3380 995 celsitudini
3422 933 3653 996 nostre

829 1043 1247 1137 supplicavit
1290 1044 1638 1117 humiliter
1688 1054 1758 1118 et
1794 1046 2078 1138 devote,
2120 1054 2200 1118 ut
2248 1065 2611 1140 personam
2659 1066 2885 1132 suam,
2940 1044 3180 1116 fratres
3218 1052 3287 1115 et
3338 1044 3653 1118 homines

829 1187 992 1239 suos
1048 1176 1116 1239 et
1184 1189 1612 1241 successores
1669 1190 1948 1259 eorum,
2007 1191 2167 1241 cum
2231 1169 2556 1241 omnibus
2605 1168 2808 1239 bonis
2873 1187 3111 1238 eorum
3157 1166 3520 1240 stabilibus
3586 1177 3655 1241 et

831 1289 1236 1378 mobilibus,
1290 1301 1428 1363 tam
1484 1292 1989 1383 ecclesiasticis,
2048 1314 2261 1385 quam
2304 1290 2715 1380 mundanis,
2768 1290 2901 1362 sub
2936 1291 3356 1384 protectione
3398 1300 3472 1362 et
3517 1290 3654 1363 de-

830 1413 1137 1486 fensione
1168 1424 1399 1486 nostra
1440 1425 1511 1487 et
1542 1415 1810 1511 imperii
1846 1415 2153 1511 recipere
2196 1414 2682 1507 dignaremur3
2725 1434 3053 1508 personas
3093 1434 3330 1485 eorum
3353 1467 3372 1503 ,
3411 1413 3654 1488 domos

830 1557 988 1608 cum
1046 1539 1602 1630 possessionibus
1658 1539 2009 1635 acquisitis
2062 1561 2145 1612 ac
2190 1538 2519 1632 deinceps
2567 1538 2754 1629 justo
2803 1537 3001 1609 titulo
3047 1537 3524 1630 acquirendis,
3578 1539 3650 1609 in

832 1660 1155 1734 manibus
1192 1663 1443 1734 nostris
1478 1673 1549 1735 et
1594 1662 1863 1757 imperii
1899 1663 2297 1749 retinenteS,
2348 1661 2521 1732 nulli
2561 1661 2692 1733 alie
2736 1680 3028 1756 persone
3073 1659 3507 1733 advocatiam
3548 1661 3653 1757 ip·

828 1806 1060 1858 sorum
1097 1787 1332 1882 aliquo
1381 1789 1780 1861 advenienti
1818 1798 2121 1882 tempore
2156 1787 2537 1859 concedere
2573 1787 3014 1859 deberemus.
3057 1788 3195 1858 Nos
3236 1787 3445 1881 igitur
3482 1810 3649 1883 sup-

829 1909 1228 2004 plicationes
1271 1912 1580 2005 ipsorum
1630 1912 2094 1985 favorabiliter
2122 1911 2601 2001 admittenteS,
2653 1912 2987 2004 prefatum
3025 1911 3463 2003 magistrum,
3516 1914 3652 1984 fra-

830 2043 965 2105 tres
990 2044 1059 2105 ct
1088 2056 1517 2107 successores
1544 2056 1811 2126 eorum,
1854 2057 2012 2108 cum
2039 2035 2389 2126 domibus,
2415 2035 2965 2129 possessionibus
2998 2043 3068 2106 et
3092 2034 3414 2106 omnibus
3450 2036 3652 2108 bonis

828 2156 999 2246 suis,
1049 2166 1186 2227 tam
1220 2158 1619 2251 mobilibuS,
1662 2181 1875 2252 quam
1908 2159 2306 2247 stabilibus,
2348 2158 2827 2231 ecclesiasticis
2866 2166 2936 2229 et
2969 2157 3368 2245 mundanis,
3401 2181 3538 2252 que
3575 2161 3645 2231 in

830 2280 1321 2370 presentiarum
1348 2282 1533 2371 juste
1569 2280 1954 2377 possident,
1985 2282 2306 2355 videlicet
2338 2282 2409 2351 in
2449 2281 2761 2370 Livonia,
2803 2280 3044 2371 Lettia,
3081 2281 3314 2372 Osilia,
3353 2303 3482 2355 nec
3511 2305 3650 2357 non

828 2411 897 2473 et
943 2411 1157 2474 terras
1188 2405 1508 2497 Sackele,
1547 2406 1815 2497 Moche‚
1858 2405 2243 2501 AlenbOYS,
2285 2403 2807 2495 Normekunde,
2856 2405 3167 2494 Jerwen,
3209 2404 3647 2479 medietatem

832 2533 1008 2597 terre
1049 2527 1410 2622 Waygele,
1464 2550 1619 2600 cum
1656 2529 2084 2623 pertinentiis
2115 2550 2379 2618 earum,
2423 2538 2492 2600 et
2522 2536 2786 2623 partem
2818 2535 3018 2616 terre,
3058 2549 3264 2620 quam
3299 2530 3648 2622 possident

828 2647 899 2717 in
952 2650 1341 2744 Semigallia
1375 2662 1443 2724 et
1489 2651 1893 2741 Curlandia,
1945 2662 2015 2723 et
2061 2673 2200 2745 que
2244 2651 2315 2721 in
2357 2652 2667 2722 futurum
2704 2651 2776 2721 in
2832 2649 3096 2722 eisdem
3140 2650 3338 2722 terris
3369 2660 3439 2723 et
3486 2652 3652 2724 alibi

817 2774 1007 2863 justo
1053 2774 1255 2846 titulo
1304 2785 1631 2869 poterunt
1683 2774 2015 2870 adipisci,
2072 2775 2205 2846 sub
2264 2774 2685 2870 protectione
2722 2794 2806 2844 ac
2856 2772 3257 2845 defensione
3309 2785 3533 2846 nostra
3581 2784 3652 2848 et

825 2897 1093 2992 imperii
1141 2899 1584 2996 recipientes,
1635 2900 1726 2973 de
1761 2899 1962 2973 solita
2001 2898 2444 2994 benignitatis
2481 2907 2710 2970 nostre
2757 2896 3015 2990 gratia,
3054 2919 3194 2991 qua
3235 2894 3470 2972 fideles
3504 2899 3651 2970 im-

823 3023 996 3115 perii
1060 3033 1129 3096 et
1190 3025 1574 3119 specialiter
1620 3024 1869 3097 Christi
1927 3021 2226 3096 servitiis
2268 3023 2674 3118 deputatos,
2712 3021 3202 3094 consuevimus
3243 3023 3647 3116 prevenire,

822 3146 992 3239 ipsis
1041 3148 1407 3221 clementer
1445 3148 1780 3223 duximus
1826 3146 2387 3235 concedendum,
2432 3156 2509 3218 ut
2542 3146 2733 3218 omni
2774 3144 2981 3217 modo
3021 3145 3092 3216 in
3130 3146 3381 3218 nostris
3406 3156 3475 3219 et
3504 3147 3648 3218 im-

821 3269 997 3362 perii
1053 3273 1378 3344 manibus
1413 3280 1941 3361 conserventur,
1988 3278 2055 3342 et
2092 3270 2264 3342 nulli
2302 3289 2597 3364 persone
2640 3268 3116 3342 advocationis
3157 3270 3315 3359 jure
3365 3269 3647 3343 eosdem

825 3390 918 3463 de
950 3401 1179 3465 cetero
1223 3394 1711 3486 subjiciamus,
1771 3393 2114 3465 universis
2150 3402 2220 3466 et
2259 3393 2552 3484 singulis
2591 3391 2860 3485 imperii
2908 3389 3233 3462 fidelibus
3272 3391 3647 3485 injungen-

826 3521 928 3584 tes
976 3516 1304 3607 quatinus
1352 3517 1544 3589 nulla
1577 3516 1907 3612 deinceps
1937 3537 2227 3610 persona
2262 3514 2723 3587 ecclesiastica
2758 3513 2869 3585 vel
2913 3512 3293 3603 mundana,
3331 3514 3646 3585 sublimis

825 3636 939 3708 vel
969 3636 1275 3727 humilis,
1330 3640 1671 3734 prefatum
1713 3638 2141 3732 magistrum,
2202 3638 2439 3709 fratres
2486 3646 2556 3708 et
2599 3614 3031 3708 successores
3082 3657 3357 3721 eorum,
3410 3645 3647 3709 contra

823 3770 1210 3853 presentem
1267 3760 1571 3834 divalem
1628 3762 1952 3857 paginam
2004 3760 2445 3855 protectionis
2498 3768 2566 3831 et
2609 3758 3028 3831 defensionis
3081 3758 3386 3851 ipsorum
3435 3778 3647 3852 super

827 3883 1176 3976 premissis
1249 3885 1587 3981 impedire
1658 3886 1772 3957 vel
1834 3886 2196 3957 molestare
2276 3890 2649 3977 presumat.
2693 3879 2895 3967 Quod
2959 3881 3079 3973 qui
3153 3881 3637 3974 presumserit,

823 4016 1053 4101 preter
1108 4008 1653 4101 indignationem
1704 4010 1915 4083 nostri
1955 4007 2309 4099 culminis,
2368 4028 2614 4101 penam
2663 4015 2938 4078 centum
2983 4004 3313 4076 librarum
3364 4006 3513 4078 auri
3567 4027 3644 4079 se

824 4133 1363 4225 compositurum
1415 4143 1774 4227 agnoscat,
1818 4133 2252 4205 medietatem
2318 4130 2508 4203 curie
2568 4139 2796 4202 nostre
2852 4137 2920 4201 et
2982 4128 3318 4221 reliquam
3379 4138 3642 4223 partem

821 4255 1045 4347 passis
1109 4255 1428 4347 injuriam
1490 4259 1900 4330 soluturum.
1971 4255 2079 4328 Ad
2129 4256 2338 4347 hujus
2397 4254 2631 4348 itaque
2682 4253 3078 4325 memoriam
3140 4251 3240 4321 rei
3305 4261 3374 4323 et
3431 4253 3644 4323 robur

825 4387 1152 4473 perpetue
1187 4379 1560 4472 firmitatis,
1594 4391 1975 4475 presentem
2005 4379 2306 4452 divalem
2346 4380 2671 4473 paginam
2709 4374 2856 4448 fieri
2898 4384 2968 4447 et
2997 4375 3186 4446 bulla
3221 4395 3465 4467 aurea,
3517 4383 3644 4472 ty-

824 4502 1017 4594 pario
1061 4513 1291 4575 nostre
1331 4505 1701 4597 majestatis
1737 4505 2104 4599 impressa,
2148 4502 2481 4594 jussimus
2517 4500 2951 4573 communiri.

919 4624 1143 4716 Hujus
1179 4629 1278 4699 rei
1314 4638 1521 4702 testes
1553 4638 1715 4701 sunt
1752 4654 1769 4699 ε
1809 4626 2152 4701 Berardus
2180 4623 2281 4721 (a)
2326 4625 2883 4715 Panormitanus,
2936 4624 3233 4696 Iacobus
3274 4622 3642 4718 Capuanus

908 4760 991 4839 (a)
1034 4762 1107 4822 In
1133 4765 1417 4840 impresso
1442 4764 1577 4828 Per.
