4842 5802
1188 584 1310 646 652
2228 585 2573 647 HENRICI
2621 587 2958 649 SEPTIMI
3622 591 3782 670 [Asu.
3819 593 3992 658 1234.

1279 717 1676 810 Heinricus‚
1716 719 1842 791 Dei
1891 719 2110 814 gratia
2154 721 2616 794 Romanorum
2659 744 2787 795 rex
2830 733 2900 796 et
2948 746 3217 820 semper
3261 735 3636 817 augustuS‚
3676 725 4000 803 fidelibus

1184 841 1330 913 suis
1388 841 1700 914 ministro
1753 851 1825 914 et
1886 843 2227 915 universis
2285 844 2683 916 hominibus
2733 845 2985 919 Uranie
3047 847 3338 942 gratiam
3396 868 3594 921 suam
3662 860 3730 922 et
3793 872 4001 925 omne

1178 962 1468 1035 bonum.
1527 966 1698 1037 Cum
1751 986 1845 1037 ex
1894 977 2222 1038 consueta
2290 966 2772 1040 benevolentia
2824 980 3054 1043 nostra
3107 970 3622 1044 Cisterciensem
3685 974 3997 1048 ordinem

1181 1086 1520 1160 sincerius
1554 1086 1951 1181 diligamn5‚
1984 1090 2143 1180 jura
2169 1100 2238 1162 et
2270 1089 2620 1162 libertates
2652 1089 2934 1165 fratrum
2968 1093 3120 1183 ejus
3155 1094 3484 1167 volumus
3515 1095 3999 1172 inviolabiliter

1180 1209 1558 1282 observari.
1597 1210 2006 1284 Mandamus
2048 1212 2250 1284 vobis
2295 1213 2429 1284 sub
2463 1234 2642 1308 pena
2676 1216 2897 1309 gratie
2932 1226 3162 1289 nostre
3196 1216 3505 1291 districte
3539 1220 3996 1316 precipientes

1180 1342 1520 1426 quatenus
1554 1335 1646 1406 ab
1682 1334 2077 1407 hominibus
2110 1336 2389 1408 claustri
2441 1336 2531 1409 de
2574 1337 2969 1433 Wettingen
3006 1340 3079 1411 in
3117 1341 3300 1413 valle
3327 1341 3578 1415 Uranie
3611 1344 3994 1419 constitutis

1177 1456 1439 1529 nullam
1474 1478 1754 1552 prorsus
1792 1459 2222 1531 exactionem
2263 1460 2374 1531 vel
2423 1460 2801 1555 precariam
2845 1464 3245 1556 requiratis,
3293 1468 3623 1558 quoniam
3671 1468 3995 1541 nolumus

1177 1588 1254 1650 ut
1293 1578 1410 1651 fiat
1447 1581 1679 1675 aliqua
1727 1582 2021 1672 ratione,
2062 1582 2188 1655 sed
2239 1584 2565 1655 volumus
2605 1594 2681 1656 ut
2718 1584 3071 1677 gaudeant
3116 1588 3304 1659 omni
3356 1588 3666 1662 libertate
3708 1611 3849 1683 qua
3902 1591 3993 1664 ab

1175 1704 1461 1799 antiquo
1534 1706 1707 1779 ordo
1760 1715 1831 1779 et
1881 1707 2122 1779 fratres
2178 1708 2656 1782 Cistercienses
2703 1719 2864 1782 sunt
2913 1711 3168 1804 gavisi.
3228 1712 3702 1786 Indubitanter
3753 1716 3989 1788 scituri

1172 1828 1364 1923 quod
1411 1829 1836 1924 quicumque
1880 1840 2189 1904 vestrum
2247 1832 2616 1926 infringere
2671 1833 3077 1907 mandatum
3141 1844 3448 1908 nostrum
3501 1839 3993 1934 presumpserit

1173 1953 1248 2023 in
1281 1952 1413 2026 hac
1446 1962 1666 2047 parte,
1705 1954 1777 2025 in
1811 1954 2022 2027 rebus
2056 1975 2218 2026 eum
2251 1956 2544 2050 proinde
2578 1966 2649 2029 et
2688 1958 2761 2028 in
2797 1979 3082 2052 corpore
3106 1958 3501 2053 puniamuS,
3535 1960 3699 2055 quia
3729 1959 3991 2032 dictum

1171 2076 1541 2149 claustrum
1586 2078 1720 2149 sub
1767 2087 2069 2151 nostram
2110 2080 2595 2173 protectionem
2639 2087 2709 2151 et
2750 2081 3020 2176 imperii
3061 2084 3446 2178 recepimus
3488 2083 3885 2179 specialem.

1266 2201 1518 2273 Datum
1548 2201 1740 2298 apud
1770 2203 2193 2296 Hagenowe‚
2236 2204 2325 2275 Vl
2356 2202 2687 2278 kalendas
2733 2205 2933 2296 maii,
2972 2205 3346 2281 indictione
3375 2208 3689 2303 septima.

782 2778 1085 2889 wnssffim,
1272 2754 1641 2837 Henricus
1661 2815 1686 2861 ‚
1731 2752 2252 2835 Romanorum
2286 2778 2420 2834 rex
2441 2814 2464 2856 ,
2505 2762 2775 2834 notum
2809 2751 2992 2835 facit
3034 2753 3242 2861 quod
3264 2812 3288 2858 ,
3328 2754 3760 2862 principum
3802 2757 3985 2840 dic-

832 2887 884 2930 ¹⁰
910 2887 1032 2932 ¹²⁸³·
1166 2894 1376 2969 tante
1431 2886 1799 2969 sententia
1820 2946 1844 2992 ,
1882 2885 2250 2969 Henricus
2302 2884 2891 2970 Wormaciensis
2934 2884 3332 2994 episcopus
3384 2884 3646 2969 villam
3681 2887 3984 2972 Necke-

1166 3046 1372 3132 rowe
1406 3044 1584 3102 cum
1625 3018 2093 3128 pertinentiis
2144 3018 2511 3126 obtinuit,
2550 3018 2631 3099 in
2674 3017 2895 3128 cujus
2939 3019 3413 3127 possessione
3455 3021 3809 3102 eumdem
3849 3046 3984 3128 per

1172 3150 1576 3235 scultetum
1611 3152 1707 3233 de
1742 3150 1973 3234 Lutra
2007 3150 2463 3232 mittendum
2491 3149 2812 3259 judicat.

1330 3365 1535 3448 (Edid.
1569 3367 1919 3439 Samum-r,
1950 3366 2164 3427 Hister.
2194 3367 2357 3445 episc.
2401 3365 2710 3441 wormat„
2741 3364 2885 3427 Cod.
2911 3366 3180 3443 probat„
3207 3383 3266 3443 p.
3309 3366 3465 3441 118.)

1265 3553 1392 3645 H„
1443 3552 1569 3625 Dei
1616 3552 1837 3646 gratia
1890 3552 2349 3625 Romanorum
2408 3573 2536 3623 rex
2577 3561 2644 3624 et
2691 3572 2960 3647 semper
3013 3533 3347 3645 augustus
3367 3604 3386 3639 ‚
3446 3549 3786 3654 universis
3838 3549 3984 3625 im-

1170 3678 1343 3774 perii
1410 3675 1730 3750 fidelibus
1781 3676 2036 3770 quibus
2088 3697 2371 3771 presens
2436 3676 2658 3749 littera
2715 3676 2916 3748 suerit
2977 3685 3249 3749 ostensa
3300 3674 3586 3766 gratiam
3656 3694 3855 3745 suam
3915 3683 3984 3745 et

1171 3823 1375 3876 omne
1412 3803 1701 3875 bonum.
1732 3802 1992 3874 Tenore
2030 3800 2450 3896 presentium
2486 3801 2835 3896 publicam
2878 3801 3169 3873 facimus
3208 3799 3761 3895 protestationem
3789 3796 3981 3890 quod

1169 3926 1466 4000 dilectus
1518 3926 1835 4018 princeps
1888 3932 2116 3996 noster
2168 3925 2253 3994 H.
2316 3924 2729 3996 venerabilis
2777 3923 3307 3996 Wormaciensis
3360 3921 3726 4016 episcopus
3788 3915 3982 4013 apud

1169 4048 1604 4144 Winpinam,
1667 4048 1739 4118 in
1777 4046 2117 4142 presentia
2150 4054 2378 4117 nostra
2420 4054 2488 4117 et
2538 4054 2939 4138 magnatum
2970 4044 3238 4140 imperii
3264 4043 3801 4135 subscriptorum
3829 4038 3979 4111 dic·

1174 4182 1360 4245 tante
1425 4169 1804 4259 sententia,
1855 4167 2156 4240 obtinuit
2217 4176 2287 4239 et
2354 4166 2563 4238 evicit
2623 4167 2860 4238 villam
2925 4165 3378 4239 Nechkirowe
3437 4185 3597 4235 cum
3659 4159 3984 4233 omnibus

1172 4295 1600 4392 pertinentiis
1650 4292 1796 4365 suis
1854 4291 2140 4364 ecclesie
2204 4289 2701 4362 Wormaciensi
2758 4289 3080 4379 attinere,
3130 4297 3201 4360 et
3255 4307 3381 4358 nos
3426 4286 3655 4381 ipsum
3693 4284 3983 4376 judica-

1171 4421 1399 4492 vimus
1438 4417 1790 4517 prelibatis
1834 4437 1961 4512 per
1995 4414 2223 4487 omnia
2262 4412 2759 4486 instituendum
2776 4469 2793 4500 ‚
2835 4421 2903 4485 et
2943 4434 3064 4506 per
3104 4410 3452 4484 Siffridum
3490 4407 3765 4481 fidelem
3817 4427 3981 4480 nos-

1174 4554 1354 4616 trum
1382 4545 1747 4617 scultetum
1777 4541 1867 4614 de
1892 4543 2125 4613 Luttra
2160 4538 2471 4610 misimus
2503 4537 2573 4608 in
2612 4537 3115 4633 possessionem
3153 4533 3710 4632 prescriptorum.
3743 4529 3828 4603 Et
3855 4551 3981 4602 vo-

1176 4670 1408 4742 lumus
1450 4677 1528 4740 ut
1566 4668 1715 4763 ipse
1750 4676 1820 4741 et
1852 4664 2137 4739 ecclesia
2171 4685 2299 4736 sua
2331 4660 2853 4736 wormatiensis
2891 4660 3138 4755 suique
3184 4679 3611 4734 successores
3650 4654 3984 4752 prelibata
