4842 5802
1159 613 1277 674 719.
2201 613 2544 673 HENRICI
2601 615 2936 676 SEPTIMI
3595 622 3755 699 [Arm
3796 623 3967 684 1235.

1161 747 1444 841 majoris
1489 746 1807 835 ecclesie,
1849 745 2207 818 Conradus
2244 748 2632 843 prepositus
2685 750 2914 823 Sancti
2955 748 3317 825 Gwidonis
3359 754 3734 848 Spirensis,
3796 757 3973 830 Con-

1155 871 1366 945 radus
1381 869 1773 965 Augiensis,
1809 870 2151 942 Walterus
2164 871 2827 964 SunnesheimensiS,
2858 874 3385 967 Theginhardus
3401 878 3967 972 Otraheimensis,

1159 993 1586 1085 Regimbodo
1605 992 2110 1085 Hirsaugensis,
2133 992 2427 1066 Sifridus
2443 996 3122 1089 MulimbrunnensiS,
3145 999 3412 1072 Ulricus
3425 1002 3969 1096 LintburgensiS,

1159 1119 1477 1205 abbates3
1511 1117 1664 1187 Otto
1693 1114 1782 1188 de
1806 1114 2197 1205 Eberstein,
2229 1116 2659 1190 Hermannus
2687 1118 2776 1190 de
2809 1120 3136 1215 Rieperg,
3176 1122 3561 1196 Fridericus
3594 1124 3684 1198 de
3710 1128 3967 1215 Tanne,

1158 1241 1522 1312 Heinricus
1557 1238 1646 1310 de
1677 1238 2297 1333 Scharphemberg,
2349 1239 2710 1314 Heinricus
2748 1241 2933 1315 filius
2971 1244 3157 1336 ejus,
3196 1244 3552 1319 Conradus
3589 1248 3678 1320 de
3722 1249 3970 1321 Sohar-

1157 1361 1566 1456 phemberg,
1608 1373 1676 1433 et
1712 1362 1828 1434 alii
1854 1363 2321 1456 quamplures.

1258 1484 1430 1557 Acta
1502 1493 1664 1557 sunt
1727 1485 1857 1556 hec
1922 1506 2105 1556 anno
2168 1485 2655 1558 incarnationis
2726 1488 3000 1560 Domini
3078 1489 3437 1563 millesimo
3508 1491 3976 1565 ducentesimo

1168 1609 1693 1700 XXX1111,‘X11
1729 1607 2060 1681 kalendas
2088 1610 2421 1700 Januarii,
2477 1631 2660 1683 anno
2702 1632 2869 1684 vero
2903 1613 3096 1707 regni
3140 1615 3355 1686 nostri
3383 1625 3628 1708 quarto
3656 1616 3925 1690 decimo
3952 1674 3969 1705 ,

1163 1732 1537 1805 indictione
1569 1743 1834 1805 octava.

1265 1857 1552 1950 Signum
1587 1855 1848 1928 domini
1879 1855 2180 1928 Heinrici
2204 1856 2666 1929 Romanorum
2695 1859 2880 1952 regis
2912 1859 3368 1932 invictissimi.
3397 1860 3975 1957 (Monoqramma.)

1262 1981 1510 2052 Datum
1539 1982 1731 2075 apud
1763 1981 2068 2076 Spiram,
2108 2002 2326 2071 nnnc,
2364 2002 2632 2074 mense,
2666 1982 3041 2056 indictione
3074 1985 3465 2078 prenotatis,

2316 2245 2825 2257 ..ῳ-*-

1975 2471 2199 2533 ΑΝΝΟ
2254 2472 2450 2536 1235.
2498 2508 2577 2522 —
2618 2475 3101 2537 INDICTIONE
3148 2476 3205 2539 8.

782 2962 1053 3057 wssspffim
1274 2945 1641 3028 Henricus
1670 3006 1693 3052 ,
1767 2943 2288 3026 Romanorum
2351 2969 2483 3024 rex
2504 3004 2528 3048 ,
2597 2943 2697 3025 ad
2756 2970 3014 3052 preces
3088 2943 3554 3053 Margaretae
3613 2949 3984 3030 consortis

786 3070 838 3111 ¹⁶
854 3028 1078 3122 '‘EQ'’
1171 3103 1383 3183 suae,
1426 3075 1683 3158 abbati
1719 3086 1793 3157 et
1828 3074 2227 3157 conventui
2263 3076 2360 3157 de
2398 3075 2809 3157 Schonthal
2824 3138 2847 3184 ,
2885 3074 3393 3157 Cisterciensis
3428 3077 3747 3187 ordinis,
3785 3079 3986 3161 hanc

1172 3210 1500 3322 gratiam
1544 3208 1889 3316 indulget
1933 3218 2020 3289 ut
2064 3206 2323 3288 omnia
2376 3207 2581 3290 bona
2634 3234 2831 3317 quae
2881 3206 3165 3290 habent
3216 3207 3334 3290 vel
3390 3209 3700 3317 adipisci
3753 3220 3982 3319 pote-

1170 3353 1353 3427 runt
1396 3343 1476 3423 in
1519 3341 1706 3424 locis
1761 3340 1905 3423 sibi
1960 3340 2393 3422 immediate
2445 3339 2996 3449 pertinentibus
3018 3403 3042 3447 ,
3103 3340 3203 3423 ab
3256 3341 3612 3425 omnihus
3667 3342 3987 3426 servitiis

1169 3503 1367 3588 quae
1404 3473 1547 3557 sibi
1593 3474 1760 3555 dari
1797 3472 2042 3555 solent
2074 3471 2314 3555 libera
2352 3471 2528 3555 sint.

1327 3661 1575 3741 (Inedit.
1606 3676 1684 3720 ex
1717 3654 1989 3737 originali
2029 3660 2095 3718 in
2138 3659 2379 3719 archivo
2415 3658 2852 3736 stuttgartensi,
2888 3658 3048 3735 quod
3078 3657 3249 3720 nobis
3274 3661 3733 3721 communicavit
3778 3660 3982 3721 Kaus-

1411 3768 1589 3826 lerus.
1621 3765 1894 3843 Sigillum
1928 3780 2093 3824 cerae
2120 3766 2499 3841 impressum,
2531 3781 2607 3823 ex
2631 3762 2749 3824 filis
2772 3766 2974 3825 sericis
2999 3764 3193 3826 rubris
3217 3764 3506 3843 navisque
3529 3766 3810 3843 pendens,
3839 3782 3987 3842 par-

1409 3874 1519 3931 tim
1548 3870 1888 3931 distractum
1915 3869 2053 3947 est.)

2484 4030 2587 4038 ——-

1180 4131 1509 4207 aliquamdiu
1531 4135 1753 4186 stantes.
1780 4128 1886 4185 Sed
1912 4128 1969 4182 in
1995 4126 2146 4184 brevi
2191 4141 2291 4199 per
2323 4124 2638 4197 episcopum
2665 4139 2852 4182 eorum
2876 4124 3150 4183 dominum
3172 4124 3474 4182 conradum
3509 4123 3708 4181 dictum
3741 4123 3810 4181 dc
3835 4124 3987 4181 Than

1175 4231 1393 4289 tandem
1418 4225 1642 4297 seducti,
1673 4228 2058 4282 consenserunt
2093 4223 2204 4295 regi
2240 4227 2296 4278 et
2333 4222 2649 4294 juraverunt
2689 4221 2759 4277 ad
2790 4237 3004 4279 omnem
3038 4222 3154 4294 ejus
3182 4222 3531 4278 voluntatem.
3570 4220 3771 4278 videns
3805 4220 3987 4294 itaque

1176 4345 1271 4386 rex
1293 4326 1437 4401 quod
1461 4324 1637 4381 nullos
1665 4321 1890 4379 haberet
1913 4320 2018 4378 sibi
2047 4319 2357 4377 resistentes
2395 4318 2451 4374 in
2478 4317 2565 4374 his
2589 4317 2835 4391 partibus
2871 4319 3007 4376 etin
3030 4318 3134 4375 hoc
3158 4317 3369 4390 negotio
3397 4316 3498 4374 nisi
3524 4316 3692 4374 solam
3716 4315 3988 4375 civitatem

1177 4424 1661 4492 Wormaciensem,
1691 4419 1858 4476 iratus
1891 4423 1949 4476 et
1968 4423 2266 4474 commotus
2295 4421 2381 4473 est
2400 4431 2565 4489 supra
2588 4415 2825 4472 modum.
2850 4416 2994 4473 Misit
3022 4415 3090 4473 ad
3117 4430 3211 4472 eos
3238 4414 3437 4471 multos
3460 4413 3667 4471 nobiles
3693 4414 3908 4472 nuntios
3932 4421 3989 4472 et

1178 4526 1339 4583 etiam
1373 4522 1649 4581 dominum
1675 4519 1986 4593 episcopum
2010 4516 2472 4574 wormaciensem
2495 4515 2713 4572 nomine
2734 4513 3048 4572 Landolium
3168 4514 3263 4588 qui
3289 4513 3451 4571 etiam
3470 4512 3698 4570 multum
3724 4512 3991 4572 laboravit

1178 4635 1302 4676 cum
1326 4618 1534 4675 civibus
1561 4623 1621 4674 ut
1642 4616 1888 4674 voluntas
1911 4613 2054 4686 regis
2077 4613 2464 4670 admitteretur.
2490 4609 2559 4667 Et
2589 4610 2645 4666 in
2671 4610 2775 4668 hoc
2791 4610 2924 4668 nihil
2947 4610 3193 4685 profecit,
3213 4611 3343 4686 quia
3375 4626 3409 4669 a
3424 4609 3639 4668 domino
3667 4609 3991 4684 imperatore

1179 4731 1275 4773 eos
1297 4701 1453 4773 nemo
1480 4730 1732 4788 separare
1753 4711 1946 4787 potuit.
1970 4731 1998 4764 ι)
2024 4711 2128 4784 Ap.
2157 4711 2460 4779 Roman,
2483 4707 2703 4778 Fontes,
2729 4713 2770 4766 t.
2799 4708 2876 4781 11,
2898 4726 2955 4783 p.
2989 4709 3244 4768 ⁴78·t·79.
