4842 5802
1790 660 2042 720 lxnsx
2092 659 2784 722 nocunnmonum.
3572 615 3691 721 975

1706 989 1840 1049 illos
1867 998 2070 1051 monet
2094 998 2165 1052 ut
2189 991 2266 1051 ad
2292 994 2517 1050 curiam
2545 990 2813 1050 eamdem
2838 990 3112 1066 providos
3141 996 3202 1049 et
3229 990 3503 1051 honestos
3530 1008 3686 1051 nun-

1710 1088 1825 1147 tios
1851 1089 2084 1148 mittere
2111 1094 2446 1164 procurent.
3572 1097 3687 1149 945

906 1186 1076 1261 julio.
1301 1181 1478 1258 Apud
1632 1214 1713 1225 -
1749 1181 2121 1243 Abbatissam
2148 1191 2209 1244 et
2235 1190 2592 1244 conventum
2621 1184 2695 1243 de
2722 1182 3018 1243 Dusseren
3043 1199 3181 1243 cum
3207 1183 3483 1244 omnibus
3511 1184 3683 1244 bonis

1182 1280 1599 1340 Wormutiam.
1710 1295 1913 1339 earum
1941 1281 2053 1341 sub
2080 1283 2438 1357 protectione
2460 1297 2568 1340 sua
2594 1282 2835 1356 speciali
2859 1282 3096 1357 recipit,
3125 1281 3415 1340 mandans
3453 1297 3529 1340 ne
3563 1282 3687 1340 ali-

1710 1379 1844 1454 quis
1869 1380 2052 1438 casin
2081 1377 2278 1455 aliquo
2305 1379 2613 1438 molestare
2639 1382 2996 1455 praesumat.
3383 1386 3537 1460 728,
3568 1387 3598 1436 7
3606 1385 3682 1437 29

859 1480 1132 1552 augusto.
1212 1475 1282 1532 In
1311 1473 1556 1533 solemni
1630 1505 1711 1519 —
1750 1475 2239 1537 constitutionem
2279 1476 2611 1551 generalem
2648 1476 2984 1552 promulgat
3014 1473 3125 1534 sub
3152 1475 3489 1551 quindecim
3523 1476 3683 1550 capi-

1301 1573 1465 1631 cnria
1709 1574 1850 1633 tulis
1884 1573 2244 1644 distinctam,
2274 1572 2353 1631 ad
2384 1579 2608 1632 statum
2652 1574 2881 1648 imperii
2919 1574 2983 1631 in
3010 1572 3383 1631 observantia
3426 1573 3587 1649 pacis
3627 1577 3689 1631 et

1206 1667 1563 1746 Maguntiae.
1712 1672 2054 1729 executione
2073 1671 2336 1746 justitiae
2367 1668 2825 1729 reformandum.
3571 1677 3686 1728 740

867 1770 1132 1840 augusto.
1302 1767 1477 1843 Apud
1633 1798 1714 1808 -
1750 1764 1844 1824 Ad
1874 1782 2072 1841 preces
2107 1766 2360 1826 Walteri
2397 1764 2632 1825 abbatis
2658 1766 2859 1826 Sancti
2887 1765 3108 1826 Gisleni
3126 1807 3145 1839 ,
3184 1767 3388 1826 inserit
3425 1772 3486 1826 et
3512 1783 3685 1827 reno-

1191 1866 1580 1941 Maguntiam.
1711 1862 1909 1922 vando
1950 1862 2261 1923 confirmat
2301 1864 2677 1941 privilegium
2713 1879 2750 1923 a
2792 1868 2958 1939 patre
2996 1879 3104 1923 suo
3139 1864 3393 1924 Henrico
3429 1865 3686 1941 impera-

1712 1965 1839 2019 tore
1865 1975 2021 2019 anno
2050 1967 2230 2032 1191,
2259 1967 2327 2019 17
2350 1961 2530 2036 junii,
2552 1960 2743 2020 eidem
2770 1962 3126 2021 monasterio
3150 1977 3516 2022 concessum.
3572 1969 3686 2023 749

859 2062 1133 2132 augusto.
1204 2058 1560 2135 Maguntiae.
1631 2087 1714 2103 -
1750 2055 2030 2117 Notificat
2063 2057 2412 2118 sententiam
2447 2057 2511 2115 in
2546 2073 2654 2117 sua
2695 2058 2861 2116 curia
2901 2057 3158 2133 generali
3195 2056 3381 2117 latam
3425 2074 3545 2134 qua
3580 2061 3687 2135 ju-

1711 2152 1885 2212 betur
1912 2160 1981 2213 ut
2008 2154 2328 2215 Clementia
2348 2153 2474 2213 iilia
2509 2156 2737 2214 comitis
2759 2152 3038 2230 Stephani
3064 2154 3138 2214 de
3164 2155 3505 2231 Burgundia
3526 2172 3563 2217 a
3587 2172 3689 2216 co·

1711 2251 1853 2310 mite
1901 2250 2177 2328 Egenone
2222 2250 2296 2310 de
2341 2250 2542 2311 Urach
2579 2251 2848 2326 nequiter
2891 2251 3126 2310 detenta
3169 2250 3472 2328 liberetur,
3521 2254 3692 2328 cique

1711 2351 1969 2406 castrum
1999 2346 2300 2424 Burgdorf
2326 2363 2465 2408 cum
2493 2346 2768 2407 omnibus
2800 2347 2973 2407 bonis
2998 2348 3276 2408 eidemin
3305 2347 3516 2409 dotem·
3547 2366 3689 2410 con-

1712 2445 1889 2503 cessis
1915 2445 2279 2504 restituatur.
3573 2457 3687 2507 753

862 2541 1135 2612 augusto.
1206 2538 1567 2618 Magantiae.
1633 2571 1713 2586 —
1753 2540 2031 2601 ottonem
2076 2541 2149 2600 de
2191 2541 2506 2620 Luneburg
2523 2587 2539 2615 ‚
2580 2543 3083 2620 consanguineum
3117 2558 3322 2616 suum,
3366 2547 3472 2619 qui
3511 2544 3686 2606 flexis

1712 2653 1911 2697 coram
1947 2654 2012 2697 se
2047 2637 2296 2714 genibus
2331 2638 2443 2698 sibi
2482 2645 2743 2698 castrum
2780 2638 3099 2714 Luneburg
3136 2655 3277 2699 cum
3315 2640 3447 2700 aliis
3481 2644 3687 2702 castris

1712 2735 1779 2793 in
1808 2736 2220 2810 proprietatem
2263 2738 2617 2812 resignavit,
2647 2738 2971 2813 principem
3002 2738 3232 2812 imperii
3265 2744 3456 2811 creat,
3484 2739 3560 2799 de
3600 2742 3689 2799 ci-

1712 2833 1896 2891 vitate
1922 2831 2274 2892 Brunswick
2299 2839 2359 2892 et
2396 2839 2590 2893 castro
2621 2833 2941 2912 Luneburg
2967 2849 3105 2895 cum
3129 2850 3335 2895 eorum
3365 2837 3693 2899 attinentiis

1712 2930 1995 2990 ducatum
2022 2932 2077 2990 el
2099 2933 2487 2992 constituens.
3578 2946 3693 2998 754

879 3028 954 3081 23
978 3037 1116 3100 aug.
1206 3018 1570 3100 Maguntlae.
1636 3057 1714 3072 —
1752 3026 1848 3086 Ad
1873 3027 2353 3103 supplicationem
2390 3029 2645 3090 conradi
2672 3030 3172 3092 Hildesbemensls
3198 3033 3475 3109 episcopi,
3503 3041 3692 3095 ratam

1713 3122 1892 3183 habet
1954 3126 2313 3200 emptionem
2370 3127 2760 3202 quarumdam
2815 3127 3254 3188 advocatiarum
3299 3132 3465 3206 justo
3520 3131 3693 3192 titulo

1711 3218 1931 3280 factam
1956 3236 1993 3279 a
2019 3222 2277 3298 capitulo
2310 3225 2550 3298 majoris
2577 3224 2855 3284 ecclesiae
2889 3224 3411 3285 Hildeshemensis.
3579 3237 3691 3288 758

858 3308 1137 3391 [august.,
1199 3314 1263 3371 in
1289 3313 1580 3391 colloquio
1632 3348 1712 3362 -
1750 3319 1947 3393 Papae
1972 3320 2209 3379 nuntiat
2232 3334 2309 3378 ex
2337 3320 2655 3380 deliberato
2679 3337 2818 3381 cum
2844 3321 3204 3397 principibus
3235 3325 3466 3400 imperii
3500 3327 3690 3385 consi-

1182 3409 1587 3487 Magantino.]
1711 3413 1791 3471 lio
1827 3429 1890 3473 se
1930 3414 2345 3476 Lombardiam
2388 3420 2626 3478 ineunte
2663 3418 2862 3479 futuro
2887 3421 3055 3496 aprili
3081 3420 3412 3480 hostiliter
3394 3436 3689 3498 ingressu·

1713 3525 1882 3583 rum,
1912 3511 2029 3569 nisi
2063 3514 2366 3587 negotium
2408 3513 2797 3574 Lombardiae
2828 3516 3031 3590 quod
3013 3518 3124 3591 ipsi
3150 3533 3336 3593 papae
3360 3520 3684 3594 commisit,

1710 3608 1772 3664 in
1800 3604 1952 3665 festo
1977 3606 2203 3665 Natalis
2227 3605 2462 3666 Domini
2491 3611 2760 3683 proximo
2784 3612 3150 3671 terminetur.
3572 3621 3684 3674 759

860 3698 1134 3770 augusto.
1295 3695 1474 3774 Apud
1632 3733 1713 3746 -
1751 3701 1974 3761 Notum
1998 3701 2141 3761 facit
2183 3703 2345 3778 quod
2389 3706 2451 3763 ln
2495 3705 2751 3780 generali
2778 3708 2938 3766 curia
2964 3723 3073 3766 sua
3097 3708 3397 3769 Walterus
3424 3709 3499 3769 dc
3526 3710 3688 3771 Lim-

1203 3793 1564 3870 Hagenowe.
1710 3796 1863 3874 burg
1908 3799 2183 3873 pincerna
2229 3798 2558 3859 Gottifredo
2597 3799 2670 3859 de
2714 3800 3060 3862 Hohenlohe
3086 3806 3285 3863 comiti
3311 3806 3687 3869 Romaniolae

1712 3910 1819 3970 pro
1846 3897 2267 3954 restauratione
2293 3895 2643 3955 damnorum
2669 3914 2775 3973 per
2800 3914 2864 3958 se
2888 3900 3000 3975 ipsi
3024 3900 3318 3961 illatorum
3343 3904 3500 3964 mille
3529 3921 3685 3965 mar·

1711 4007 1810 4051 cas
1834 3994 2060 4069 argenti
2088 3992 2399 4053 solvendas
2445 3997 2740 4071 promisit,
2777 4001 2839 4056 et
2883 4013 3059 4074 super
3097 3999 3388 4061 solutione
3434 4009 3689 4065 castrum

1711 4105 1886 4149 suum
1914 4089 2394 4168 Schenckenberg
2418 4090 2720 4169 obligavit.
3574 4110 3688 4161 760

859 4183 1137 4256 augusto.
1299 4180 1476 4257 Apud
1631 4218 1711 4230 —
1750 4188 1967 4248 Notum
1994 4185 2137 4246 facit
2161 4187 2321 4264 quod
2346 4189 2408 4246 in
2436 4189 2692 4266 generali
2715 4192 2879 4249 curia
2898 4207 3006 4252 sua
3025 4192 3376 4254 Ludewicus
3397 4196 3471 4256 de
3488 4196 3698 4276 Schipf

1204 4278 1567 4357 Hageuowe.
1714 4283 2041 4344 Gottifredo
2084 4284 2159 4344 de
2206 4285 2549 4347 Hobenlohe
2588 4290 2788 4348 comiti
2831 4289 3209 4350 Romaniolae
3251 4309 3357 4368 pro
3399 4301 3689 4356 restaura·

1711 4381 1872 4439 tione
1900 4379 2253 4440 damnorum
2282 4396 2386 4458 per
2421 4398 2487 4443 se
2524 4385 2635 4460 ipsi
2670 4384 2967 4446 illatorum
3003 4387 3164 4447 mille
3201 4404 3432 4451 marcas
3459 4395 3687 4470 argenti

1712 4476 2026 4631 szlfffldm
2051 4480 2349 4553 promisit,
2380 4486 2443 4540 et
2477 4497 2652 4556 super
2691 4483 2979 4593 solutione
3003 4490 3263 4545 castrum
3289 4502 3462 4547 suum
3489 4488 3698 4565 Schipt

1715 4587 1752 4630 o
1817 4574 1999 4649 igavit
3578 4596 3691 4648 762

893 4668 930 4720 9
958 4668 1110 4739 sept.
1208 4664 1564 4743 Hagenowc.
1635 4702 1717 4713 —
1756 4668 1851 4729 Ad
1876 4670 2361 4746 supplicationem
2404 4677 2715 4750 praepositi
2741 4681 2803 4736 et
2827 4678 3067 4752 capituli
3102 4677 3302 4741 Sancti
3344 4681 3593 4743 Servatii
3629 4688 3692 4745 in

1717 4766 2011 4843 Trajecto,
2027 4772 2376 4829 sententiam
2395 4771 2692 4847 quondam
2712 4788 2908 4833 coram
2925 4772 3049 4834 filio
3067 4791 3176 4837 suo
3191 4777 3371 4839 latam
3389 4779 3698 4843 confirmat
