4842 5802
1693 564 1950 624 mnnx
1999 561 2694 624 nocunfflmroanm.
3485 537 3607 620 993

799 767 1023 844 1252

805 904 860 954 1⁰
885 895 1016 956 dec.
1204 890 1382 969 Apud
1541 919 1617 935 —
1660 887 1950 948 Omnibus
1977 887 2276 948 licentiam
2314 887 2586 948 concedit
2620 903 2684 947 se
2724 885 3115 947 transferendi
3149 901 3287 946 cum
3327 884 3503 945 rebus
3542 890 3605 944 et

1141 989 1439 1068 Hagenoe.
1619 986 1882 1062 personis
1917 984 1995 1045 ad
2022 985 2231 1045 fratres
2257 985 2563 1061 hospitalis
2602 986 2696 1044 sui
2735 984 2810 1044 de
2843 984 3203 1062 Haguenau,
3246 983 3602 1059 eosdemque

1619 1082 1697 1142 ab
1723 1083 1886 1141 omni
1926 1083 2163 1141 servitio
2205 1082 2318 1142 sibi
2345 1082 2544 1142 debito
2580 1081 2740 1159 quod
2778 1082 2856 1142 ad
2883 1081 3258 1158 dispendium
3295 1080 3603 1157 hospitalis

1621 1178 1949 1238 redundare
1973 1185 2189 1254 posset,
2215 1179 2445 1239 eximit.
3483 1184 3599 1236 592

812 1297 846 1348 2
875 1289 1005 1350 dec.
1211 1284 1391 1361 Apud
1541 1314 1624 1329 -
1661 1283 1930 1344 Waltero
1957 1283 2032 1343 de
2066 1282 2374 1345 Hochdorf
2403 1284 2750 1344 monasterii
2788 1284 3009 1343 Montis
3042 1281 3406 1359 Angelorum
3447 1280 3603 1341 bona

1115 1382 1475 1461 Hagenowe.
1621 1382 1686 1440 in
1711 1381 1950 1458 Aargau
1978 1384 2114 1453 sita,
2147 1382 2434 1458 quamdiu
2460 1379 2661 1440 abbati
2687 1379 2954 1458 ejusdem
2982 1379 3258 1439 ecclesiae
3283 1379 3565 1455 placuerit
3581 1421 3599 1449 ,

1621 1476 1843 1537 tuenda
1867 1477 2261 1537 commendat.
3483 1481 3597 1535 593

814 1594 849 1644 9
876 1586 1004 1648 dec.
1104 1585 1216 1658 Ap.
1239 1581 1495 1658 Spin-am.
1542 1613 1625 1628 -
1662 1582 1905 1644 Scholas
1931 1585 1994 1642 ln
2021 1583 2375 1643 Mulhausen
2394 1626 2412 1654 ,
2444 1583 2599 1642 sicut
2624 1581 2737 1641 sibi
2763 1583 2926 1641 cives
2953 1581 3066 1657 ipsi
3099 1584 3205 1659 jus
3243 1598 3603 1659 recognove-

1625 1687 1786 1747 runt,
1822 1681 2101 1741 ecclesiae
2125 1680 2330 1741 Sancti
2364 1680 2545 1739 Blasii
2573 1678 2787 1751 donat,
2817 1678 3058 1739 Alberto
3092 1678 3339 1755 plebano
3369 1685 3430 1738 et
3466 1695 3604 1740 suc-

1624 1775 1956 1836 cessoribus
1994 1778 2126 1853 ejus
2169 1776 2493 1835 concedens
2526 1781 2595 1834 ut
2634 1776 2793 1852 ipsas
2837 1773 3070 1833 scholas
3113 1789 3249 1834 cum
3292 1774 3608 1834 elemosina

1625 1875 1809 1952 regali
1832 1873 2101 1933 ordinare
2126 1875 2376 1949 possint.
3485 1878 3600 1931 594

827 1962 1006 2038 [eirea
1085 2016 1101 2034 .
1150 1993 1189 2035 .’
1216 2016 1491 2035 .....
1546 2007 1629 2022 -
1665 1976 2035 2037 Ludovicum
2061 1976 2425 2036 Francorum
2450 1989 2645 2052 regem
2671 1979 2844 2052 rogat
2868 1979 2939 2033 ut
2970 1981 3178 2034 contra
3202 1989 3295 2046 se,
3330 1976 3605 2034 comitem

800 2067 1022 2112 mum
1250 2141 1255 2145 ,
1627 2074 1992 2145 Bari-ensem,
2018 2078 2078 2132 et
2101 2074 2261 2132 cives
2282 2072 2578 2131 Metenses
2603 2071 2833 2130 nullum
2860 2073 3130 2148 episcopo
3156 2071 3404 2132 Metensi
3428 2073 3605 2132 auxi-

784 2149 1052 2225 exeu¹¹20]
1629 2171 1776 2231 lium
1820 2169 2147 2245 impendat,
2171 2168 2269 2229 vel
2319 2169 2395 2229 ab
2434 2167 2776 2228 hominibus
2817 2169 2984 2245 regni
3027 2169 3310 2228 Franciae
3345 2169 3606 2246 impendi

802 2270 1026 2347 1255
1627 2270 1949 2345 permittat.
3489 2274 3604 2327 595

827 2379 862 2430 9
883 2374 1012 2448 jan.
1215 2369 1392 2446 Apud
1550 2403 1627 2416 —
1671 2371 1976 2432 Fratribus
2003 2371 2339 2430 monasterii
2368 2368 2444 2429 de
2477 2368 2814 2429 Brumbach
2841 2367 3108 2446 indulget
3132 2374 3202 2429 ut
3224 2385 3317 2429 res
3344 2373 3609 2447 proprias

1109 2464 1509 2527 Gelnhausen.
1631 2487 1737 2547 per
1763 2469 2036 2529 Rhenum
2061 2473 2123 2527 et
2155 2466 2480 2545 Moganum
2510 2482 2611 2527 seu
2638 2482 2741 2542 per
2775 2472 2992 2525 terram
3019 2467 3148 2525 sine
3185 2468 3309 2527 ullo
3345 2484 3610 2545 unquam

1632 2566 1861 2627 teloneo
1896 2565 2184 2626 deducere
2219 2566 2475 2642 possint,
2507 2565 2750 2639 suisque
2773 2563 3251 2625 ministerialibus
3276 2566 3519 2626 mandat
3542 2573 3614 2627 ut

1633 2664 1789 2724 hanc
1813 2662 2241 2741 indulgentiam
2268 2662 2490 2721 eisdem
2516 2660 2800 2720 fratribus
2827 2667 3198 2723 conservent.
3494 2671 3608 2724 597

812 2775 872 2825 11
899 2770 1028 2845 jan.
1214 2764 1395 2841 Apud
1553 2803 1634 2815 —
1673 2769 1942 2831 Waltero
1973 2768 2048 2829 de
2086 2766 2396 2829 Hochdorf
2426 2768 2766 2826 monasterii
2805 2767 3029 2827 Montis
3062 2767 3423 2846 Angelorum
3455 2769 3613 2831 bona

1112 2858 1508 2923 Gelnhnusen·
1632 2871 1699 2930 in
1724 2868 1962 2947 Aargau
1994 2868 2128 2939 sita,
2160 2865 2446 2943 quamdiu
2473 2864 2670 2926 abbati
2698 2865 2961 2942 ejusdem
2987 2865 3263 2927 ecclesiae
3289 2868 3609 2943 placuerit,

1633 2966 1852 3026 tuenda
1876 2964 2269 3025 commendat.
3491 2973 3608 3026 598

805 3076 872 3129 13
902 3067 1052 3131 febr.
1221 3065 1401 3141 Apud
1552 3106 1633 3118 --
1672 3071 1976 3132 Fratribus
2001 3069 2217 3131 domus
2239 3068 2744 3129 Tbeutonicorum
2770 3069 2836 3127 in
2863 3067 3229 3145 Nuremberg
3252 3070 3610 3145 emptionem

1112 3162 1505 3241 Nuremberg.
1633 3168 2005 3246 praediorum
2030 3168 2094 3228 in
2123 3164 2481 3242 Kapfesdorf
2495 3172 2555 3225 et
2578 3164 2774 3225 Urach
2793 3180 2829 3224 a
2847 3180 3020 3224 socru
3044 3164 3336 3225 Crai'tonis
3359 3164 3438 3226 de
3461 3166 3612 3226 Lare

1634 3266 1753 3326 illis
1780 3265 2177 3337 venditorum,
2208 3280 2284 3323 ex
2309 3262 2675 3340 plenitudine
2700 3262 2931 3323 consilii
2958 3265 3049 3322 sui
3077 3262 3407 3322 confirmat.
3494 3271 3608 3323 599

809 3375 878 3427 16
903 3365 1053 3427 febr.
1214 3362 1394 3438 Apud
1554 3402 1638 3417 —
1676 3370 1896 3432 sifrido
1922 3369 2335 3444 Ratisponensi
2360 3369 2630 3442 episeopo
2665 3370 2727 3426 et
2763 3367 3082 3443 imperialis
3121 3368 3290 3428 aulae
3321 3369 3613 3428 cancella-

1113 3458 1499 3538 Nuremberg.
1639 3468 1758 3535 rio,
1796 3469 2032 3540 propter
2068 3464 2306 3521 servan
2344 3461 2459 3521 sibi
2497 3467 2558 3520 et
2597 3463 2751 3536 patri
2780 3477 2889 3521 suo
2915 3461 3176 3522 exhibita
3191 3506 3209 3537 ‚
3244 3463 3511 3523 concedit
3551 3470 3611 3524 et

1636 3559 1822 3619 donat
1848 3559 1925 3619 ad
1952 3561 2139 3618 vitam
2163 3560 2296 3634 ejus
2328 3572 2533 3617 omnes
2556 3563 2895 3633 proventus,
2917 3558 3355 3635 jurisdictiones
3388 3565 3449 3619 et
3474 3562 3611 3636 Jus-

1639 3656 1799 3716 titias
1834 3670 1909 3713 ex
1947 3654 2187 3713 Iudaeis
2222 3655 2285 3712 in
2320 3653 2644 3730 Ratispona
2670 3651 3019 3730 degenthus
3045 3660 3106 3713 et
3144 3655 3221 3714 ad
3246 3657 3470 3731 imperii
3509 3672 3607 3715 ca-

1635 3767 1858 3812 meram
1890 3749 2313 3828 spectantibus.
3492 3760 3608 3813 600

809 3870 881 3922 27
911 3861 1056 3924 febr.
1222 3860 1402 3938 Apud
1561 3900 1639 3912 —
1679 3865 1896 3926 Notam
1922 3863 2063 3925 facit
2088 3862 2340 3925 formam
2366 3866 2806 3940 compositionis
2839 3864 3152 3925 accedente
3187 3882 3294 3926 suo
3322 3882 3611 3929 consensu

1115 3960 1500 4040 Oppenheim.
1637 3964 1794 4022 inter
1818 3962 2139 4022 Henricum
2163 3961 2659 4021 wormatiensem
2684 3963 3023 4039 episcopum
3053 3968 3114 4021 et
3144 3964 3301 4022 cives
3327 3965 3609 4026 Worma-

1639 4061 1861 4119 cieuses
1885 4057 2073 4117 factae
2086 4099 2106 4134 ,
2134 4056 2353 4117 scilicet
2379 4057 2453 4117 de
2484 4073 2642 4117 novo
2680 4063 2840 4118 statu
2864 4059 3122 4119 civitatis
3158 4058 3483 4119 ordinando
3506 4077 3610 4137 per

1637 4155 1946 4214 consilium
1974 4154 2069 4212 cui
2094 4153 2512 4229 praesidebunt
2538 4170 2754 4216 novem
2788 4156 2947 4215 cives
2983 4153 3061 4214 ab
3095 4156 3367 4233 episcopo
3402 4163 3463 4216 et
3505 4174 3607 4217 sex

1638 4251 1854 4311 milites
1880 4249 1956 4310 ab
1978 4248 2198 4309 eisdem
2224 4250 2454 4311 civibus
2480 4251 2671 4312 electi.
3493 4262 3602 4315 601

806 4369 841 4420 6
867 4369 1041 4424 mart.
1228 4365 1405 4443 Apud
1568 4399 1641 4411 —
1679 4362 2162 4425 ministerialibus
2186 4366 2311 4425 suis
2339 4365 2416 4425 de
2441 4365 2666 4442 Sintzig
2690 4369 2897 4424 notum
2921 4364 3066 4425 facit
3087 4366 3268 4443 quod,
3294 4383 3429 4428 cum
3455 4367 3612 4430 bona

1113 4462 1528 4541 Boppardiam.
1640 4478 1750 4523 sua
1778 4461 2113 4522 conservari
2139 4462 2281 4521 velit
2297 4464 2542 4539 imperio
2562 4468 2622 4522 et
2641 4461 2890 4522 termam
2914 4479 3084 4523 suam
3105 4463 3287 4524 banni
3310 4467 3613 4528 custodiae

1641 4556 1966 4634 subjacere,
1997 4555 2301 4618 Gerhardo
2338 4558 2414 4619 de
2452 4558 2677 4637 Sintzig
2715 4558 3023 4620 mandavit
3055 4566 3124 4620 ut
3165 4568 3614 4641 transgressores

1638 4655 1931 4716 emendet.
3497 4670 3614 4724 604

948 4760 1056 4822 IV.
1103 4773 1218 4822 Pars
1243 4779 1287 4822 2.
3183 4773 3298 4826 125
