4842 5802
1709 689 1964 749 INDEX
2016 689 2722 754 DOCUMENTORUM.
3516 687 3639 748 969

1649 1021 1922 1098 ticiariis,
1954 1021 2287 1080 camerariis
2317 1026 2377 1079 et
2404 1020 2694 1078 universis
2737 1017 3092 1079 officialibus
3118 1018 3241 1078 suis
3281 1000 3526 1076 mandat
3564 1021 3635 1075 ut

1648 1120 1914 1178 interris
1953 1117 2214 1178 demanii
2253 1118 2349 1177 sui
2392 1123 2514 1177 tam
2559 1116 2856 1177 veteribus
2882 1132 3066 1195 quam
3092 1117 3323 1175 noviter
3348 1115 3635 1174 revocatis

1649 1215 1808 1274 idem
1836 1216 2253 1275 monasterium
2281 1215 2656 1274 immunitate
2682 1229 2862 1290 quam
2897 1216 2915 1272 i
2920 1230 3024 1290 pse
3061 1212 3379 1285 concessit,
3408 1212 3497 1271 uti
3524 1226 3634 1286 pa-

1651 1312 1819 1372 cifice
1845 1314 2211 1388 permittant.
3516 1316 3633 1367 420

817 1406 1070 1468 februar.
1234 1407 1415 1484 Apud
1573 1440 1654 1452 —
1688 1407 2093 1469 Eberhardum
2141 1406 2416 1467 abbatem
2454 1408 2528 1467 de
2573 1407 2766 1470 Salem
2794 1413 2854 1467 et
2880 1407 3302 1466 monasterium
3344 1406 3474 1481 ejus
3500 1420 3636 1465 cum

1156 1504 1496 1566 Canusium.
1650 1506 1913 1581 personis
1938 1511 2000 1564 et
2024 1504 2199 1564 rebus
2241 1505 2304 1563 in
2340 1506 2701 1579 protectione
2742 1520 2852 1564 sua
2887 1504 3123 1581 speciali
3165 1503 3398 1579 recipit,
3438 1504 3638 1562 omnia

1650 1617 1856 1661 eorum
1882 1603 2190 1679 privilegia
2225 1601 2581 1661 confirmans
2608 1607 2668 1661 et
2692 1601 3020 1677 specialiter
3059 1600 3489 1660 immunitatem
3516 1601 3639 1659 eis-

1056 1775 1059 1776 ,
1652 1695 1789 1756 dem
1816 1695 1893 1755 ab
1920 1697 2176 1757 Henrico
2203 1696 2327 1755 fliio
2353 1711 2462 1755 suo
2487 1711 2842 1756 concessam.
3517 1701 3632 1753 424

816 1793 1052 1853 martio.
1237 1793 1416 1872 Apud
1572 1825 1654 1838 —
1695 1792 1965 1853 Conrado
2008 1793 2130 1853 filio
2171 1809 2278 1854 suo
2326 1795 2625 1852 civitatem
2672 1794 2913 1853 Gaietae
2949 1807 3086 1852 cum
3122 1794 3483 1868 pertinentiis
3509 1795 3639 1869 ejus

1143 1891 1501 1952 Policorum.
1653 1890 1953 1962 concedit,
1985 1895 2045 1949 et
2084 1890 2375 1966 quosdam
2430 1890 2656 1950 nobiles
2703 1890 2808 1967 qui
2851 1889 3143 1950 Ecclesiae
3186 1895 3390 1949 contra
3442 1891 3638 1964 ipsum

1654 1986 2041 2047 adhaeserant
2067 1987 2257 2046 eidem
2285 1987 2348 2045 in
2375 1986 2658 2046 vassallos
2686 1985 2889 2046 donat.
3521 1995 3638 2045 426

831 2088 865 2139 8
893 2082 1052 2141 maii.
1158 2085 1486 2145 Messanae.
1575 2117 1656 2128 —
1694 2083 1790 2143 Ad
1812 2084 2248 2160 requisitionem
2270 2082 2563 2142 Leonardi
2589 2082 2865 2142 Caveusis
2889 2080 3120 2141 abbatis
3134 2126 3151 2158 ,
3182 2080 3480 2143 Robberto
3505 2080 3640 2143 Ma-

1655 2180 1853 2241 lerbae
1901 2181 2188 2257 provisori
2233 2186 2562 2239 castrorum
2606 2193 2851 2239 suorum
2901 2180 2964 2237 iu
3019 2178 3359 2255 Principatu
3400 2180 3642 2240 mandat

1656 2295 1733 2338 ne
1775 2278 2043 2338 homines
2088 2276 2297 2337 casalis
2337 2276 2563 2337 Caveae
2612 2275 2690 2336 ad
2735 2275 3120 2351 reparandam
3165 2276 3418 2335 Boccam
3470 2293 3642 2337 suam

1656 2375 1949 2435 Pimontis
1987 2374 2189 2433 venire
2224 2373 2559 2449 compellat,
2595 2374 2708 2431 nisi
2745 2374 2906 2448 prius
2950 2372 3329 2448 inquisitione
3374 2373 3641 2451 diligenti

1655 2467 1833 2528 facta.
3521 2477 3632 2528 427

852 2561 1027 2621 maio.
1162 2568 1490 2629 Messanae.
1579 2595 1657 2609 -
1696 2564 1794 2623 Ad
1832 2564 2315 2640 supplicationem
2352 2564 2553 2624 fratris
2575 2563 2975 2642 Symboitonis
3002 2562 3075 2622 de
3099 2562 3278 2622 domo
3314 2563 3644 2624 Theutoni-

1657 2677 1860 2722 corum
1906 2669 1966 2722 et
2005 2678 2083 2721 ex
2124 2662 2337 2722 litteris
2380 2660 2802 2737 archiepiscopi
2847 2660 3203 2732 Bremensis,
3250 2659 3643 2737 burgensibus

1656 2758 2042 2819 Stadeusibus
2093 2760 2531 2819 immunitatem
2574 2757 2830 2817 thelonei
2875 2772 2977 2833 per
3029 2761 3217 2815 totam
3265 2756 3641 2819 Bremensem

1657 2856 1967 2917 dioecesim
1993 2856 2263 2917 concedit
2286 2856 2363 2917 de
2388 2856 2563 2916 rebus
2590 2871 2795 2916 eorum
2822 2860 2883 2916 et
2905 2855 3325 2926 mercimoniis,
3354 2856 3417 2915 in
3446 2855 3643 2917 eundo

1655 2959 1718 3013 et
1742 2953 2063 3013 redeundo.
3346 2959 3489 3024 429,
3520 2962 3639 3013 430

811 3056 876 3107 15
898 3047 1074 3125 junii·
1160 3053 1487 3115 Messanae.
1575 3081 1655 3095 —
1696 3052 1982 3128 Gregorio
2022 3066 2210 3127 papae
2251 3052 2489 3110 nuntiat
2513 3066 2576 3110 se
2601 3055 2806 3110 contra
2849 3049 3176 3108 haereticos
3201 3051 3366 3127 regni
3392 3051 3484 3109 sui
3512 3067 3638 3112 ma-

1653 3146 1867 3208 nifoete
1900 3149 2196 3208 convictos
2230 3164 2480 3226 poenam
2517 3147 2768 3209 incendii
2804 3145 3133 3207 decrevisse
3160 3152 3220 3206 et
3247 3146 3486 3207 cuilibet
3503 3151 3639 3225 Jus-

1651 3244 1880 3303 ticiario
1906 3243 2215 3303 mandasse
2242 3250 2310 3304 ut
2344 3259 2484 3304 cum
2531 3259 2652 3303 uno
2699 3242 2957 3319 praelato
3006 3242 3081 3301 de
3126 3247 3283 3302 statu
3326 3244 3638 3320 regionum

1655 3356 1829 3415 super
1855 3339 1966 3399 hoc
1993 3342 2254 3416 inquirat
2272 3384 2288 3411 ,
2314 3346 2425 3401 etc.
3520 3351 3637 3402 435

844 3433 1040 3507 iunio.
1162 3435 1497 3499 Messanae.
1576 3466 1657 3478 —
1695 3435 1952 3494 Berardo
1977 3436 2412 3512 archiepiscopo
2438 3443 2497 3495 et
2527 3437 2801 3496 ecclesiae
2827 3436 3279 3495 Panormitanae
3303 3436 3366 3494 in
3394 3451 3638 3496 excam-

1658 3530 1824 3590 bium
1872 3530 2086 3590 domus
2128 3533 2289 3607 apud
2338 3533 2670 3591 Messanam
2711 3533 2788 3592 ab
2826 3534 2912 3592 eis
2951 3537 3216 3607 receptae
3266 3532 3534 3591 concedit
3578 3541 3639 3592 et

1658 3626 1840 3686 donat
1867 3629 2100 3686 vineam
2146 3627 2220 3687 de
2265 3627 2577 3687 comitaris
2618 3631 2682 3685 in
2721 3628 2991 3687 flumaria
3026 3629 3100 3688 de
3134 3628 3424 3700 CamariS,
3456 3646 3636 3705 quam

1660 3723 1801 3782 olim
1826 3722 2209 3783 Temonerius
2233 3725 2495 3800 proditor
2520 3742 2665 3785 suus
2692 3727 2903 3785 tenuit.
3520 3736 3635 3788 436

852 3810 1039 3885 JuffiO·
1192 3818 1469 3880 Catanae.
1581 3853 1662 3865 —
1698 3819 2000 3881 Machario
2035 3821 2220 3881 electo
2245 3829 2305 3880 et
2330 3823 2647 3882 conventui
2688 3822 2889 3883 Sancti
2929 3822 3247 3883 Salvator-is
3288 3825 3446 3899 apud
3473 3826 3635 3888 Mes-

1660 3934 1867 3979 sanam
1893 3921 2098 3978 omnia
2122 3919 2426 3996 privilegia
2468 3936 2527 3978 a·
2548 3918 3086 3996 praedecessoribus
3125 3922 3247 3979 suis
3282 3922 3472 3982 eidem
3508 3941 3636 3984 mo-

1661 4017 1916 4076 nasterio
1938 4016 2172 4076 indulta
2197 4016 2529 4076 confirmat.
3519 4029 3635 4081 438

831 4109 898 4160 ¹²
924 4102 1076 4178 julii-
1163 4110 1494 4188 Syracusis.
1579 4142 1661 4156 —
1699 4110 1917 4171 Scribit
1940 4128 2126 4189 papae
2149 4111 2226 4171 de
2246 4114 2763 4189 compromissione
2788 4127 2966 4186 super
2990 4113 3225 4188 negotio
3253 4112 3639 4177 Lombardiae

1660 4208 1822 4286 quod
1847 4224 1987 4269 cum
2011 4209 2240 4270 litterae
2266 4225 2407 4270 suae
2432 4214 2697 4286 patentes
2735 4224 2845 4269 nec
2879 4224 2998 4267 non
3043 4214 3103 4268 et
3145 4211 3297 4285 regis
3347 4208 3452 4270 filii
3481 4217 3572 4273 sui
3602 4232 3639 4275 a

1659 4304 1811 4365 Sede
1859 4306 2192 4382 Apostolica
2237 4309 2631 4383 requirantur,
2682 4320 3028 4382 responsum
3070 4304 3313 4366 differre
3364 4315 3640 4385 proponit

1658 4417 1848 4479 usque
1872 4401 1951 4462 ad
1976 4402 2229 4464 reditum
2256 4405 2523 4481 magistri
2551 4403 2763 4462 domus
2791 4401 3302 4462 Theutonicorum.
3519 4416 3628 4467 441

830 4498 901 4548 12
926 4492 1078 4568 julii.
1163 4497 1492 4575 Syracusis.
1578 4527 1660 4543 —
1698 4496 1859 4570 Quid
1906 4498 1983 4558 de
2032 4500 2237 4560 eadem
2289 4501 2804 4576 compromissione
2841 4513 3027 4574 papae
3070 4499 3433 4575 responderit
3475 4504 3638 4582 Ray-

1657 4594 1838 4655 naldo
1878 4596 2136 4657 Ostiensi
2164 4604 2225 4657 et
2251 4598 2597 4659 velletrensi
2622 4598 2893 4673 episcopo
2920 4599 3188 4673 nuntiat,
3230 4604 3290 4657 et
3326 4605 3636 4677 conqueri-

1658 4698 1758 4752 tur
1781 4694 1943 4770 quod
1968 4710 2088 4755 non
2112 4696 2191 4754 sit
2216 4694 2288 4753 de
2312 4696 2543 4770 injuriis
2563 4695 2808 4770 imperio
2833 4692 3008 4754 illatis
3034 4709 3292 4771 congrua
3319 4697 3641 4762 satisfactio

1659 4788 1998 4851 subsecuta.
3520 4807 3635 4858 442

977 4886 1085 4949 Ν.
1127 4903 1255 4951 rm.
1285 4909 1331 4953 ε.
3208 4907 3318 4959 122
