4842 5802
1185 639 1303 700 734
2177 642 2607 704 munemel
2656 645 3001 707 suenum
3622 646 3781 731 [Arm.
3821 649 3991 711 1235.

1345 774 1554 854 (Edld.
1584 776 1863 856 Herm,
1897 774 2157 839 Gelda-te
2194 779 2520 860 Anzeiqm,
2566 784 2718 855 etc„
2756 790 2945 857 18⁴9,
2986 798 3051 859 p.
3084 788 3198 844 994
3242 786 3305 842 et
3341 797 3510 861 seqq.
3552 787 3612 844 et
3646 780 3859 846 Archiv
3878 781 3999 864 ff

1425 879 1636 943 Kunde
1667 880 1915 945 Omen-r.
1948 881 2139 947 Gmlt.
2164 883 2418 967 quellen,
2455 895 2633 967 1850,
2662 893 2710 950 t.
2740 888 2792 967 1,
2821 905 2884 966 p.
2916 896 3057 964 594,
3086 896 3154 948 n·
3178 886 3290 962 IV,
3320 896 3382 950 2.
3412 889 3711 968 originale
3742 896 3909 952 extat
3932 893 3997 952 ln

1422 988 1665 1050 archivo
1689 990 2110 1070 Bambergensi
2133 991 2239 1052 ubl
2265 992 2472 1054 eadem
2499 1009 2681 1055 manu
2707 994 2787 1055 ad
2811 1000 3044 1073 tergum
3070 1010 3453 1073 pergamenae
3477 995 3690 1074 legitur
3719 1014 3737 1056 ι
3769 993 3998 1057 domem

1421 1094 1812 1155 Romanorum
1837 1098 2209 1176 imperatori,
2238 1104 2297 1158 et
2322 1099 2477 1160 infra
2508 1100 2576 1160 C.
2618 1097 2689 1159 de
2711 1097 3071 1174 Hohnloclt,
3100 1105 3215 1160 etc.
3250 1099 3457 1179 CuJus,
3486 1102 3642 1161 sicut
3685 1107 3748 1162 et
3787 1104 3996 1180 prioris

1421 1201 1785 1276 documenti,
1821 1202 1916 1264 fac
1939 1204 2131 1264 simile
2155 1203 2375 1264 ibidem
2403 1205 2676 1266 exhibuit
2699 1206 2924 1268 Hofler.
2952 1206 3193 1269 Nullum
3220 1206 3397 1283 sigilli
3430 1204 3791 1285 vestigium.)

1280 1360 1726 1432 Serenissimo
1754 1359 2035 1434 domino
2059 1382 2187 1434 suo
2213 1364 2321 1435 Fr.
2360 1364 2823 1437 Romanorum
2853 1364 3247 1460 imperatori
3277 1386 3548 1460 semper
3574 1374 3895 1460 augusto,
3912 1365 3986 1438 C.

1187 1483 1276 1557 de
1304 1484 1700 1557 Hohenloch
1737 1503 1963 1557 comes
1985 1486 2342 1574 Romanie,
2378 1488 2461 1560 Η.
2507 1486 2969 1561 marschalcns
2993 1487 3083 1562 de
3112 1486 3491 1583 Bapinhain
3523 1496 3594 1560 et
3614 1491 3691 1561 C.
3729 1487 3821 1561 de
3844 1489 3995 1562 Blo-

1183 1609 1476 1701 chingen
1501 1607 1810 1680 debitum
1847 1617 1915 1680 et
1947 1616 2257 1702 paratum
2292 1611 2365 1681 in
2394 1612 2721 1684 omnibus
2752 1611 3440 1706 obsequium.Vestra
3466 1611 3642 1685 scire
3674 1611 3995 1705 dignetur

1179 1732 1584 1805 excellentia
1629 1731 1822 1826 quod
1869 1754 2096 1806 comes
2143 1733 2364 1825 Egino
2409 1732 2501 1807 de
2547 1734 2887 1808 Vriburch
2936 1734 3038 1830 (l)
3085 1735 3156 1806 in
3191 1734 3411 1808 Urach
3445 1735 3754 1807 munitus
3777 1735 3993 1808 multa

1182 1855 1576 1928 collectione
1613 1855 1905 1927 militum
1937 1865 2007 1929 et
2039 1857 2328 1928 aliorum
2355 1857 2715 1930 hominum
2760 1879 2837 1931 se
2866 1858 3120 1930 locavit
3149 1858 3221 1928 in
3260 1857 3644 1954 dampnum
3693 1865 3762 1930 et
3793 1858 3993 1952 igno·

1183 1979 1461 2051 miniam
1493 1980 1926 2075 imperatorie
1947 1980 2343 2072 maiestatis,
2378 1981 2793 2074 pretendens
2820 1980 3011 2076 quod
3044 1980 3102 2052 si
3131 1981 3202 2052 in
3233 1981 3434 2053 bonis
3467 1981 3615 2053 suis
3640 1980 3730 2052 ab
3759 1981 3992 2075 aliquo

1181 2102 1604 2192 offendatur,
1666 2103 1833 2176 velit
1867 2124 1992 2197 pro
2022 2103 2290 2176 viribus
2326 2104 2710 2199 prohibere.
2747 2106 2890 2178 Nec
2929 2113 3158 2177 tamen
3199 2126 3358 2177 eum
3392 2104 3488 2176 ibi
3525 2104 3707 2178 bona
3736 2124 3993 2197 cogno-

1182 2227 1411 2299 vimus
1451 2228 1683 2320 aliqua
1725 2226 2043 2299 retinere.
2080 2228 2399 2301 Preterea
2438 2229 2615 2302 scire
2649 2227 3032 2323 dignemini
3059 2228 3253 2322 quod
3300 2249 3459 2300 cum
3493 2227 3860 2322 Nipharius
3886 2225 3993 2323 (2)

1178 2372 1400 2445 nuper
1424 2350 1706 2422 domum
1730 2360 1887 2423 ante
1902 2349 2187 2422 Achalm
2221 2360 2690 2446 expugnasset
2710 2362 2780 2425 et
2807 2351 2905 2424 ibi
2927 2361 3194 2425 nostros
3223 2351 3537 2424 homines
3551 2351 3987 2446 captivasset,

1177 2474 1403 2548 dictus
1435 2497 1662 2548 comes
1697 2475 1917 2569 Egino
1944 2496 2063 2547 eos
2113 2475 2185 2545 in
2223 2476 2446 2547 Urach
2478 2476 2763 2572 recepit,
2791 2484 2861 2549 et
2889 2474 3125 2548 adhuc
3167 2474 3265 2547 ibi
3302 2497 3461 2546 cum
3492 2496 3575 2549 eo
3602 2482 3986 2569 morantur,

1175 2609 1242 2672 et
1279 2610 1555 2694 propter
1587 2599 1720 2670 hoc
1773 2598 1865 2671 ad
1901 2597 2331 2671 obsidionem
2376 2599 2580 2671 castri
2621 2599 2889 2695 Niphen
2935 2599 3174 2672 venire
3216 2619 3357 2671 non
3394 2620 3795 2694 possumus,
3859 2597 3992 2669 nisi

1175 2724 1446 2819 copiam
1472 2722 1831 2795 hominum
1860 2720 2054 2816 quod
2088 2721 2431 2816 possimus
2461 2722 2564 2794 eis
2597 2722 2912 2796 resistere
2943 2721 3343 2794 habeamus.
3379 2722 3565 2806 Quid
3604 2742 3813 2816 super
3858 2721 3994 2793 hiis

1178 2847 1422 2919 facturi
1461 2846 1679 2918 simus
1722 2845 1924 2918 nobis
1975 2852 2202 2919 vestra
2246 2842 2629 2918 dominatio
2679 2843 2884 2918 citius
2932 2842 3259 2937 dignetur
3302 2843 3700 2917 rescribere.
3755 2843 3995 2916 Dictus

1177 2970 1362 3042 enim
1399 2990 1629 3042 comes
1664 2969 1912 3064 Egino,
1953 2976 2318 3064 postquam
2345 2969 2720 3066 Spannagil
2754 2966 2853 3064 (3)
2876 2990 2922 3041 a
2953 2968 3151 3040 nobis
3174 2967 3495 3057 recessit,
3529 2966 3796 3039 laborat
3826 2988 3992 3040 om-

1177 3091 1386 3163 nibus
1422 3091 1645 3165 modis
1676 3092 1769 3166 ad
1801 3092 2117 3165 homines
2143 3091 2603 3185 acquirendos
2634 3089 2761 3185 (t).

1250 3315 1322 3390 (4)
1363 3316 1553 3375 Comes
1585 3316 1673 3375 ille
1714 3317 1800 3374 cui
1843 3315 2025 3373 multis
2076 3315 2233 3374 bonis
2275 3321 2333 3372 et
2374 3314 2671 3373 honoribus
2715 3329 2812 3371 rex
2856 3314 3116 3373 Henricus
3155 3312 3493 3390 providerat,
3534 3312 3662 3373 belli
3702 3314 3760 3373 in
3798 3316 3992 3374 Suevia

1176 3413 1429 3472 summoti
1457 3418 1623 3486 caput
1651 3419 1706 3469 et
1738 3413 1895 3486 quasi
1924 3413 2175 3487 princeps
2212 3412 2379 3470 fuisse
2411 3411 2642 3469 videtur.
2669 3411 2921 3469 Devictus
2944 3417 3124 3469 tamen
3160 3412 3307 3469 haud
3335 3411 3502 3470 multo
3532 3418 3653 3488 post
3682 3411 3844 3485 obiit,
3889 3413 3991 3471 sci-

1173 3513 1298 3570 licet
1318 3514 1386 3569 23
1409 3510 1524 3585 julii
1546 3513 1704 3567 ⁴236.
1729 3509 1808 3567 Cf.
1832 3512 2204 3580 Senonum,
2232 3512 2380 3567 Hist.
2404 3508 2828 3577 Zau-Baderoe„
2846 3508 2943 3566 lib.
2971 3509 3039 3580 Π,
3064 3512 3094 3578 8
3116 3510 3234 3581 vn,
3254 3527 3306 3583 p.
3330 3512 3455 3568 229.

1246 3610 1315 3683 (2)
1351 3610 1499 3666 Idem
1521 3609 1613 3681 qui
1634 3624 1816 3680 supra,
1844 3607 2092 3666 videlicet
2113 3607 2392 3666 Heinricus
2416 3607 2488 3665 de
2515 3607 2693 3665 Nifen.

1247 3709 1321 3782 (3)
1357 3708 1434 3764 Ex
1471 3706 1672 3763 familia
1718 3705 2108 3764 Stauffensibus
2151 3705 2515 3764 addictissima
2554 3705 2774 3762 nuntius
2815 3704 2904 3762 ille
2951 3703 3086 3773 suit,
3134 3703 3264 3761 licet
3304 3703 3362 3760 in
3405 3704 3698 3780 privilegiis
3742 3707 3992 3765 Friderici

1176 3805 1396 3863 secundi
1439 3819 1546 3861 non
1595 3804 1770 3861 adhuc
1808 3804 2135 3878 apparuerit.
2179 3802 2464 3878 Spannagil
2491 3803 2710 3876 quidam
2744 3802 2962 3860 nomine
2995 3801 3272 3861 Conradus
3313 3801 3370 3858 in
3400 3802 3550 3861 curia
3591 3803 3819 3877 Philippi
3854 3805 3994 3879 regis

1179 3919 1304 3960 ann.
1334 3905 1470 3959 ⁴200
1499 3907 1555 3958 et
1581 3904 1719 3958 ⁴205
1747 3902 1996 3973 affuerat,
2025 3902 2180 3974 cujus
2223 3900 2360 3958 filius
2384 3900 2472 3959 vel
2497 3915 2665 3974 nepos
2691 3899 2920 3958 nominis
2945 3899 3186 3973 ejusdem
3220 3899 3278 3956 in
3312 3898 3590 3972 privilegio
3616 3901 3896 3957 Conradini
3925 3901 3993 3958 de

1181 4015 1320 4057 anno
1347 4000 1506 4069 ⁴262,
1537 4002 1603 4054 ⁴6
1630 3998 1857 4070 augusti,
1892 3999 2048 4054 testis
2075 4012 2290 4069 quoque
2317 3995 2644 4054 inscribitur.

1253 4097 1326 4170 (4)
1365 4098 1476 4153 Has
1519 4101 1577 4151 et
1617 4110 1757 4168 quae
1785 4094 2114 4168 praecedunt
2156 4093 2360 4150 litteras
2378 4135 2393 4164 ‚
2430 4108 2596 4165 quum
2636 4090 2712 4148 ibi
2750 4090 2927 4150 desint
2968 4091 3184 4149 omnino
3225 4089 3630 4162 chronologicae
3668 4095 3852 4161 notae,
3884 4107 3992 4148 non

1181 4200 1304 4251 ante
1339 4198 1623 4251 exeuntem
1649 4190 1857 4265 junium
1892 4205 2001 4263 quo
2037 4195 2274 4262 tempore
2321 4190 2613 4263 imperator
2648 4187 2795 4246 circa
2840 4192 3021 4261 partes
3052 4186 3280 4244 Sueviae
3311 4185 3619 4256 advenerit,
3647 4202 3823 4259 neque
3868 4195 3994 4261 post

1179 4292 1382 4349 curiam
1421 4289 1779 4363 maguntinam
1835 4287 1926 4344 ubi
1976 4303 2043 4344 ex
2079 4287 2315 4343 unanimi
2348 4286 2654 4359 principum
2687 4300 2910 4343 assensu
2948 4284 3203 4342 Friderici
3247 4282 3671 4340 adversariorum
3709 4288 3821 4341 tota
3864 4299 3992 4358 spes

1178 4388 1394 4448 evanuit
1419 4429 1434 4458 ,
1464 4386 1796 4460 reponendas
1838 4399 1959 4441 esse
2001 4398 2303 4440 censemus.
2336 4383 2504 4439 Nobis
2551 4382 2871 4439 sententiam
2896 4380 3093 4440 Helleri
3123 4396 3190 4437 ex
3225 4379 3609 4436 commentario
3648 4379 3992 4453 praelaudato

1170 4488 1289 4559 jam
1333 4483 1752 4554 assectantibus,
1783 4496 1979 4539 novam
2015 4480 2284 4538 Staelinus
2332 4479 2462 4536 huic
2500 4478 2736 4553 opinioni
2781 4477 2903 4534 fidei
2949 4491 3173 4535 causam
3209 4476 3412 4547 attulit,
3450 4481 3566 4533 tum
3599 4491 3665 4534 ex
3700 4476 3986 4536 Wirtemb.

1182 4581 1531 4650 Jahrbiicher,
1560 4581 1724 4649 4848,
1769 4585 1811 4635 t.
1838 4578 1889 4650 1,
1920 4594 1977 4651 p.
2014 4579 2276 4649 tto-⁴⁴4,
2312 4581 2427 4633 tum
2474 4592 2541 4632 ex
2585 4574 2807 4649 epistola
2850 4591 2959 4649 qua
2989 4575 3060 4632 ad
3085 4590 3203 4632 rem
3231 4573 3598 4631 elucidandam
3624 4589 3723 4632 nos
3762 4573 3992 4633 salutare

1183 4680 1337 4737 solita
1367 4678 1679 4736 liberalitate
1715 4676 1903 4733 voluit.
1954 4674 2109 4733 Unde
2135 4689 2320 4732 mense
2353 4673 2485 4747 julio
2525 4677 2581 4731 et
2618 4672 2839 4731 forsitan
2876 4672 3005 4731 dum
3046 4672 3335 4747 imperator
3374 4670 3708 4731 Wormatiae
3743 4672 3989 4746 degeret,

1177 4777 1283 4833 duo
1313 4776 1664 4833 instrumenta
1704 4773 1868 4831 fuisse
1906 4772 2106 4847 scripta
2131 4771 2462 4846 conjicimus.
