4842 5802
893 650 1094 711 qurcr.
1127 644 1212 728 9.]
1798 640 2194 704 HISTORIA
2247 640 2834 703 mPLOMA'rch.
3607 644 3729 706 797

890 800 1021 875 pro
1059 777 1413 853 communi
1454 775 1765 850 Ferrarie
1806 777 2174 849 reformare
2231 776 2624 848 societatem
2680 773 3057 870 predictam
3107 776 3494 849 secundum
3545 778 3726 850 anti-

890 922 1114 995 quum
1157 899 1442 974 modum
1475 908 1547 973 et
1583 900 1911 991 formam,
1954 899 2047 971 ita
2090 897 2287 993 quod
2332 896 2516 970 dicte
2551 898 2865 993 potestati
2898 898 3202 972 Ferrarie
3242 908 3311 973 et
3351 900 3482 995 ipsi
3534 921 3724 973 com-

890 1026 1089 1098 muni
1145 1031 1583 1098 reserventur
1633 1044 1875 1097 omnes
1922 1023 2105 1096 bone
2155 1022 2590 1096 conditiones
2636 1044 2776 1117 que
2821 1023 3099 1096 fuerunt
3148 1033 3402 1097 statute
3453 1034 3522 1098 et
3561 1047 3720 1120 pro-

889 1149 1105 1221 misse
1163 1147 1516 1222 communi
1564 1148 1874 1221 Ferrarie
1922 1168 2006 1220 eo
2059 1156 2367 1242 tempore
2407 1146 2694 1241 quando
2751 1145 3004 1220 dictam
3059 1148 3452 1221 societatem
3496 1149 3720 1244 primo

885 1273 1323 1363 juraverunt.
1371 1270 1456 1343 Et
1502 1269 1695 1365 quod
1743 1271 1928 1345 dicta
1971 1279 2275 1366 potestas
2314 1279 2384 1342 et
2435 1290 2797 1343 commune
2829 1271 3131 1343 Ferraria
3177 1292 3317 1344 non
3362 1281 3719 1345 teneantur

892 1415 1019 1490 pro
1081 1393 1265 1467 dicta
1325 1393 1655 1466 societate
1708 1394 1821 1466 vel
1869 1394 2229 1466 occasione
2283 1392 2469 1466 dicte
2522 1393 2865 1466 societatis
2922 1393 3157 1466 subire
3205 1393 3491 1489 aliquod
3539 1417 3718 1469 onus

892 1538 1356 1611 expensarum
1414 1517 1526 1588 vel
1585 1515 1795 1589 ullam
1839 1516 2118 1610 tagliam
2159 1517 2457 1588 militum
2506 1517 2619 1588 vel
2666 1515 2979 1612 peditum
3022 1525 3144 1589 aut
3194 1517 3478 1613 aliquod
3523 1519 3716 1593 aliud

894 1661 1074 1713 onus
1115 1638 1309 1734 quod
1351 1639 1614 1734 imponi
1660 1647 1891 1734 posset
1919 1661 2043 1734 per
2079 1638 2425 1733 predictos
2459 1649 2757 1711 rectores
2786 1647 2909 1711 aut
2956 1659 3194 1711 eorum
3248 1662 3708 1731 successore5‚

894 1783 1055 1836 cum
1099 1761 1287 1837 dicta
1323 1762 1567 1835 civitas
1613 1762 1922 1835 Ferrarie
1950 1762 2041 1834 sit
2087 1770 2374 1855 gravata
2406 1761 2740 1834 hactenus
2783 1761 3017 1835 multis
3058 1763 3385 1836 oneribus
3428 1764 3713 1860 impen—

888 1908 1124 1959 sarum
1165 1894 1444 1982 propter
1488 1885 1766 1958 civilem
1822 1883 2319 1957 dissensionem
2373 1893 2444 1956 et
2490 1893 2767 1979 propter
2804 1884 3328 1960 inundationem
3376 1909 3713 1982 aquarum

888 2021 960 2082 et
1003 2020 1279 2105 propter
1327 2009 1499 2081 alias
1539 2029 1794 2101 graves
1843 2015 1913 2079 et
1962 2006 2429 2079 intolerabiles
2466 2006 2842 2101 gravitates
2884 2030 3024 2102 que
3073 2029 3273 2102 passa
3316 2011 3448 2081 fuit
3501 2019 3572 2083 et
3612 2020 3718 2085 est

888 2132 1077 2205 dicta
1114 2133 1393 2220 civitae,
1432 2142 1501 2204 et
1547 2131 1933 2226 specialiter
1969 2138 2243 2225 propter
2285 2129 2570 2203 servitia
2609 2129 2944 2203 hactenus
2985 2131 3161 2204 facta
3207 2132 3513 2205 societati
3561 2155 3716 2228 pre-

888 2255 1097 2328 dicte.
1131 2253 1271 2327 Sed
1298 2253 1609 2349 predicta
1647 2263 1944 2349 potestas
1978 2264 2048 2325 et
2077 2252 2365 2347 predicti
2405 2263 2702 2326 rectores
2736 2262 2806 2325 et
2836 2254 3341 2327 ambaxiatores
3372 2255 3614 2327 dicunt
3648 2268 3718 2329 et

886 2387 1203 2451 asserunt
1258 2386 1327 2449 et
1366 2377 1611 2450 volunt
1658 2377 1854 2471 quod
1902 2377 2147 2449 civitas
2208 2375 2514 2448 Ferrarie
2575 2375 2666 2446 sit
2719 2374 2810 2448 de
2882 2376 3206 2448 societate
3259 2377 3568 2473 predicta
3642 2381 3714 2451 in

884 2500 1076 2573 hunc
1113 2499 1401 2573 modum
1443 2525 1462 2571 ε
1502 2499 1765 2573 scilicet
1795 2500 1869 2571 in
1902 2498 2135 2573 dando
2171 2499 2323 2572 vias
2364 2507 2436 2571 et
2461 2499 2534 2570 in
2564 2499 2720 2571 aliis
2752 2521 2892 2594 que
2917 2499 3101 2572 circa
3131 2499 3264 2573 hec
3305 2501 3560 2575 fuerint
3586 2523 3714 2603 op-

884 2633 1181 2719 portuna
1229 2622 1617 2698 secundum
1657 2623 2180 2720 possibilitatem
2226 2623 2410 2697 dicte
2454 2623 2752 2697 civitatis
2793 2624 3100 2697 Ferrarie
3119 2677 3141 2714 ,
3192 2633 3263 2697 et
3304 2624 3378 2696 in
3411 2624 3714 2699 vetando

884 2748 1278 2821 Teutonicis
1318 2757 1387 2822 et
1417 2770 1653 2822 eorum
1690 2747 2077 2821 fautoribus
2115 2768 2206 2821 ne
2255 2769 2381 2842 per
2429 2747 2582 2820 vias
2620 2757 2690 2819 et
2731 2768 2949 2841 aquas
2982 2747 3286 2820 Ferrarie
3331 2747 3592 2821 vadant
3642 2758 3712 2822 et

881 2872 1169 2945 veniant
1217 2870 1311 2945 ad
1354 2871 1803 2946 offensionem
1839 2880 1907 2945 et
1958 2870 2445 2944 detrimentum
2495 2870 2839 2944 societatis
2897 2869 3332 2946 Lombardie.
3384 2871 3521 2959 Qui
3568 2869 3710 2945 do—

879 2995 1115 3067 minus
1167 2995 1685 3069 Bartholomeus
1736 2995 2061 3067 antianus
2101 3016 2243 3068 una
2283 3016 2444 3067 cum
2487 2993 2902 3090 supradictis
2952 2993 3330 3066 rectoribus
3374 2995 3705 3089 prefatam

879 3128 1283 3213 potestatem
1327 3119 1635 3192 Ferrarie
1688 3127 1759 3191 et
1807 3117 2031 3192 dictos
2064 3126 2360 3191 rectores
2403 3137 2531 3212 pro
2578 3118 2927 3189 communi
2974 3117 3278 3191 Ferrarie
3319 3116 3705 3190 secundum

878 3239 1354 3336 supradictum
1384 3240 1670 3314 modum
1702 3249 1771 3314 et
1801 3241 1980 3313 sicut
2011 3241 2503 3335 predixerunt,
2541 3239 2634 3312 ad
2663 3241 3055 3312 societatem
3086 3239 3461 3334 predictam
3499 3262 3704 3313 rece-

880 3372 1167 3458 perunt,
1224 3365 1739 3438 affirmaverunt
1779 3372 1850 3436 et
1904 3365 2504 3459 approbaverunt,
2559 3372 2628 3435 et
2669 3383 2789 3436 eos
2827 3364 3064 3455 jurare
3112 3365 3443 3436 fecerunt.
3483 3405 3580 3417 —
3620 3366 3707 3436 Et

881 3506 1016 3578 ego
1058 3483 1458 3574 Aribertu8‚
1492 3487 1620 3558 Dei
1665 3487 1885 3579 gratia
1934 3487 2110 3558 sacri
2165 3486 2400 3581 palatii
2453 3486 2758 3559 notarius
2781 3539 2801 3578 ,
2852 3485 2960 3558 his
3011 3487 3332 3560 omnibus
3386 3487 3699 3574 interfui,

880 3613 1166 3698 rogatus
1195 3605 1497 3679 scribere
1529 3606 1771 3701 scripsi
1803 3616 1873 3679 et
1904 3607 2269 3702 complevi.

2244 3889 2336 3959 11.

980 4090 1060 4160 ln
1108 4088 1353 4162 Christi
1403 4089 1706 4163 nomine.
1755 4086 1957 4162 Anno
2017 4089 2328 4182 ejusdem
2382 4087 2772 4161 Nativitatis
2816 4089 3175 4160 millesimo
3229 4088 3702 4164 ducentesimo

881 4212 1223 4288 tricesimo
1258 4215 1542 4310 quinto,
1578 4213 1955 4287 indictione
1983 4214 2176 4302 VIII,
2211 4213 2480 4300 Brixia,
2522 4222 2829 4307 tempore
2870 4211 3130 4285 domini
3168 4213 3476 4308 Gregorii
3516 4237 3699 4310 pape

880 4347 953 4408 et
996 4339 1303 4412 Pederici
1357 4339 1817 4435 imperatorie,
1853 4337 1970 4411 die
2016 4338 2336 4410 mercurii
2377 4338 2497 4409 VII
2544 4337 2839 4410 intrante
2881 4337 3274 4430 novembri,
3311 4338 3384 4409 in
3419 4339 3700 4433 publica

881 4462 1215 4535 concione
1247 4464 1509 4556 Brixie,
1550 4461 1984 4558 presentibus
2018 4460 2303 4534 domino
2331 4464 2691 4556 Bonapace
2718 4461 2935 4534 milite
2963 4461 3348 4556 potestatis,
3385 4459 3701 4536 Guidone

878 4580 969 4653 de
1015 4585 1263 4676 Raule,
1304 4584 1632 4658 Tederico
1665 4586 1755 4659 de
1799 4586 1974 4660 Villa
2015 4585 2106 4658 de
2155 4583 2584 4675 MediolanO,
2625 4587 3106 4657 Bonaventura
3141 4584 3405 4658 notario
3441 4583 3532 4657 de
3573 4586 3701 4657 Fa-

878 4705 1138 4798 ventia,
1174 4705 1534 4781 Cristosaro
1570 4709 1836 4782 notario
1872 4706 1963 4781 de
2016 4708 2406 4782 Mediolano
2449 4716 2519 4782 et
2554 4708 2708 4780 aliis
2731 4766 2747 4796 ,
2785 4707 2908 4779 ubi
2964 4707 3288 4781 dominus
3334 4708 3703 4782 Umbertus
