4842 5802
1151 660 1274 723 622
2194 672 2544 735 numum
2588 672 2925 737 sar-run
3593 680 3754 761 [An.
3790 680 3972 749 ms.

1249 797 1499 871 Actum
1528 822 1713 874 anno
1740 805 2012 878 Domini
2038 807 2132 880 Μ.
2160 807 2284 880 CC.
2320 808 2641 899 XXXIII,
2685 810 3061 887 indictione
3082 811 3198 885 vl.

1249 923 1496 996 Datum
1529 925 1929 1022 Ratispone‚
1971 930 2060 1003 lv
2096 952 2316 1005 nonas
2343 932 2752 1027 septembris
2781 933 2844 1029 (l
2860 932 2915 1031 ).

1581 1219 1633 1232 ‘-
1650 1219 3537 1234 “offlqu-mmmfflffl——on

779 1499 1071 1607 „2332de
1255 1489 1625 1574 Hem-icus
1638 1548 1663 1593 ,
1706 1488 2226 1573 Romanorum
2279 1515 2451 1593 rex,
2495 1490 2597 1571 ad
2639 1489 3084 1573 instantiam
3124 1489 3429 1573 Henrici
3484 1491 3801 1602 maj0ris
3835 1491 3974 1575 filii

744 1605 798 1648 ¹⁹
819 1608 1099 1663 '‘pm'’m‘
1151 1623 1368 1706 ducis
1412 1620 1982 1731 Lotharingiae,
2021 1621 2369 1704 homines
2412 1621 2511 1703 de
2544 1646 2745 1705 nova
2787 1621 3084 1711 civitate
3127 1623 3338 1733 apud
3369 1622 3657 1709 Silvam
3705 1623 3976 1735 (Bois-

1150 1754 1491 1864 le-Duc)
1532 1780 1579 1834 a
1613 1753 1983 1836 theloneis
2017 1779 2217 1863 quae
2249 1754 2332 1835 in
2367 1754 2633 1838 Rheno
2669 1754 2770 1837 ad
2804 1780 3081 1839 manus
3125 1755 3359 1839 habet
3397 1755 3480 1836 in
3525 1765 3976 1865 perpetuum

1155 1886 1515 1994 absolvit,
1555 1886 1663 1968 ita
1700 1897 1953 1968 tamen
1993 1888 2201 1996 quod
2246 1887 2391 1996 ipsi
2428 1913 2569 1970 nec
2611 1914 2735 1970 res
2783 1886 3110 1972 aliorum
3155 1887 3499 1973 deferant
3543 1914 3684 1972 nec
3726 1889 3824 1972 de
3867 1888 3977 1973 eis

1153 2021 1669 2131 negocientur.

1313 2234 1549 2314 (Edidn
1573 2236 1910 2310 Wunm,
1954 2230 2089 2296 Cod.
2119 2230 2357 2314 dzplom.
2395 2232 2481 2295 ad
2511 2234 2717 2297 chron.
2759 2235 2984 2297 Jomu.
3021 2251 3103 2296 nn
3137 2234 3348 2296 Kmx
3382 2231 3684 2316 adjunct„
3729 2202 3874 2296 tomi
3910 2235 3975 2312 1,

1389 2359 1453 2418 p.
1487 2350 1602 2402 636
1638 2338 1987 2420 (Bruxelles,
2020 2338 2225 2421 1839),
2251 2357 2326 2402 ex
2352 2340 2672 2403 chartular.
2705 2342 2907 2405 ducat.
2935 2340 3114 2404 Brab.
3144 2342 3244 2415 B„
3272 2340 3379 2404 fol.
3413 2349 3447 2401 5
3476 2338 3689 2421 recto.)

1252 2526 1621 2618 Henricus,
1678 2527 1804 2599 Dei
1858 2527 2078 2620 gratia
2110 2547 2240 2599 rex
2274 2527 2739 2600 Romanorum
2769 2537 2839 2600 et
2877 2546 3150 2622 semper
3184 2536 3524 2621 augustus
3546 2578 3567 2618 ‚
3624 2523 3974 2599 universis

1158 2673 1443 2747 presens
1474 2651 1802 2747 scriptum
1834 2651 2092 2724 visuris
2119 2652 2438 2724 salutem.
2464 2652 2796 2725 Noverint
2816 2652 3123 2725 universi
3141 2650 3335 2746 quod
3351 2673 3479 2724 nos
3502 2650 3594 2725 ad
3612 2651 3980 2723 instantem

1156 2776 1688 2871 postulationem
1737 2773 2095 2869 predilecti
2137 2774 2363 2845 affinis
2412 2775 2624 2846 nostri
2668 2774 2981 2867 Henrici,
3037 2774 3315 2866 maioris
3345 2773 3470 2846 filii
3505 2773 3793 2845 illustris
3847 2771 3981 2845 viri

1161 2895 1384 2969 fidelis
1416 2897 1630 2969 nostri
1665 2895 1940 2968 Henrici
1975 2895 2175 2969 ducis
2204 2895 2673 2991 Lotbaringie,
2719 2896 3082 2970 universos
3116 2895 3430 2969 homines
3464 2918 3629 2969 suos
3673 2894 3765 2968 de
3796 2915 3982 2968 nova

1165 3020 1443 3091 civitate
1473 3018 1663 3115 apud
1700 3020 1956 3091 Silvam
1994 3017 2097 3114 (2)
2134 3019 2257 3114 qui
2292 3042 2480 3091 nunc
2526 3020 2626 3092 ibi
2667 3029 2830 3093 sunt
2874 3029 2944 3094 et
2978 3021 3049 3092 in
3102 3028 3451 3115 posterum
3482 3019 3645 3090 illuc
3683 3016 3775 3091 ad
3817 3038 3982 3089 ma·-

1163 3141 1472 3214 nendum
1503 3142 1983 3231 convenerint,
2035 3143 2345 3237 exceptis
2387 3143 2639 3216 nostris
2676 3143 3072 3216 hominibus
3111 3141 3237 3237 qui
3283 3141 3545 3214 ibidem
3589 3140 3804 3236 recipi
3842 3160 3980 3212 non

1169 3265 1447 3358 debent,
1490 3288 1527 3338 a
1568 3265 1889 3338 theloniis
1916 3264 2167 3338 nostris
2202 3286 2341 3360 que
2377 3286 2506 3337 nos
2539 3266 2964 3361 ubicumque
2990 3266 3063 3336 in
3096 3267 3286 3338 Reno
3319 3263 3413 3338 ad
3441 3285 3688 3336 manus
3720 3271 3985 3337 nostras

1169 3389 1535 3479 habemuS‚
1568 3389 1781 3485 regali
1812 3389 2232 3483 benignitate
2262 3389 2332 3459 in
2365 3399 2771 3486 perpetuum
2805 3388 3270 3480 absolvimus;
3311 3389 3407 3460 ita
3440 3386 3766 3460 videlicet
3793 3383 3988 3481 quod

1172 3512 1260 3586 de
1296 3514 1502 3586 rebus
1531 3532 1669 3608 que
1703 3534 1831 3585 sue
1866 3521 2027 3584 sunt
2060 3512 2324 3584 nullum
2361 3511 2561 3585 nobis
2596 3513 2709 3585 vel
2746 3511 3130 3586 necessario
3157 3509 3309 3607 (sic)
3338 3519 3570 3585 nostro
3588 3510 3987 3607 persolvant

1169 3636 1556 3709 theloneum
1594 3638 1923 3730 nullaque
1947 3637 2018 3708 in
2055 3657 2174 3710 eos
2216 3636 2330 3710 vel
2373 3657 2488 3710 res
2540 3638 2840 3731 ipsorum
2872 3636 2991 3710 fiat
3025 3635 3329 3729 exactio,
3373 3635 3649 3731 ipsique
3689 3634 3983 3708 aliorum

1165 3782 1275 3833 res
1311 3782 1439 3833 nec
1471 3760 1779 3834 deferant
1809 3782 1938 3833 nec
1973 3757 2062 3834 de
2094 3761 2196 3834 eis
2224 3761 2695 3856 negocientur.
2729 3761 3105 3835 Statuimus
3133 3761 3355 3855 ‘igitur
3383 3769 3453 3834 et
3488 3759 3704 3854 regali
3739 3768 3985 3832 aucto-‘-

1165 3885 1365 3956 ritate
1396 3886 1757 3957 sanximus
1800 3894 1879 3956 ut
1923 3885 2113 3958 nulla
2162 3887 2444 3959 omnino
2477 3908 2766 3980 persona
2801 3886 3083 3958 humilis
3132 3885 3245 3958 vel
3292 3886 3463 3972 alta,
3501 3882 3826 3957 secularis
3870 3880 3987 3954 vel

1164 4009 1657 4098 ecclesiastica,
1697 4008 2043 4104 predictos
2073 4008 2387 4082 homines
2414 4009 2506 4082 de
2532 4032 2713 4083 nova
2743 4011 3019 4085 civitate
3048 4009 3239 4105 apud
3273 4009 3532 4083 Silvam
3567 4006 3688 4100 qui
3725 4005 3823 4076 ibi
3858 4023 3986 4099 pro

1161 4143 1475 4227 tempore
1526 4131 1807 4223 fuerint,
1843 4141 2068 4227 preter
2104 4141 2369 4204 nostros
2393 4131 2710 4206 homines
2738 4153 2912 4227 quos
2946 4133 3332 4229 recepimus
3358 4129 3497 4228 (a),
3535 4139 3773 4202 contra
3802 4127 3983 4199 hanc

1255 4305 1334 4385 (a)
1380 4306 1787 4368 verisimiliter
1810 4303 2122 4384 legendum
2145 4305 2469 4384 excepimus
2476 4349 2499 4382 ,
2526 4310 2597 4367 ut
2621 4321 2815 4384 supra.

1241 4593 1313 4665 (t)
1353 4595 1771 4652 Instrumentum
1802 4598 1982 4650 autem
2015 4592 2379 4650 conventionis
2415 4592 2596 4667 hujus,
2614 4592 2798 4651 datum
2830 4593 2887 4650 in
2903 4592 3094 4651 eodem
3125 4591 3244 4650 loco
3276 4595 3335 4648 et
3373 4603 3499 4649 cum
3536 4588 3677 4648 notis
3708 4585 3985 4645 chronolo-

1170 4688 1300 4762 gicis
1322 4689 1542 4760 eisdem,
1565 4695 1712 4747 extat
1731 4690 1787 4746 in
1811 4689 2000 4747 eodem
2025 4689 2207 4747 codice
2223 4695 2280 4747 et
2294 4690 2459 4748 etiam
2474 4695 2801 4754 memoratur
2823 4706 2915 4764 ap.
2932 4690 3086 4750 Larte
3100 4732 3117 4762 ,
3154 4691 3359 4763 Roqest.
3381 4690 3532 4747 Boio.
3551 4729 3566 4760 ‚
3586 4691 3630 4746 t.
3651 4686 3720 4758 11,
3739 4701 3798 4760 p.
3820 4687 3948 4746 22⁰.

1237 4784 1307 4857 (2)
1346 4784 1489 4841 Haec
1511 4791 1594 4843 est
1614 4785 1804 4843 civitas
1822 4785 1983 4844 hodie
1999 4787 2268 4844 nominata
2286 4786 2646 4860 Bois-le-Duc,
2674 4802 2847 4863 pauco
2871 4792 2996 4846 ante
3017 4785 3312 4845 aedificata.
