4842 5802
1149 653 1271 714 976
2069 657 2323 718 INDEX
2371 657 3062 720 DOCUMENTORUM.

1179 858 1395 934 1255

2003 1004 2125 1064 qua
2143 988 2257 1049 fuit
2278 987 2600 1050 difflnItum
2624 989 2887 1049 eamdem
2914 988 3195 1064 capellam
3220 988 3296 1049 ad
3315 986 3781 1064 iurisdictionem
3806 987 3990 1061 impe-

2003 1086 2073 1142 rii
2102 1087 2388 1160 pertinere
2410 1101 2605 1161 neque
2630 1087 2901 1162 episcopo
2927 1083 3233 1144 Leodiensi
3253 1085 3315 1143 in
3338 1083 3538 1160 aliquo
3564 1083 3771 1142 teneri.
3870 1088 3984 1139 764

1216 1183 1368 1254 sept.
1496 1175 1856 1253 Hagenowe.
1926 1209 2003 1223 -
2044 1179 2318 1240 Cunrado
2344 1180 2658 1258 bun-gravio
2686 1181 2759 1239 de
2786 1179 3148 1257 Nuremberg
3173 1187 3233 1241 et
3259 1177 3610 1239 haeredibus
3652 1181 3784 1254 ejus
3820 1193 3984 1251 emp-

2003 1278 2222 1336 tionem
2249 1280 2426 1337 castri
2453 1277 2774 1354 Virnsberg
2801 1278 2960 1353 quod
3001 1274 3306 1337 Gotfridus
3330 1277 3405 1336 de
3427 1274 3771 1335 Hohenloch
3797 1290 3833 1334 a
3858 1274 3981 1334 Lu-

2003 1371 2227 1432 dewico
2253 1373 2327 1432 de
2354 1373 2674 1451 Virnsberg
2699 1390 2806 1451 pro
2833 1375 3370 1448 recompensatione
3408 1372 3610 1431 damni
3656 1388 3762 1447 per
3806 1386 3986 1430 eum-

2003 1469 2139 1529 dem
2168 1471 2280 1530 sibi
2306 1471 2455 1530 illati
2481 1477 2805 1547 receperat,
2834 1469 3163 1530 confirmat.
3866 1477 3978 1528 765

1221 1570 1370 1640 sept.
1495 1561 1854 1640 Hagenowe.
1923 1597 2005 1607 -
2045 1566 2136 1625 Ad
2165 1569 2647 1642 conquestionem
2690 1565 2921 1626 abbatis
2963 1565 3396 1638 Murbacensis,
3424 1564 3715 1625 universis
3757 1566 3983 1638 imperii

2004 1661 2271 1723 fidelibus
2310 1665 2555 1724 mandat
2595 1671 2666 1724 ut
2708 1664 2908 1724 nullus
2953 1666 3031 1725 sit
3070 1666 3173 1740 qui
3217 1662 3373 1722 bona
3408 1661 3671 1739 ejusdem
3710 1660 3986 1720 ecclesiae

2004 1760 2259 1820 alienare
2298 1769 2663 1837 praesumat,
2701 1761 2806 1821 sed
2848 1763 2899 1822 si
2943 1776 3062 1839 qua
3100 1761 3298 1820 illicite
3339 1761 3594 1821 alienata
3626 1758 3878 1834 fuerint,
3907 1758 3984 1817 ad

1998 1858 2102 1931 jus
2127 1857 2311 1932 ipsIus
2336 1858 2611 1918 ecclesiae
2629 1858 2885 1918 debeant
2907 1859 3190 1917 revocari.
3867 1863 3985 1914 766

1220 1958 1369 2028 sept.
1498 1946 1859 2025 Hagenowe.
1923 1981 2006 1996 —
2043 1951 2297 2012 Innovat
2339 1959 2400 2013 et
2438 1953 2747 2014 confirmat
2788 1953 3158 2031 privilegium
3195 1951 3272 2012 ab
3315 1952 3571 2011 Henrico
3612 1956 3782 2011 sexto
3820 1958 3986 2027 patre

2005 2066 2115 2109 suo
2149 2065 2303 2109 anno
2336 2057 2516 2128 1195,
2544 2056 2755 2110 octavo
2781 2050 3006 2109 decimo
3047 2049 3145 2109 die
3189 2049 3478 2123 octobris,
3507 2047 3834 2120 indultum,
3863 2063 3986 2123 quo

2005 2145 2305 2207 abbatiam
2330 2147 2404 2206 de
2433 2146 2755 2224 Altenberg
2780 2146 2858 2207 ab
2882 2147 3045 2205 omni
3074 2145 3348 2206 theloneo
3383 2152 3508 2206 tam
3534 2147 3595 2204 ln
3621 2150 3778 2204 terra
3803 2159 3984 2220 quam

2005 2245 2065 2302 in
2092 2259 2249 2320 aqua
2275 2249 2557 2321 perpetuo
2582 2243 2829 2303 liberam
2857 2244 3181 2303 constituit.
3868 2249 3978 2299 767

1216 2346 1369 2417 sept.
1500 2337 1860 2416 Hagenowe.
1927 2374 2006 2386 —
2046 2341 2419 2403 Abbatissam
2447 2351 2505 2403 et
2531 2348 2886 2403 conventum
2916 2342 3252 2402 monasterii
3278 2339 3625 2416 Lilienthal,
3655 2339 3985 2399 Bremensis

2006 2436 2316 2512 dioecesis,
2347 2454 2485 2498 cum
2510 2436 2784 2497 omnibus
2809 2452 3012 2496 earum
3038 2436 3208 2497 bonis
3232 2438 3294 2494 in
3322 2450 3429 2495 sua
3454 2433 3812 2512 protectione
3840 2434 3984 2493 reci·

2008 2537 2124 2613 pit,
2154 2537 2355 2612 eisque
2380 2536 2708 2611 specialiter
2733 2533 3037 2596 confirmat
3065 2534 3191 2594 loca
3216 2548 3370 2611 quae
3394 2533 3673 2593 dicuntur
3697 2531 3896 2608 Trupa
3927 2539 3987 2590 et

2007 2632 2409 2692 Vallerbroke.
3868 2636 3984 2688 769

1220 2733 1372 2804 sept.
1502 2724 1852 2802 Hagenowe.
1928 2761 2009 2771 —-
2042 2727 2337 2789 Abbatem
2384 2730 2582 2789 Sancti
2626 2729 2923 2804 'trutperti
2938 2771 2954 2799 ,
3012 2732 3368 2789 conventum
3388 2770 3407 2800 ,
3450 2730 3872 2787 monasterium
3926 2733 3987 2787 et

2007 2828 2203 2886 omnia
2230 2826 2387 2886 bona
2414 2829 2544 2905 ejus
2570 2826 2684 2886 sub
2710 2841 2822 2886 sua
2848 2832 2908 2886 et
2930 2827 3156 2903 imperii
3181 2827 3537 2901 protectione
3558 2826 3784 2901 recipit.
3872 2833 3984 2884 770

1188 2930 1262 2982 2⁵
1290 2927 1405 2982 oct.
1517 2917 1840 2996 Augustae.
1928 2954 2008 2966 —
2046 2922 2361 2983 Buticlario
2389 2923 2465 2984 de
2503 2923 2918 3001 Nurenberch,
2947 2924 3024 2983 ad
3051 2922 3348 3002 querelam
3387 2925 3699 3000 praepositi
3737 2929 3798 2984 et
3840 2940 3986 2984 con-

2008 3028 2221 3081 ventus
2248 3021 2321 3079 de
2348 3019 2711 3096 Speinshart,
2734 3021 2976 3081 mandat
2999 3028 3068 3081 ut
3088 3035 3268 3081 causa
3292 3022 3574 3097 inquisita
3600 3035 3775 3095 super
3799 3020 3986 3079 advo·

2008 3120 2161 3177 catia
2184 3118 2457 3177 villarum
2481 3118 2871 3194 quarumdam
2889 3125 3177 3195 arrogata,
3196 3119 3557 3196 lantgravios
3577 3117 3651 3177 de
3671 3117 3984 3189 Waldeck,

2009 3215 2083 3273 de
2110 3214 2555 3291 Leuchteuberg
2582 3221 2641 3274 et
2661 3215 2979 3275 Henricum
3006 3215 3081 3275 de
3106 3215 3404 3276 Turndorf
3420 3214 3497 3275 ab
3522 3217 3683 3276 omni
3708 3215 3987 3275 molesta-

2008 3313 2169 3371 tione
2194 3312 2334 3371 dicti
2363 3314 2674 3388 praepositi
2702 3318 3052 3387 compescat.
3868 3320 3983 3372 783

1168 3407 1418 3471 octobri.
1517 3400 1842 3479 Augustae.
1929 3436 2011 3452 —
2048 3406 2367 3466 Ecclesiam
2397 3408 2463 3466 in
2493 3407 2800 3483 Kitzingen
2820 3422 2956 3466 cum
2985 3408 3247 3483 personis
3275 3413 3334 3467 et
3359 3406 3819 3483 possessionibus
3858 3423 3987 3465 om·

2007 3503 2184 3563 nibus
2211 3505 2271 3561 in
2299 3503 2536 3579 speciali
2560 3506 2916 3579 protectione
2942 3518 3050 3563 sua
3074 3509 3135 3563 et
3173 3505 3401 3580 imperii
3428 3505 3656 3580 recipit.
3872 3513 3986 3564 784

1168 3604 1418 3666 octobri.
1590 3594 1768 3670 Apud
1928 3632 2015 3649 --
2046 3600 2360 3677 liudolpho
2400 3599 2602 3660 abbati
2646 3600 2934 3660 Faucensi
2972 3601 3343 3678 privilegium
3382 3616 3541 3661 anno
3587 3609 3738 3661 1219
3766 3603 3990 3678 (verius

1508 3692 1854 3770 Augustam.
2016 3697 2193 3772 1218)
2221 3713 2395 3773 super
2424 3698 2792 3757 restitutione
2817 3699 3155 3774 provinciae
3179 3698 3470 3758 Aschowe
3496 3714 3533 3757 a
3559 3714 3623 3759 se
3657 3698 3988 3772 indultum,

2006 3793 2347 3854 innovando
2374 3793 2704 3853 confirmat.
3873 3804 3986 3854 785

1171 3896 1415 3958 octobri.
1596 3886 1770 3962 Apud
1930 3925 2010 3934 —
2048 3891 2144 3951 Ad
2173 3891 2661 3967 supplicationem
2689 3890 3012 3951 Hermanni
3043 3892 3308 3968 magistri
3337 3891 3549 3952 domus
3574 3890 3824 3952 Sanctae
3848 3892 3993 3951 Ma-

1507 3983 1856 4061 Augustam.
2008 3988 2131 4046 riae
2155 3985 2655 4046 'theutonicorum
2673 4029 2692 4059 ,
2719 3988 2773 4046 ei
2815 3992 2876 4046 et
2897 3986 3174 4047 fratribus
3200 3991 3328 4064 ejus
3353 3988 3656 4048 ecclesiam
3683 3988 3747 4046 in
3775 3986 3993 4046 Kunitz

2008 4097 2148 4141 cum
2174 4082 2432 4142 ecclesiis
2475 4084 2539 4141 in
2582 4083 2769 4143 Berne
2805 4091 2864 4144 et
2889 4084 3244 4158 Ivernstorf,
3272 4100 3419 4161 quas
3447 4085 3587 4144 olim
3616 4083 3839 4143 eisdem
3860 4086 3993 4159 jam

2010 4179 2328 4248 concessit,
2360 4177 2556 4237 denuo
2585 4179 2851 4239 concedit
2874 4181 3020 4240 etin
3047 4187 3392 4256 perpetuum
3418 4178 3748 4240 confirmat.
3874 4188 3988 4240 787

1188 4294 1254 4346 31
1292 4288 1408 4343 oct.
1595 4275 1771 4351 Apud
1930 4309 2012 4319 —-
2049 4274 2535 4335 Ministerialibus
2561 4275 2718 4335 intra
2742 4279 3087 4337 comitatum
3108 4277 3450 4338 stadensem
3477 4277 3812 4337 constitutis
3834 4280 3894 4335 et
3914 4274 3992 4334 ad

1500 4373 1855 4451 Augustam.
2009 4372 2332 4432 dominium
2361 4372 2436 4432 de
2463 4372 2815 4433 Brunswick
2839 4374 3225 4435 attinentibus
3247 4375 3494 4436 mandat
3518 4379 3588 4434 ut
3612 4373 3750 4433 duci
3788 4372 3991 4432 Ottoni

2009 4471 2085 4530 de
2110 4469 2435 4546 Luneburg
2477 4474 2762 4546 tanquam
2789 4471 3030 4532 domino
3067 4487 3176 4532 suo
3214 4472 3520 4543 obediant,
3548 4472 3663 4547 ipsi
3695 4469 3993 4530 fidelitatis

2007 4570 2408 4644 juramentum
2437 4566 2801 4627 exhibentes.
3874 4574 3987 4625 789

1187 4679 1260 4732 31
1293 4675 1410 4730 oct.
1596 4664 1773 4742 Apud
1937 4695 2011 4710 —
2052 4664 2354 4724 Universis
2380 4663 2609 4724 civibus
2634 4665 2709 4725 de
2735 4664 2954 4725 staden
2980 4665 3223 4726 mandat
3245 4670 3316 4724 ut
3341 4665 3546 4726 Ottoni
3571 4664 3646 4724 de
3672 4661 3993 4738 Luneburg

1505 4763 1861 4841 Augustam.
2011 4777 2187 4839 quem
2213 4763 2276 4820 in
2304 4763 2624 4839 principem
2653 4778 2827 4823 suum
2857 4764 3108 4837 creavit,
3138 4764 3450 4824 restituant
3488 4777 3559 4822 ea
3601 4776 3754 4837 quae
3789 4764 3993 4818 tenent
