4842 5802
767 2782 1066 2893 uussffllerffi

811 2890 868 2934 28
885 2892 1024 2946 junii.

1190 624 1312 687 660
2222 629 2567 690 namuel
2616 629 2950 691 surum
3627 636 3788 713 [Am.
3828 637 3997 701 1234

1191 767 1415 832 tarum
1452 759 1649 831 nobis
1703 814 1721 831 .
1785 814 1805 832 .
1864 817 1881 833 .
1939 762 2283 836 abbatisse
2309 773 2379 835 et
2407 772 2786 835 conventus
2819 762 3207 834 monasterii
3227 765 3439 838 Vallis
3461 769 3707 841 Sancte
3734 769 3996 863 Crucis,

1192 882 1613 976 presentium
1664 885 2064 959 auctoritate
2113 887 2339 959 locum
2389 886 2618 980 ipsum
2668 894 2736 957 et
2786 905 3113 979 personas
3157 907 3314 958 cum
3360 889 3683 963 omuibus
3735 915 3874 987 que
3928 895 4001 965 in

1189 1005 1689 1098 presentiarum
1713 1007 2066 1099 possident
2105 1017 2226 1081 aut
2257 1010 2327 1079 in
2360 1011 2664 1080 futurum
2699 1007 2903 1100 justis
2947 1009 3171 1081 modis
3205 1019 3524 1103 poterunt
3546 1013 3838 1109 adipisci
3866 1016 4000 1089 sub

1187 1135 1485 1198 nostram
1517 1135 1584 1198 et
1617 1127 1886 1222 imperii
1914 1130 2278 1224 specialem
2306 1130 2692 1225 recepimus
2735 1132 3250 1224 protectionem.
3299 1135 3370 1205 Si
3415 1157 3590 1228 quos
3617 1158 3784 1211 vero
3814 1161 3996 1211 nun-

1183 1249 1325 1321 cios
1381 1272 1507 1344 pro
1548 1251 1694 1322 suis
1745 1253 2263 1327 necessitatibus
2313 1253 2407 1326 ad
2457 1252 2875 1345 colligendas
2922 1255 3329 1328 elemosinas
3381 1258 3453 1329 iu
3499 1258 3756 1332 finibus
3801 1264 3997 1356 regui

1182 1372 1394 1443 nostri
1428 1372 1768 1465 miserint,
1811 1375 1942 1447 sub
1974 1376 2215 1449 eadem
2239 1376 2657 1470 protectione
2680 1385 2908 1449 nostra
2930 1379 3296 1472 recipimus
3321 1391 3390 1453 et
3420 1382 3767 1456 conductu
3795 1408 3814 1472 ;
3869 1407 3994 1459 vo-

1176 1495 1393 1567 lentes
1433 1505 1510 1567 ut
1546 1495 1639 1568 ad
1675 1498 1904 1570 omnia
1953 1499 2227 1591 agenda
2262 1522 2390 1573 sua
2420 1521 2775 1593 egressum
2815 1501 3109 1573 liberum
3146 1502 3443 1577 habeant
3477 1516 3544 1577 et
3572 1529 3983 1601 regressum.

1173 1619 1584 1693 Mandamus
1631 1621 1863 1715 itaque
1907 1623 2038 1693 sub
2074 1645 2249 1717 pena
2296 1624 2515 1717 gratie
2559 1633 2788 1697 nostre
2825 1624 3108 1698 firmiter
3154 1629 3604 1725 precipientes
3648 1641 3990 1724 quatenus

1172 1742 1407 1813 nullus
1430 1743 1521 1814 sit
1543 1745 1664 1835 qui
1684 1743 2031 1837 predictas
2053 1745 2474 1818 abbatissam
2504 1755 2573 1817 et
2599 1757 3014 1819 conventum
3052 1752 3446 1822 monasterii
3484 1753 3793 1847 prelibati
3823 1777 3990 1849 pre-

1167 1875 1397 1936 sumat
1431 1865 1542 1937 vel
1575 1866 1829 1938 audeat
1871 1869 2254 1941 molestare.
2298 1868 2502 1953 Quod
2547 1869 2669 1963 qui
2704 1870 2941 1942 fecerit
2975 1871 3243 1943 noverit
3289 1894 3332 1945 a
3374 1875 3749 1967 majestatis
3794 1878 3987 1970 regie

1170 1989 1389 2081 gratia
1423 2010 1499 2062 se
1531 1990 1917 2063 exclusum.

1263 2114 1511 2184 Datum
1540 2113 1727 2208 apud
1762 2114 2206 2207 Nurimberg‚
2264 2114 2447 2186 XVII
2493 2113 2821 2188 kalendas
2860 2116 3054 2207 julii,
3107 2139 3291 2190 anno
3322 2118 3804 2192 incarnationis
3830 2123 3982 2194 Do-

1162 2234 1332 2306 mini
1355 2236 1452 2309 Μο
1470 2235 1595 2308 CC⁰
1616 2237 1953 2308 ΧΧΧΙΙΙΙο
1975 2290 1995 2327 ,
2036 2237 2410 2311 indictione
2430 2239 2598 2310 vl1·.

1257 2773 1627 2857 Henricus
1652 2834 1675 2878 ‚
1734 2774 2254 2858 Romanorum
2316 2802 2449 2858 rex
2475 2839 2499 2885 ,
2556 2774 2964 2859 Bertholdo
3027 2777 3560 2885 Argentinensi
3624 2781 3973 2891 episcopo

1153 2913 1229 2986 et
1270 2906 1626 2987 ecclesiae
1680 2905 1844 3014 ejus
1898 2908 2275 3017 quidquid
2311 2908 2508 3016 juris
2560 2909 2641 2989 in
2695 2919 2942 2990 castro
2985 2909 3082 2989 de
3129 2910 3388 2989 Tanne
3424 2908 3729 3020 (Thau)
3774 2938 3973 2995 novo

1152 3035 1270 3119 vel
1310 3036 1624 3145 antiquo
1660 3037 1820 3144 ipse
1847 3064 1979 3119 rex
2016 3038 2310 3141 habuit,
2353 3040 2680 3145 confert,
2720 3040 3238 3148 promittitque
3266 3040 3374 3121 eis
3410 3051 3674 3122 contra
3707 3042 3967 3151 impe-

1154 3166 1495 3249 titionem
1529 3167 2083 3251 Ferretensium
2119 3171 2347 3252 etiam
2383 3171 2464 3252 in
2493 3170 2783 3280 judicio
2821 3197 2900 3252 se
2935 3172 3097 3254 fore
3133 3171 3648 3254 favorabilem.

1316 3371 1520 3445 (Edid.
1549 3372 1882 3446 Lmunu,
1912 3373 2163 3433 Histoire
2188 3370 2471 3447 d’Alrace,
2501 3380 2550 3434 t.
2580 3375 2662 3450 11,
2692 3390 2977 3452 preuves,
3008 3391 3069 3452 p.
3105 3372 3233 3453 38.)

1245 3557 1611 3647 HenricuS,
1654 3559 1777 3630 Dei
1815 3559 2030 3653 gratia
2053 3561 2513 3633 Romanorum
2546 3582 2671 3632 rex
2712 3568 2782 3632 et
2815 3580 3084 3655 semper
3121 3570 3481 3653 augustus.
3513 3560 3624 3632 Ad
3652 3561 3963 3635 notitiam

1148 3681 1580 3774 singulorum
1616 3684 1940 3754 volumus
1974 3683 2332 3777 pervenire
2375 3683 2569 3777 quod
2614 3706 2745 3757 nos
2789 3682 2883 3755 ad
2917 3682 3409 3755 declarandum
3443 3684 3719 3778 plenum
3748 3688 3964 3780 gratie

1147 3815 1380 3878 nostre
1412 3808 1714 3879 favorem
1745 3807 1926 3879 circa
1960 3807 2283 3880 dilectum
2315 3810 2698 3902 principem
2736 3816 3044 3879 nostrum
3080 3809 3158 3878 B.
3200 3805 3774 3900 Argentiuensem
3816 3810 3962 3904 epi-

1150 3949 1433 4022 scopum
1466 3941 1534 4000 et
1575 3951 1772 4002 suam
1825 3931 2218 4022 ecclesiam,
2274 3932 2689 4003 contulimus
2730 3941 2799 4002 et
2847 3930 3262 4003 donavimus
3295 3931 3360 4001 ei
3398 3939 3466 4001 et
3507 3951 3633 4001 sue
3678 3931 3962 4002 ecclesie

1147 4051 1484 4146 quicquid
1503 4053 1680 4144 juris
1707 4053 1777 4123 iu
1807 4064 2027 4125 castro
2063 4053 2154 4126 de
2178 4056 2409 4125 Tanne
2434 4074 2618 4125 novo
2662 4054 2774 4125 vel
2812 4054 3096 4147 antiquo
3139 4053 3510 4125 habuimus
3559 4053 3671 4124 vel
3707 4050 3961 4124 habere

1146 4175 1588 4268 aliquomodo
1616 4175 2026 4247 videbamur
2060 4187 2130 4246 et
2174 4197 2408 4248 eorum
2440 4176 2882 4271 pertinentias
2912 4176 3293 4249 universas.
3331 4175 3446 4247 Ad
3494 4174 3623 4245 hec
3645 4174 3960 4268 promisi·

1146 4318 1305 4369 mus
1342 4296 1673 4370 adhibere
1719 4298 1878 4369 totis
1924 4296 2285 4370 desideriis
2329 4309 2400 4370 et
2443 4299 2801 4371 conatibus
2836 4320 3116 4393 operam
3160 4299 3504 4369 efficacem
3536 4294 3725 4389 quod
3769 4295 3959 4367 idem

1151 4418 1516 4512 episcopus
1538 4427 1606 4491 et
1642 4419 1928 4491 ecclesia
1952 4440 2077 4491 sua
2110 4440 2316 4516 super
2364 4421 2517 4515 ipso
2551 4430 2770 4493 castro
2806 4430 2874 4493 et
2902 4421 3046 4492 suis
3087 4419 3513 4515 pertiuentiis
3552 4418 3643 4491 ab
3681 4418 3958 4514 impeti-

1151 4542 1334 4614 tione
1362 4551 1432 4613 et
1463 4543 1955 4637 conquestione
1994 4545 2378 4617 Ferracensi
2402 4543 2496 4640 (a)
2522 4539 3049 4641 absolvant[ur].
3075 4543 3276 4629 Quod
3300 4543 3354 4616 si
3383 4544 3551 4618 forte
3576 4544 3797 4616 facere
3818 4564 3954 4616 non

1236 4714 1318 4796 (a)
1361 4718 1595 4780 Scilicet
1625 4721 1892 4781 comitum
1916 4720 2161 4782 Fen-eti.
