4842 5802
857 660 1056 722 Iunior.
1088 660 1176 737 9.]
1752 661 2150 724 HISTORIA
2202 665 2789 736 DIPLOMATICA.
3563 680 3686 743 897

858 794 1024 887 gulo
1079 792 1395 884 militari,
1460 795 1661 886 cujus
1717 797 2039 889 precibus
2088 820 2225 871 non
2278 803 2700 894 prestitimus
2753 816 2922 879 tunc
2987 812 3310 905 temporis
3364 816 3680 910 comple—

854 927 1163 988 mentum
1182 967 1201 1003 ,
1259 937 1336 987 se
1392 916 1855 1009 oportunitate
1902 920 2224 1014 temporis
2284 924 2750 1001 subtrahente.
2806 930 2944 1004 Sed
2998 935 3403 1008 excellentie
3450 946 3680 1011 nostre

855 1036 1075 1130 placet
1105 1036 1298 1131 quod
1332 1036 1549 1110 decus
1590 1048 1707 1109 tue
1738 1040 1981 1114 militie
2016 1056 2210 1136 grata
2255 1047 2528 1121 fortuna
2566 1050 2834 1124 distulit
2872 1063 2949 1125 ut
2984 1055 3178 1148 quod
3209 1079 3335 1151 pro
3367 1067 3435 1131 te
3473 1060 3679 1133 frater

855 1170 1019 1230 tuus
1069 1159 1340 1231 studuit
1383 1160 1707 1253 precibus
1742 1163 2084 1255 obtinere,
2137 1166 2262 1237 tibi
2308 1168 2460 1243 sine
2490 1175 2898 1268 cujusquam
2939 1179 3255 1270 precibus
3295 1181 3582 1255 libenter
3612 1193 3681 1255 et

853 1281 1221 1353 liberaliter
1256 1281 1757 1372 concedamus;
1809 1288 2149 1357 ostensuri
2192 1290 2555 1382 magnifice
2596 1297 2900 1370 favorem
2943 1310 3247 1372 nostrum
3283 1314 3352 1374 et
3386 1305 3672 1392 gratiam

849 1424 1058 1494 quam
1108 1413 1389 1496 paterna
1434 1412 1504 1475 et
1552 1415 1669 1476 tua
1714 1418 2114 1480 meruerunt
2155 1413 2435 1486 servitia
2486 1415 2835 1491 modernis
2875 1424 3324 1516 temporibus.
3382 1427 3674 1522 Suppli-

849 1526 1149 1598 cationes
1196 1546 1362 1598 vero
1391 1535 1545 1598 tuas
1582 1528 1978 1600 audivimus
2007 1553 2183 1624 quas
2213 1556 2338 1627 pro
2364 1537 2485 1607 tali
2508 1551 2737 1612 nostre
2774 1545 3235 1633 magnitudini
3280 1547 3666 1640 destinasti,

847 1655 916 1719 et
957 1649 1318 1720 consilium
1366 1658 1437 1721 et
1467 1649 1804 1740 juvamen
1845 1663 2152 1725 nostrum
2199 1656 2293 1728 ad
2331 1658 2404 1731 id
2452 1661 2964 1754 interponemus
2999 1667 3287 1741 libenter
3330 1672 3511 1743 utin
3542 1672 3674 1745 hoc

848 1769 1163 1844 effectum
1203 1772 1303 1842 tui
1342 1772 1669 1845 desiderii
1701 1778 2168 1869 consequaris.
2232 1781 2525 1855 Studeas
2576 1786 2787 1878 igitur
2833 1789 2906 1859 in
2943 1792 3241 1863 servitiis
3272 1796 3546 1885 nostris,
3582 1796 3673 1870 de

847 1893 1031 1965 bono
1095 1894 1167 1964 in
1215 1894 1462 1967 melius
1510 1896 1603 1967 ad
1651 1895 2101 1970 devocionem
2158 1911 2230 1972 et
2301 1902 2511 1976 fidem
2568 1909 2738 1981 alios
2784 1911 3185 2003 allecturus,
3249 1926 3318 1987 et
3380 1938 3540 1988 cum
3598 1920 3667 1989 in

848 2016 1323 2088 Lombardiam
1375 2018 1657 2090 feliciter
1710 2019 1918 2093 dante
1957 2024 2248 2095 Domino
2305 2029 2705 2120 veniemus,
2761 2031 3054 2106 devotus
3114 2047 3183 2108 et
3242 2036 3495 2131 hylaris
3551 2063 3670 2112 as-

849 2138 1162 2232 pectibus
1208 2141 1455 2211 nostris
1506 2163 1866 2234 occurras,
1924 2154 2000 2215 ut
2035 2146 2424 2222 devotionis
2459 2160 2573 2224 tue
2604 2153 2954 2247 integritas
2991 2159 3400 2232 continuatis
3437 2183 3666 2236 coram

850 2259 1049 2330 nobis
1080 2260 1327 2332 clareat
1359 2261 1818 2336 incrementis.

949 2830 1399 2935 FridericuS,
1444 2833 1965 2918 Romanorum
2001 2836 2441 2948 imperator,
2484 2838 2835 2988 episcopo
2862 2841 3346 2929 Brixinensi
3325 2872 3404 2929 m
3442 2849 3661 2960 cujus
3718 2878 4075 2979 ¹”m1321'221‘i'm‘d

841 2971 1043 3045 terra
1095 2976 1406 3075 propter
1458 2966 2049 3051 imbecillitatem
2107 2969 2272 3079 eJ'us
2325 2970 2622 3077 justitia
2692 2973 2944 3081 vigere
2998 2975 3256 3080 desiit,
3317 2983 3663 3066 concedit
3802 2993 4004 3041 ⁸⁰⁸¹²⁸‘⁰·

841 3104 928 3176 ut
961 3095 1252 3204 regalia
1312 3097 1726 3181 ecclesiae
1705 3125 1783 3179 ιη
1834 3101 1993 3182 suis
2037 3101 2395 3184 manibus
2448 3103 2782 3212 resignet
2833 3131 3031 3213 quae
3083 3108 3245 3216 ipse
3297 3114 3660 3197 custodiri

839 3235 914 3307 et
964 3230 1356 3334 procurari
1420 3230 1642 3312 faciet
1657 3290 1682 3333 ,
1744 3231 2209 3339 quibusdam
2274 3259 2414 3342 pro
2471 3236 3016 3320 sustentatione
3067 3241 3265 3324 vitae
3317 3241 3658 3354 ejusdem

840 3355 1168 3465 episcopi
1204 3362 1604 3442 reservatis
1640 3363 2031 3445 reditibus,

1002 3584 1209 3657 (Edld.
1259 3603 1338 3645 nr.
1388 3587 1693 3647 Homun
1710 3631 1730 3666 ,
1774 3590 2057 3672 Beytraqe
2096 3609 2211 3651 zur
2255 3590 2575 3655 Gesclzicltte
2609 3592 2830 3670 Tit-ok,
2870 3597 3014 3659 Cod.
3045 3599 3277 3674 probat.
3326 3602 3622 3679 diplomat.
3631 3648 3652 3679 ,

1076 3707 1138 3766 p.
1173 3699 1312 3760 321,
1343 3700 1413 3750 11⁰
1437 3693 1815 3756 CXXXVIII.
1846 3695 1937 3754 Ex
1985 3697 2217 3756 mendis
2252 3698 2470 3773 quibus
2497 3698 2609 3759 hoc
2635 3701 3041 3777 apographum
3075 3711 3293 3779 scatet,
3334 3712 3651 3773 crassiores

1075 3795 1566 3874 emendavimus.)

931 3990 1355 4082 FridericuS,
1394 3994 1516 4066 Dei
1564 3996 1783 4088 gratia
1828 3995 2289 4069 Romanorum
2331 3998 2701 4091 imperator
2742 4021 3015 4096 semper
3046 4017 3415 4101 augustuS,
3453 4011 3648 4085 Jeru-

836 4114 1047 4187 salem
1084 4125 1154 4188 et
1184 4116 1415 4189 Sicilie
1446 4139 1598 4190 rex.
1636 4120 1765 4191 Per
1796 4140 2078 4213 presens
2111 4121 2438 4215 scriptum
2483 4130 2721 4193 notum
2763 4124 3052 4197 facimus
3083 4128 3425 4204 universis
3458 4137 3646 4228 quod

835 4258 993 4309 cum
1049 4260 1172 4332 per
1208 4250 1459 4312 terram
1510 4241 1739 4313 dilecti
1785 4243 2111 4336 principis
2156 4245 2370 4315 nostri
2417 4246 2831 4317 venerabilis
2871 4248 3300 4322 Brixinensis
3346 4256 3646 4353 episcopi

837 4363 1189 4433 transitum
1225 4365 1637 4456 faceremus,
1690 4388 1847 4437 cum
1894 4367 2258 4440 victorioso
2310 4370 2618 4442 exercitu
2664 4380 2896 4444 nostro
2942 4372 3012 4445 in
3060 4374 3323 4448 Italiam
3372 4401 3648 4473 proces-

833 4483 1010 4573 suri,
1050 4493 1118 4556 et
1167 4507 1377 4578 quam
1441 4488 1811 4583 plurimum
1860 4490 2190 4564 clamores
2245 4501 2314 4563 et
2377 4493 2806 4585 querimonie
2865 4504 3163 4569 nostram
3219 4500 3641 4579 audientiam

833 4607 1310 4697 propulsarent
1343 4609 1537 4703 quod
1572 4612 1807 4683 multis
1838 4611 2107 4684 damnis
2145 4623 2212 4685 et
2248 4616 2815 4709 oppressionibus
2853 4618 3290 4712 subjacerent
3320 4646 3448 4698 nec
3479 4629 3642 4720 jus-

835 4725 1049 4798 titiam
1088 4732 1419 4824 consequi
1446 4744 1762 4828 poterant
1802 4756 1932 4807 nec
1964 4735 2244 4830 habere,
2280 4757 2440 4809 cum
2477 4738 2785 4833 undique
2818 4743 3284 4819 malefactores
3309 4748 3645 4827 irruerent

994 4850 1101 4913 IV.
1142 4866 1256 4911 Pan
1280 4870 1323 4912 2.
3225 4879 3333 4931 118
