4842 5802
1164 674 1285 736 578
2202 638 2549 739 namafcl
2599 673 2935 738 ssrrlm
3612 673 3774 751 [Ata.
3808 675 3982 738 1232

1168 820 1329 881 nata
1389 810 1589 885 nobis
1649 811 2072 908 benignitate
2128 813 2547 888 contulimus
2593 810 2936 903 ,iurnalem
2993 830 3207 881 unum
3264 816 3444 883 terre
3507 818 3741 884 nostre
3804 811 3986 888 circa

1166 933 1427 1006 curiam
1480 956 1718 1007 eorum
1763 937 1983 1010 Durin
2025 938 2364 1029 iacentem
2416 934 2511 1008 ad
2542 935 2846 1030 ipsorum
2897 933 3163 1007 curiam
3211 929 3717 1027 ampliandam,
3776 935 3984 1011 talem

1168 1056 1619 1132 donationem·
1650 1061 2084 1155 presentibus
2116 1060 2353 1135 litteris
2386 1058 2636 1133 nostris
2670 1068 2741 1132 et
2770 1056 2999 1151 sigillo
3034 1064 3268 1131 nostro
3308 1055 3732 1131 roborantes.

1262 1183 1512 1254 Datum
1564 1184 1757 1279 apud
1810 1184 2385 1261 Frainkinfortum
2407 1239 2424 1271 ‚
2478 1203 2661 1255 anno
2707 1180 3071 1254 millesimo
3122 1178 3594 1255 ducentesimo
3639 1180 3988 1256 tricesimo

1167 1305 1509 1399 secund0‚
1550 1307 1670 1380 1111
1713 1328 1929 1382 nonas
1977 1309 2291 1403 augusti,
2332 1306 2706 1380 indictione
2739 1304 3008 1400 quinta.

780 1933 927 2001 ‘'iu·
959 1933 972 1948 ·
1003 1936 1016 1949 ·
1045 1931 1105 2002 .·’
1270 1888 1638 1974 Hernicus
1662 1953 1686 1999 ‚
1764 1890 2283 1977 Romanorum
2352 1917 2484 1976 rex
2501 1954 2525 1999 ‚
2602 1891 3064 1976 monasterio
3125 1891 3620 1976 dominarum
3693 1889 3983 1975 Cister-

1168 2021 1439 2106 ciensis
1502 2022 1792 2106 ordinis
1864 2024 2070 2133 apud
2128 2024 2399 2108 Harste
2461 2024 2720 2109 omnia
2781 2024 2987 2108 bona
3053 2031 3131 2107 et
3200 2024 3714 2132 possessiones
3784 2049 3983 2134 quae

1163 2154 1350 2263 ipsis
1393 2154 1669 2238 collata
1720 2154 2029 2239 fuerunt
2070 2156 2506 2264 confirmat,
2557 2164 2633 2240 et
2676 2155 3060 2240 licentiam
3112 2154 3395 2240 talibus
3446 2154 3982 2239 donationibus

1164 2287 1261 2370 de
1293 2298 1590 2371 caetero
1626 2288 1961 2371 adhibet.

1324 2528 1532 2603 (Edid.
1571 2529 1806 2602 Mosae,
1850 2526 2098 2591 ambr.
2134 2527 2474 2602 Gesclzichte,
2501 2529 2616 2591 ΙΙΙ·
2641 2544 2816 2608 pars,
2844 2528 3112 2610 Docum„
3139 2537 3208 2591 n⁶
3241 2537 3378 2603 158,
3414 2544 3492 2589 ex
3519 2529 3689 2607 copta
3717 2525 3904 2604 Rull.)

1256 2741 1341 2811 H.
1367 2793 1388 2832 ‚
1427 2740 1552 2812 Dei
1587 2739 1808 2831 gratia
1845 2740 2305 2812 Romanorum
2338 2760 2466 2811 rex
2508 2748 2579 2810 et
2609 2760 2882 2833 semper
2916 2748 3288 2833 augustus,
3327 2738 3670 2811 universis
3710 2737 3980 2832 imperii

1159 2862 1417 2959 quibus
1460 2862 1551 2935 he
1585 2861 1807 2936 littere
1849 2873 2120 2935 ostense
2154 2862 2408 2935 fuerint
2440 2862 2728 2957 gratiam
2780 2884 2979 2936 suam
3021 2872 3095 2937 et
3136 2882 3340 2937 omne
3388 2860 3675 2935 bonum.
3715 2860 3827 2933 Ex
3861 2861 3981 2933 in-

1152 2988 1396 3079 juncto
1436 2984 1637 3057 nobis
1675 2984 1899 3058 officio
1930 2996 2000 3058 et
2035 2985 2267 3057 innata
2305 2984 2732 3080 benignitate
2775 2996 3095 3059 tenemur
3120 2985 3245 3058 Dei
3277 2984 3716 3058 ecclesiarum
3754 2981 3982 3057 fidelis

1162 3111 1479 3204 provisor
1531 3107 1831 3180 existere
1895 3118 1966 3181 et
2025 3131 2262 3181 earum
2326 3108 2642 3182 redditus
2696 3108 2788 3183 de
2840 3117 3071 3181 nostre
3131 3107 3462 3201 largitatis
3513 3104 3982 3178 munificentia

1162 3239 1371 3326 prout
1423 3252 1792 3325 possumus
1851 3233 2204 3328 ampliare.
2269 3231 2770 3327 Cognoscentes
2822 3231 2880 3304 si
2935 3230 3217 3326 quidem
3272 3230 3623 3303 defectum
3678 3237 3750 3302 et
3798 3249 3983 3323 pau-

1163 3363 1494 3451 pertatem
1532 3356 1925 3429 monasterii
1972 3365 2040 3430 et
2089 3366 2473 3430 conventus
2510 3357 2944 3430 dominarum
2980 3354 3244 3429 ordinis
3279 3352 3741 3427 cisterciensis
3788 3350 3983 3447 apud

1162 3480 1435 3570 Harste,
1473 3479 1734 3553 eisdem
1766 3480 1997 3553 omnia
2036 3481 2219 3553 bona
2262 3501 2383 3553 seu
2426 3482 2934 3576 possessiones,
2985 3501 3096 3553 res
3130 3479 3421 3553 mobiles
3454 3489 3524 3551 et
3562 3476 3974 3565 immobiles,

1158 3602 1331 3675 alias
1380 3623 1700 3698 quasque
1747 3624 1873 3698 pro
1921 3603 2145 3677 salute
2187 3604 2257 3674 in
2304 3604 2688 3677 remedium
2744 3604 3152 3677 animarum'
3181 3620 3467 3674 suarum
3513 3599 3685 3695 ipsis
3735 3609 3982 3672 contu-

1161 3725 1392 3799 lerunt
1443 3724 1640 3823 (a)...
1695 3726 1997 3822 plenarie
2046 3724 2533 3801 confirmamus
2550 3781 2569 3817 ‚
2630 3727 2886 3804 bonam
2932 3734 3250 3802 nostramw
3297 3725 3721 3797 voluntatem
3769 3732 3841 3796 et
3888 3721 3984 3793 li-

1161 3848 1456 3922 centiam
1489 3850 1742 3922 talibns
1774 3849 2260 3924 donationibus
2304 3850 2708 3925 adhibentes
2749 3873 2878 3925 nec
2909 3851 3255 3924 ullatenus
3288 3847 3756 3943 permittentes
3787 3840 3983 3940 quod

1165 3972 1239 4044 in
1273 3972 1536 4046 eisdem
1579 3971 1784 4045 bonis
1818 3974 1934 4047 vel
1977 3975 2049 4046 in
2085 3974 2245 4047 data
2282 3974 2417 4047 sibi
2467 3974 2585 4046 tali
2623 3975 3059 4069 eleemosyna
3104 3972 3464 4045 occasione
3514 3969 3748 4062 aliqua
3783 3965 3980 4038 inde·

1165 4094 1310 4169 bite
1351 4105 1424 4168 et
1466 4104 1701 4168 contra
1734 4097 1942 4168 talem
1978 4106 2281 4169 nostram
2316 4095 2904 4169 confirmationem
2956 4096 3048 4168 ab
3070 4123 3077 4140 ·
3100 4096 3333 4189 aliquo
3386 4093 3851 4165 molestentur.
3896 4089 3984 4161 Ut

1165 4229 1395 4293 autem
1436 4217 1567 4290 hec
1608 4225 1839 4291 nostra
1882 4217 2162 4290 donatio
2206 4227 2275 4290 et
2319 4217 2746 4292 confirmatio
2790 4220 2864 4290 in
2909 4227 3314 4315 perpetuum
3360 4224 3508 4289 rata
3546 4220 3976 4311 permaneat,

1165 4342 1425 4416 litteras
1473 4350 1740 4414 nostras
1779 4339 2039 4414 eisdem
2085 4340 2498 4416 donavimus
2532 4343 2889 4437 sigillatas.
3755 4443 3760 4446 .

1269 4469 1520 4538 Datum
1578 4465 1771 4561 apud
1834 4519 2218 4554 ........
2261 4487 2442 4539 anno
2485 4467 2757 4541 Domini
2802 4467 2897 4540 M⁰
2924 4464 3049 4539 CC⁰
3071 4464 3379 4556 xxxlr,
3427 4463 3542 4536 111⁰
3591 4481 3809 4535 nonas
3856 4479 3982 4531 au-

1174 4590 1397 4683 gusti,
1439 4587 1814 4662 indictione
1846 4588 1931 4662 V.

1259 4776 1346 4859 (a)
1387 4776 1690 4852 Quaedam
1714 4784 1787 4842 ut
1814 4779 2048 4843 videtur
2080 4780 2167 4841 tbi
2190 4778 2424 4842 desunt.
