4842 5802
1761 667 2017 727 lNDEx
2063 666 2766 728 DOCUMENTORUM.
3562 667 3679 727 977

839 872 1114 993 ..w—³5.

1693 997 1767 1057 de
1789 996 2147 1055 haereditate
2174 997 2499 1071 pertinente
2523 993 2600 1054 ad
2629 994 2954 1053 dominium
2982 994 3055 1053 de
3079 994 3464 1068 Brunsvack,
3495 1010 3677 1071 quam

1690 1093 1880 1153 eidem
1906 1091 2156 1152 contulit
2181 1093 2246 1150 in
2272 1091 2537 1152 feudum.
3560 1100 3673 1151 790

834 1193 1110 1255 nove-b.
1202 1192 1526 1272 Augustae.
1612 1220 1689 1233 —
1730 1189 2070 1248 Hermanno
2099 1189 2377 1264 magistro
2405 1184 2709 1262 hospitalis
2735 1184 2985 1245 Sanctae
3011 1185 3234 1244 Mariae
3269 1185 3675 1246 'theutonico-

1690 1301 1825 1344 rum
1866 1285 1929 1343 in
1973 1284 2299 1344 Jerusalem
2342 1283 2718 1343 donationem
2757 1286 2818 1340 et
2856 1281 3253 1342 venditionem
3286 1283 3677 1359 quorumdam

1688 1380 1981 1440 bonorum
2034 1379 2254 1440 ibidem
2316 1394 2726 1455 expressorum
2778 1378 2982 1438 domui
3031 1378 3217 1438 eidem
3266 1396 3304 1439 a
3353 1380 3677 1440 Bertrando

1690 1478 1959 1538 Porcelet
1984 1482 2045 1536 et
2070 1476 2323 1537 Isabella
2348 1492 2538 1536 uxore
2564 1479 2693 1553 ejus
2718 1491 2915 1536 coram
2945 1475 3137 1552 legato
3164 1491 3272 1535 suo
3298 1474 3538 1549 factam,
3570 1493 3670 1536 ra-

1690 1580 1816 1633 tam
1839 1573 2017 1633 habet
2042 1578 2102 1633 et
2127 1571 2458 1633 confirmat.
3558 1583 3589 1633 7
3598 1582 3671 1633 92

833 1671 1108 1733 novemb.
1199 1673 1525 1751 Augustae.
1608 1700 1693 1717 —
1730 1673 1902 1734 Cives
1928 1674 2079 1735 Novi
2103 1673 2238 1733 Fori
2260 1679 2321 1733 et
2343 1671 2657 1750 Nurnberg
2683 1678 2917 1749 propter
2942 1673 3300 1732 vicinitatem
3325 1689 3444 1748 qua
3469 1689 3673 1735 eorum

1690 1772 1929 1846 negotia
1953 1771 2287 1830 communia
2326 1767 2509 1842 flunt,
2553 1785 2589 1829 a
2611 1771 2745 1845 jure
2767 1770 3129 1829 teloneorum
3170 1771 3324 1829 iuter
3349 1786 3411 1830 se
3436 1771 3675 1832 solven-

1688 1867 1899 1927 dorum
1927 1868 2222 1927 immunes
2249 1881 2377 1925 esse
2402 1866 2690 1937 deciarat;
2720 1866 2884 1926 salvo
2907 1866 3064 1941 quod
3091 1869 3400 1943 utriusque
3423 1867 3680 1927 civitatis

1688 1963 1915 2023 incolae
1941 1967 2066 2022 tam
2093 1963 2156 2021 in
2185 1962 2279 2022 his
2304 1961 2647 2022 civitatibus
2668 1978 2850 2039 quam
2877 1978 2983 2039 per
3006 1963 3152 2022 alias
3180 1963 3407 2023 telonea
3431 1964 3678 2040 imperio

1688 2057 1884 2118 debita
1911 2059 2243 2119 exsolvant.
3560 2067 3672 2119 795

842 2151 1106 2214 decemb.
1179 2153 1537 2231 Hagenovve.
1606 2187 1690 2202 —
1726 2156 1945 2228 Donat,
1975 2156 2245 2216 concedit
2281 2160 2343 2214 et
2384 2154 2697 2215 confirmat
2743 2155 3093 2233 Baymundo
3138 2156 3339 2215 comiti
3384 2156 3676 2216 Tolosano

1686 2252 1853 2312 affini
1893 2257 1953 2312 et
1990 2250 2153 2311 fideli
2194 2267 2302 2312 suo
2337 2257 2554 2311 terram
2582 2252 2938 2313 Venesinam
2964 2257 3268 2329 totamque
3293 2252 3468 2312 aliam
3493 2268 3676 2330 quam

1685 2352 1749 2409 in
1776 2351 2022 2425 imperio
2049 2351 2174 2410 sive
2201 2351 2262 2408 in
2290 2366 2472 2425 regno
2496 2350 2821 2409 Arelatensi
2849 2356 2910 2408 et
2936 2349 3257 2409 Viennensi
3292 2350 3450 2411 idem
3478 2366 3678 2412 comes

1686 2453 1887 2506 tenere
1915 2448 2243 2520 consuevit,
2259 2453 2318 2506 et
2337 2447 2592 2506 restituit
2616 2462 2751 2506 eum
2778 2447 2842 2505 in
2868 2446 3215 2524 dignitatem
3240 2449 3679 2509 marchionatus

1686 2543 2055 2604 Provinciae.
3556 2552 3672 2604 799

840 2634 1106 2700 decemb.
1177 2635 1533 2716 Hageuowe.
1604 2670 1686 2687 —
1726 2641 2084 2718 Raymundo
2129 2642 2328 2701 comiti
2369 2640 2665 2700 Tolosano
2716 2638 2884 2698 affini
2934 2645 2995 2698 et
3038 2639 3199 2700 fideli
3249 2656 3357 2700 suo
3406 2640 3678 2702 dominos

1687 2738 1861 2797 villae
1889 2738 2148 2816 Insulae,
2170 2739 2431 2798 civitatis
2457 2736 2926 2814 Carpentoratis,
2957 2738 3133 2796 castri
3159 2736 3232 2796 de
3258 2737 3591 2814 Interaquis
3617 2744 3677 2799 et

1682 2833 1935 2894 aliorum
1961 2835 2222 2894 locorum
2248 2840 2529 2911 perpetuo
2556 2835 2621 2892 in
2649 2834 2931 2893 vassallos
2958 2834 3247 2894 concedit.
3555 2845 3670 2895 800

850 2934 917 2986 81
953 2927 1083 2990 dec.
1175 2929 1534 3009 Hagenowe.
1606 2963 1685 2976 —
1722 2932 1989 2992 Dominis
2031 2932 2209 2991 villae
2242 2932 2508 3006 Insulae,
2540 2930 2971 3007 Carpentoratis
2988 2975 3007 3005 ,
3037 2933 3211 2992 castri
3242 2931 3315 2991 de
3343 2932 3672 3011 Interaquis

1682 3035 1744 3088 et
1769 3028 2018 3089 aliorum
2045 3028 2306 3088 locorum
2332 3029 2708 3089 donationem
2737 3028 3133 3104 supradictam
3167 3034 3371 3088 notam
3398 3028 3544 3090 facit
3557 3073 3573 3102 ,
3606 3036 3676 3091 ut

1681 3126 1882 3185 comiti
1951 3125 2244 3185 Tolosano
2304 3131 2593 3202 tauquam
2644 3125 2883 3185 domino
2936 3141 3046 3186 suo
3100 3125 3173 3186 de
3236 3132 3463 3186 caetero
3516 3126 3670 3187 obe-

1678 3223 1868 3284 diant.
3546 3234 3660 3284 802

833 3311 1097 3374 decemb.
1169 3316 1535 3395 Hagenowe.
1602 3348 1679 3363 —
1719 3318 1816 3379 Ad
1838 3321 2180 3379 instantiam
2211 3319 2628 3395 archiepiscopi
2653 3318 3048 3391 Treverensis,
3078 3317 3353 3378 abbatem
3384 3325 3443 3378 et
3469 3321 3667 3380 eccle-

1680 3416 1831 3475 siam
1862 3417 1935 3475 de
1961 3417 2454 3494 Vuadegozingen
2484 3432 2620 3475 cum
2651 3415 2925 3476 omnibus
2964 3416 3136 3475 bonis
3169 3415 3575 3490 praesentibus
3604 3423 3664 3477 et

1679 3511 1895 3571 futuris
1921 3512 2034 3571 sub
2060 3530 2169 3572 sua
2196 3520 2255 3572 et
2280 3513 2507 3587 imperii
2538 3514 2894 3587 protectione
2919 3513 3145 3587 recipit.
3545 3522 3658 3574 808

834 3597 1098 3661 decemb.
1170 3602 1531 3681 Hagenowe.
1597 3638 1678 3650 —
1719 3608 1880 3666 Duas
1931 3614 2127 3683 partes
2162 3608 2409 3683 judicii,
2464 3607 2804 3667 advocatiae
2858 3614 2918 3668 et
2967 3608 3338 3667 collectarum
3392 3611 3454 3668 in
3510 3610 3662 3669 valle

1677 3701 1878 3762 Sancti
1925 3702 2192 3780 Gregorii
2238 3719 2275 3762 a
2319 3705 2674 3764 monasterio
2715 3704 2915 3763 Sancti
2961 3704 3227 3781 Gregorii
3267 3721 3329 3765 se
3372 3707 3663 3782 accepisse

1675 3803 1955 3870 testatum
1982 3799 2143 3875 quod
2172 3800 2592 3859 monasterium
2618 3799 2876 3858 vicissim
2903 3799 3014 3859 sub
3040 3815 3148 3859 sua
3175 3801 3413 3876 speciali
3437 3807 3663 3877 protec-

852 3852 1074 3930 1256
1675 3896 1835 3954 tione
1861 3897 2087 3971 recipit.
3537 3908 3653 3959 8⁰⁴

837 3985 1077 4058 januar.
1258 3987 1437 4065 Apud
1597 4022 1675 4035 —
1716 3991 1787 4051 B.
1818 3992 2090 4069 episcopo
2114 3991 2448 4051 vivariensi
2474 3997 2536 4051 et
2574 3990 3008 4052 successoribus
3032 3996 3163 4069 ejus
3190 3993 3500 4055 confirmat
3524 4012 3656 4056 om-

1167 4066 1526 4145 HagfflwWss·
1672 4088 1772 4146 nia
1814 4087 2121 4165 privilegia
2159 4103 2195 4147 a
2226 4087 2766 4164 praedecessoribus
2809 4090 2931 4148 suis
2972 4094 3033 4148 et
3069 4105 3106 4148 a
3146 4091 3338 4166 seipso
3380 4091 3657 4153 eeclesiae

1669 4183 2003 4243 vivariensi
2027 4182 2278 4243 indulta.
3535 4197 3648 4247 805

831 4274 1071 4347 januar.
1255 4277 1437 4354 Apud
1590 4309 1672 4325 —
1711 4279 1972 4339 Priorem
2000 4285 2061 4339 et
2090 4285 2448 4339 conventum
2492 4279 2768 4340 ecclesiae
2798 4279 3142 4341 Sanctorum
3182 4283 3344 4342 Petri
3382 4289 3443 4343 et
3481 4284 3650 4346 Pauli

1162 4357 1527 4437 flagemwe·
1669 4377 1831 4453 apud
1858 4377 2194 4456 Rugisberg
2230 4380 2293 4437 in
2334 4378 2603 4437 districtu
2649 4378 2928 4439 Bernensi
2967 4378 3079 4439 sub
3104 4380 3390 4456 imperiali
3420 4388 3651 4457 protec-

1667 4476 1828 4535 tione
1851 4476 2077 4552 recipit.
3531 4486 3645 4539 807

832 4561 1089 4626 februar.
1248 4569 1425 4645 Apud
1586 4603 1671 4618 —
1707 4572 1803 4632 Ad
1839 4574 2179 4649 petitionem
2221 4571 2508 4633 Johannis
2556 4571 2632 4631 de
2675 4571 3150 4650 Meckiemburg,
3180 4575 3379 4634 omnia
3404 4572 3560 4634 bona
3587 4582 3649 4637 et

1159 4648 1500 4726 ΗΒΒΘΜὛΘ
1661 4671 1797 4746 jura
1825 4684 1979 4746 quae
2002 4675 2124 4729 tam
2152 4672 2217 4728 iu
2258 4671 2429 4746 aquis
2462 4685 2646 4746 quam
2671 4670 2734 4727 in
2760 4670 2932 4730 terris
2956 4669 3242 4731 hactenus
3264 4671 3361 4731 hic
3388 4673 3646 4751 legitime

1664 4768 1888 4839 tenuit,
1918 4766 2107 4826 eidem
2132 4764 2466 4827 coufirmat.
3525 4782 3638 4837 807

973 4861 1083 4926 IV.
1133 4877 1246 4927 rm
1270 4886 1315 4929 2.
3061 4864 3070 4871 ’
3213 4885 3322 4936 12³
