4842 5802
852 3335 982 3386 Apud

758 3389 1048 3430 Frankenfort
1063 3419 1076 3439 ,

735 3443 763 3485 8
778 3443 959 3496 angusti
972 3443 1095 3484 1232.

1166 587 1289 648 954
2266 584 2881 647 Annl‘rAMEN'rA.

1169 744 1373 794 omne
1418 720 1704 793 bonum.
1742 719 1854 794 Ad
1893 722 2216 794 noticiam
2257 722 2738 795 universorum
2783 722 3102 814 cupimus
3145 722 3536 816 pervenire,
3586 722 3778 816 quod
3823 745 3981 796 cum

1168 846 1461 918 dilectus
1506 845 2060 940 consanguineus
2093 856 2163 920 et
2195 847 2593 941 capellanus
2647 853 2902 935 noster,
2941 845 3328 940 prepositus
3371 845 3756 939 Aquensis,
3809 868 3982 920 oon-

1168 970 1514 1042 canonicis
1568 970 1715 1041 suis
1762 991 1887 1064 pro
1940 969 2439 1065 multiplicibus
2494 968 2747 1041 laboris
2776 968 2928 1063 (sic)
2960 979 3028 1040 et
3079 968 3402 1064 expensis
3450 978 3520 1041 et
3571 969 3723 1042 aliis
3775 970 3984 1044 inco-

1170 1094 1427 1183 modis‚
1462 1114 1602 1187 que
1641 1093 1979 1167 sustinere
2026 1092 2482 1166 dinoscuntur
2514 1101 2791 1189 propter
2829 1091 3231 1188 peregrinos
3255 1092 3347 1165 de
3394 1092 3695 1165 diversis
3735 1093 3980 1167 mundi

1166 1217 1480 1313 partibus
1519 1217 1988 1316 venientibus,
2045 1216 2136 1290 de
2177 1216 2643 1290 oblationibus
2687 1216 2974 1288 ecclesie
3000 1214 3343 1311 Aquensis
3389 1217 3801 1289 concesserit
3847 1218 3978 1290 snb

1162 1342 1294 1415 bac
1327 1343 1578 1433 forma,
1616 1351 1694 1412 ut
1727 1362 1999 1436 semper
2035 1340 2125 1413 de
2156 1340 2713 1413 centnm-marcis
2747 1340 3060 1434 quinque
3097 1360 3364 1412 marcas
3393 1339 3807 1436 percipiant;
3851 1364 3978 1415 ce-

1161 1476 1385 1539 terum
1421 1467 1480 1537 si
1514 1466 1585 1536 in
1621 1465 1863 1556 majori
1892 1465 2004 1538 vel
2035 1464 2104 1535 in
2135 1463 2377 1536 minori
2412 1485 2683 1535 summa
2720 1464 3083 1559 proveniat
3114 1464 3294 1535 sicut
3323 1462 3414 1536 de
3449 1474 3727 1536 centum
3763 1467 3977 1559 quin-

1161 1611 1334 1685 que,
1393 1590 1486 1660 ita
1539 1587 2142 1682 proporcionaliter
2192 1587 2546 1682 percipere
2596 1586 2852 1659 debent
2901 1587 2991 1660 de
3044 1587 3331 1679 habitis,
3380 1598 3451 1660 et
3497 1597 3764 1660 tantum
3814 1611 3979 1684 pre-

1167 1724 1395 1786 sentes
1439 1713 1749 1784 canonici
1786 1713 2159 1807 sollempne
2194 1710 2348 1807 (sic)
2391 1711 2746 1784 festivitati
2795 1711 3261 1784 Dedicationis
3295 1712 3579 1786 ecclesie
3624 1723 3978 1808 prenotate

1163 1848 1234 1911 et
1269 1837 1360 1910 de
1396 1835 1870 1909 oblacionibus
1913 1835 2222 1928 ejusdem
2266 1835 2649 1907 festivitatis
2693 1836 3045 1931 percipere
3092 1834 3380 1925 debent;
3433 1836 3524 1909 ad
3571 1837 3975 1909 instanciam

1160 1970 1230 2034 et
1261 1961 1673 2057 peticionem
1700 1968 2228 2031 memoratorum
2260 1961 2771 2054 capellanorum
2810 1968 3199 2032 nostrornm
3228 1959 3771 2055 prenominatam
3805 1982 4007 2047 oon-k

1161 2086 1543 2157 cessionem
1577 2083 1910 2156 duximus
1955 2082 2521 2156 confirmandam.
2557 2084 2646 2154 Et
2679 2081 2771 2156 ad
2810 2083 3134 2174 majorem
3174 2082 3657 2156 certitudinem
3694 2106 3979 2180 presens

1159 2209 1492 2305 scriptum
1539 2206 1768 2301 sigillo
1808 2217 2035 2279 nostre
2082 2206 2509 2279 celsitudinis
2557 2206 3052 2278 communitum
3107 2207 3274 2302 ipsis
3310 2207 3728 2304 precipimus
3762 2208 3977 2281 exhi-

1157 2332 1340 2423 beri;
1387 2339 1742 2426 prenotata
1770 2352 1937 2404 vero
1969 2330 2305 2403 duximus
2341 2326 2814 2402 confirmanda
2850 2329 2986 2402 illis
3019 2329 3143 2425 qni
3178 2330 3518 2405 intersunt
3552 2331 3742 2404 boris
3780 2354 3976 2429 sepe-

1154 2456 1288 2527 fate
1326 2453 1737 2526 festivitatis.

1247 2579 1495 2649 Datum
1535 2576 1724 2673 apud
1758 2576 2277 2668 Francbenfurt,
2316 2597 2502 2648 anno
2539 2576 2884 2650 dominice
2922 2577 3410 2651 incarnationis
3442 2579 3805 2652 millesimo
3835 2579 3977 2651 du-

1152 2701 1523 2773 centesimo
1559 2699 1898 2773 tricesimo
1927 2699 2261 2790 secundO,
2311 2699 2627 2772 kalendis
2661 2700 2968 2793 augusti,
3006 2699 3387 2774 indictione
3411 2701 3678 2795 quinta.

1254 3312 1624 3397 Henricus
1643 3375 1666 3420 ‚
1724 3309 2248 3429 Romanorum
2311 3335 2446 3392 rex
2466 3372 2490 3418 ‚
2555 3308 3259 3394 Wormatiensibus*
3306 3305 3599 3390 civibus
3660 3306 3979 3387 mandat

1152 3475 1231 3531 se
1265 3448 1464 3529 inter
1499 3471 1628 3529 eos
1673 3455 1747 3528 et
1777 3444 2217 3554 episcopum
2252 3469 2521 3527 eorum
2567 3443 3049 3527 concordiam
3091 3442 3356 3524 fecisse
3378 3501 3401 3545 ‚
3435 3440 3584 3522 hoc
3633 3446 3856 3548 pacto
3891 3447 3978 3520 ut

1151 3580 1556 3665 consilinm
1614 3589 1690 3661 et
1740 3577 2393 3662 confraternitates
2447 3576 2873 3683 dimittant,
2934 3575 3403 3683 mandatque
3456 3584 3542 3655 ut
3595 3569 3976 3679 archiepi-

1153 3740 1381 3824 scopo
1433 3712 1878 3823 Maguntino
1902 3774 1926 3820 ,
1983 3710 2406 3795 marchioni
2479 3709 2804 3792 Badensi
2827 3771 2851 3817 ,
2915 3707 3229 3792 Gerlaco
3282 3707 3379 3788 de
3438 3704 3837 3814 Budingen
3901 3712 3977 3784 et

1150 3846 1494 3954 dapifero
1536 3847 1634 3928 de
1676 3845 2054 3954 Walpurg
2106 3870 2303 3954 quos
2343 3844 2426 3926 in
2480 3842 2829 3952 proximo
2884 3841 2984 3924 ad
3038 3866 3169 3924 eos
3222 3838 3516 3944 mittet,
3556 3838 3867 3921 credant
3900 3844 3975 3918 et

1152 3981 1574 4062 intendant.

1313 4197 1560 4275 (Inedit.
1589 4210 1666 4256 ex
1691 4191 2012 4268 exemplari
2038 4191 2101 4250 ln
2125 4189 2362 4250 archivo
2396 4154 2567 4249 civit.⁸
2609 4188 3010 4265 wormatiae,
3037 4185 3193 4247 unde
3227 4183 3595 4259 transcripsit
3632 4184 3728 4242 vir
3763 4182 3975 4242 doctus

1394 4301 1641 4376 Amold,
1671 4299 1953 4361 luculenti
1989 4297 2170 4373 hujus
2204 4301 2409 4356 auctor
2444 4294 2636 4372 operis
2671 4295 2771 4353 cul
2809 4292 3018 4354 titulus
3049 4310 3065 4351 ε
3110 4283 3844 4370 Versasmnqs—Gesclticltte
3870 4283 3975 4345 der

1391 4406 1711 4473 Deutscloen
1761 4399 2110 4466 Fm'stiidte.
2161 4399 2311 4462 Cum
2365 4399 2480 4459 hoc
2538 4398 2891 4459 documento
2940 4399 3113 4475 cnjus
3168 4395 3471 4457 Arnoldus
3535 4392 3859 4455 Boehmero
3912 4398 3975 4452 et

1392 4516 1750 4577 Boehmerus
1770 4514 1898 4589 lpse
1922 4508 2097 4569 nobis
2121 4509 2352 4585 copiam
2377 4504 2542 4580 fecit,
2570 4504 2651 4566 cf.
2683 4505 2832 4582 quid
2858 4520 3036 4583 snpra
3063 4503 3425 4575 notavimus,
3454 4517 3517 4579 p.
3552 4508 3694 4575 581,
3723 4503 3847 4560 not.
3886 4494 3973 4576 1.)

1255 4705 1656 4791 Heinricus‚
1711 4702 1835 4775 Dei
1882 4699 2101 4793 gratia
2137 4699 2596 4771 Romanorum
2638 4716 2765 4768 rex
2808 4703 2878 4767 et
2914 4713 3186 4789 semper
3222 4698 3602 4785 augustus,
3652 4687 3973 4762 fidelibus
