4842 5802
1197 624 1318 687 sss
2236 622 2585 683 numum
2638 620 2975 683 sumum
3087 624 3096 639 ·
3640 623 3801 702 [Anu.
3838 622 4014 688 123⁴.

1195 782 1498 840 menses
1526 757 1902 866 judicium
1948 755 2345 864 sanguinis
2381 754 2907 838 exercuerint
2885 780 2968 836 111
3013 753 3392 838 clericos
3368 780 3452 835 1n
3489 779 3687 864 quos
3721 756 4017 866 degra—

1200 889 1528 972 dationis
1565 890 1937 973 sententia
1972 914 2131 971 non
2164 896 2671 997 processerat,
2705 874 2996 1033 eisdem
3031 886 3320 971 civibus
3355 889 3675 971 mandat
3716 898 3803 973 ut
3836 898 4020 972 tan-

1199 1031 1359 1105 tam
1393 1023 2093 1131 praesumptionem
2130 1022 2561 1106 emendent.
2641 1034 2648 1063 ²

1359 1224 1552 1301 (Edit.
1581 1240 1677 1300 ap.
1709 1224 2117 1303 ansnsnm,
2146 1233 2340 1301 p.·10.
2371 1256 2454 1268 -
2480 1223 2713 1309 Lumo,
2741 1219 3166 1299 aciemn-chio,
3197 1228 3247 1284 t.
3277 1223 3471 1300 XVII,
3520 1240 3584 1301 p.
3612 1232 3754 1286 258.
3781 1258 3863 1270 -
3887 1227 4019 1286 Pa-

1437 1347 1612 1411 ret-qa
1663 1328 1815 1391 Gon.
1833 1373 1852 1404 ,
1898 1336 1945 1391 t.
1989 1330 2098 1408 IV,
2146 1347 2203 1408 p.
2254 1340 2361 1405 32,
2408 1331 2514 1390 11111
2558 1330 2823 1408 perutilis
2865 1332 3346 1392 commentarius.
3375 1363 3457 1375 —
3481 1332 3712 1407 Pan-rz,
3751 1332 4013 1393 Momm.

1445 1433 1641 1497 Germ.
1670 1433 1902 1511 histor„
1932 1443 1981 1496 t.
2013 1437 2121 1514 IV,
2148 1452 2210 1513 p.
2245 1433 2412 1514 302.)

1298 1607 1630 1680 Henricus
1655 1662 1675 1700 ,
1728 1608 1854 1682 Dei
1909 1608 2127 1700 gratia
2178 1607 2643 1681 Romanorum
2693 1628 2823 1679 rex
2873 1616 2943 1681 et
2991 1626 3265 1702 semper
3317 1616 3693 1700 augustus,
3746 1610 4021 1685 civibus

1199 1729 1908 1804 Hildesheimensibus
1954 1730 2295 1804 universis
2345 1731 2635 1822 gratiam
2678 1739 2749 1803 et
2789 1750 2996 1802 omne
3043 1730 3332 1803 bonum.
3391 1730 3565 1803 Cum
3608 1732 3683 1803 in
3727 1734 4016 1807 solemni

1198 1854 1393 1926 curia
1429 1855 1501 1925 in
1537 1854 2072 1927 Franckenvord
2107 1876 2201 1926 ex
2235 1853 2587 1927 communi
2630 1873 2969 1925 consensu
3010 1853 3397 1950 principum
3439 1874 3482 1927 a
3512 1854 3713 1926 nobis
3755 1856 3847 1928 sit
3881 1854 4019 1931 de—

1198 1987 1459 2052 cretum
1489 1987 1568 2050 ut
1600 1978 2023 2073 quicumque
2057 1978 2363 2051 seculare
2391 1976 2737 2071 judicium
2764 1974 3099 2069 adversus
3130 1976 3431 2070 aliquem
3450 1978 3773 2050 clericum
3806 2000 4019 2053 exer-

1198 2101 1420 2174 cuerit
1452 2099 1527 2173 in
1559 2101 1668 2173 his
1717 2124 1857 2196 que
1890 2101 2249 2195 sanguinis
2293 2099 2637 2194 judicium
2688 2101 3082 2195 requirunt,
3135 2109 3295 2174 ante
3326 2099 3887 2194 degradationem
3926 2104 4017 2176 ab

1196 2226 1534 2319 episcopis
1563 2226 1988 2316 faciendam,
2039 2234 2265 2321 preter
2317 2224 2393 2297 id
2430 2223 2623 2318 quod
2661 2225 2733 2296 in
2767 2246 3101 2298 canonem
3146 2226 3280 2296 late
3323 2226 3658 2298 sententie
3702 2225 3947 2300 incidit
3974 2249 4019 2300 a

1199 2370 1341 2442 quo
1380 2358 1602 2444 preter
1638 2348 1984 2421 indultum
2017 2348 2313 2443 speciale
2346 2348 2609 2422 domini
2659 2369 2838 2444 pape
2872 2348 3115 2442 nequit
3156 2347 3458 2440 absolvi,
3513 2370 3608 2420 ex
3654 2358 3886 2422 nostra
3929 2349 4022 2422 sit

1196 2474 1535 2545 sententia
1574 2471 2142 2566 proscribendus,
2183 2478 2252 2544 et
2288 2472 2584 2544 dilectus
2614 2471 2936 2566 princeps
2962 2480 3191 2545 noster
3223 2471 3586 2545 Conradus
3619 2471 4019 2546 Hildeshei-

1195 2598 1450 2668 mensis
1485 2596 1853 2690 episcopus
1889 2616 2014 2690 per
2050 2616 2245 2667 suam
2283 2595 2485 2667 nobis
2533 2595 3035 2689 querimoniam
3071 2597 3464 2689 patefecerit
3491 2597 3685 2691 quod
3727 2618 3855 2670 vos
3888 2619 4013 2670 au-

1199 2720 1514 2791 thoritate
1527 2720 1799 2813 propria
1820 2718 2100 2789 clericos
2131 2726 2386 2790 temere
2401 2718 2789 2810 judicando
2815 2718 3010 2791 morti
3039 2719 3334 2791 feceritis
3365 2718 3719 2812 destinari,
3743 2722 3814 2792 in
3837 2743 4017 2816 quos

1200 2840 1711 2937 degradationis
1747 2841 2085 2914 sententia
2119 2863 2258 2915 non
2290 2851 2758 2936 processerat3
2799 2842 3015 2916 vobis
3060 2842 3467 2916 authoritate
3507 2844 3697 2938 regia
3732 2844 4019 2920 firmiter

1197 2964 1646 3062 precipiendo
1688 2966 2100 3040 mandamus
2150 2976 2494 3061 quatenus
2539 2968 2604 3041 ei
2656 2976 2725 3040 et
2754 2968 3041 3040 ecclesie
3075 2990 3204 3040 sue
3237 2968 3310 3039 in
3347 2988 3557 3060 quam
3588 2967 4008 3061 deliquistis,

1202 3098 1408 3184 prout
1444 3090 1591 3180 ejus
1626 3089 1915 3180 gratiam
1950 3089 2265 3162 invenire
2297 3090 2646 3186 poteritis,
2687 3089 3092 3163 emendetis.
3125 3089 3486 3185 Alioquin,
3521 3111 3650 3162 vos
3681 3090 3754 3161 in
3786 3088 4016 3163 media

1200 3211 1729 3305 quadragesima
1755 3221 1831 3283 ut
1843 3234 1965 3306 pro
1986 3213 2188 3285 tantis
2203 3213 2673 3308 respondeatis
2690 3214 3116 3305 excessibus,
3138 3213 3233 3286 ad
3254 3222 3554 3287 nostram
3570 3213 4011 3308 presentiam,

1200 3335 1625 3429 ubicumque
1656 3335 2022 3427 fuerimus,
2058 3358 2457 3410 evocamus·

1294 3460 1543 3530 Datum
1571 3459 2186 3554 Franckenvordii,
2233 3461 2470 3534 idibus
2511 3460 2874 3553 februarii,
2915 3460 3293 3534 indictione
3330 3460 3450 3533 VII
3488 3458 3615 3557 (α).

1626 3744 3587 3758 *mo—m

806 4081 868 4124 F
869 4029 979 4125 ὦ
981 4028 1053 4125 5
1055 4087 1121 4136 η.
1305 3997 1675 4080 Henricus
1692 4059 1715 4105 ,
1781 3998 2302 4082 Romanorum
2347 4022 2480 4079 rex
2497 4057 2521 4104 ,
2582 3997 2681 4077 ad
2737 3998 3173 4106 petitionem
3212 3995 3529 4079 Gerardi
3585 3993 4014 4076 Bremensis

808 4137 863 4178 ¹³
888 4136 930 4178 ¹
930 4137 1110 4180 ’ΝΜ
1201 4130 1787 4240 archiepiscopi,
1844 4131 2040 4214 cives
2093 4131 2540 4212 Bremenses
2603 4136 2677 4209 et
2733 4128 3140 4212 Stadenses
3185 4154 3233 4209 a
3273 4127 3776 4235 praestatione
3826 4126 4012 4207 the-

1197 4265 1454 4347 lonei
1434 4293 1511 4345 1n
1551 4265 1847 4347 civitate
1880 4262 2182 4346 Lubeke
2228 4259 2577 4344 absolvit.

1362 4451 1550 4530 (Edit.
1581 4467 1678 4528 ap.
1706 4451 1938 4528 Pan-rz,
1965 4449 2221 4509 Monam.
2255 4445 2446 4508 Germ,
2480 4445 2637 4521 hut„
2661 4451 2710 4507 t.
2741 4443 2849 4519 IV,
2866 4440 3033 4507 inter
3054 4442 3344 4523 addenda,
3377 4461 3434 4525 p.
3469 4443 3639 4532 571.)

1279 4609 1365 4689 (α)
1412 4610 1589 4688 Apud
1627 4610 1822 4687 Lunlg
1859 4627 1892 4667 α
1931 4604 2119 4668 idibus
2151 4605 2450 4687 februar&
2498 4614 2685 4681 1195,
2719 4557 3030 4666 indictione
3059 4616 3116 4680 7,
3151 4624 3184 4666 n
3226 4606 3374 4668 falso
3399 4621 3645 4667 numero
3671 4608 3812 4667 anni
3849 4585 4038 4665 haud*

1195 4716 1374 4776 dubie
1398 4718 1650 4790 intruso.
1680 4715 1908 4776 Pertzii
1929 4720 2091 4775 ncta.
3313 4749 3318 4760 .
3411 4739 3416 4746 -
