4842 5802
1144 652 1264 715 sss
2135 653 2566 716 rmnnmcr
2615 655 2960 718 saeuum
3581 654 3739 740 [Anu.
3779 655 3952 718 1236.

1150 790 1408 864 babere
1436 798 1510 863 et
1539 787 1943 864 confirmare
1970 789 2060 865 de
2090 800 2322 865 nostra
2358 792 2579 886 gratia
2608 792 3079 886 dignaremur.
3116 791 3328 884 Cujus
3370 789 3608 885 scripti
3634 799 3831 864 tenor
3853 801 3958 863 est

1148 935 1273 1012 per
1300 914 1532 988 omnia
1563 914 1763 987 talis:

1246 1042 1322 1113 In
1356 1038 1634 1113 nomine
1662 1037 1965 1111 Domini.
2020 1038 2266 1112 Amen.
2309 1037 2423 1112 Ad
2464 1041 2803 1113 cautelam
2852 1036 3217 1112 scribenda
3249 1046 3411 1111 sunt
3458 1038 3765 1133 negotia,
3815 1047 3951 1111 etc.

1156 1163 1376 1264 [Quod
1400 1163 1682 1235 habetur
1709 1185 1801 1233 em
1835 1163 2147 1257 oriqinali
2171 1186 2347 1235 anno
2373 1164 2596 1236 eodem
2627 1163 2855 1252 ⁴236,
2885 1165 2980 1234 IV
3002 1163 3161 1234 idus
3183 1162 3408 1233 nim-tii
3431 1159 3493 1257 (t
3511 1161 3600 1257 ).]

1244 1288 1386 1361 Nos
1418 1288 1810 1382 igitursuis
1832 1287 2447 1384 supplicationibus
2480 1297 2899 1379 annuentes,
2943 1287 3017 1359 in
3055 1287 3360 1360 savorem
3390 1286 3785 1359 monasterii
3808 1307 3958 1359 me-

1150 1413 1393 1487 morati
1420 1410 1612 1507 quod
1644 1414 1857 1486 multa
1895 1410 2198 1507 dampna
2240 1433 2520 1508 passum
2567 1413 2790 1485 suerat
2831 1432 2956 1507 per
3007 1409 3348 1502 eundem,
3406 1410 3737 1505 scriptum
3783 1409 3958 1481 infra

1151 1545 1547 1612 contentum
1580 1545 1650 1609 et
1670 1536 1902 1609 omnia
1923 1556 2062 1631 que
2090 1536 2526 1610 continentur
2546 1536 2617 1608 in
2648 1557 2733 1609 eo
2766 1545 2914 1608 rata
2939 1536 3275 1608 babemus
3294 1543 3366 1608 et
3388 1534 3476 1608 de
3498 1534 3734 1606 innata
3760 1531 3961 1607 nobis

1152 1661 1372 1754 gratia
1399 1658 1914 1734 confirmamus.
1943 1659 2054 1733 Ad
2081 1660 2281 1752 cujus
2305 1661 2403 1732 rei
2430 1659 2827 1733 memoriam
2864 1668 2935 1733 et
2970 1660 3286 1733 stabilem
3319 1657 3703 1733 firmitatem
3727 1714 3745 1745 ,
3800 1678 3960 1754 pre-

1151 1805 1309 1858 sens
1338 1784 1666 1880 scriptum
1695 1782 1841 1856 fieri
1872 1792 1941 1856 et
1969 1783 2197 1877 sigillo
2227 1792 2456 1857 nostro
2484 1783 2818 1876 jussimus
2841 1782 3276 1856 communiri.

1244 1909 1494 1980 Datum
1536 1906 1730 2001 apud
1762 1907 2110 2003 Spiream,
2150 1926 2334 1980 anno
2373 1906 2720 1981 dominice
2763 1905 3249 1981 incarnationis
3288 1904 3648 1979 millesimo
3684 1904 3961 1979 ducen-

1150 2031 1396 2106 tesimo
1425 2030 1771 2104 tricesimo
1797 2039 2028 2125 sexto,
2065 2050 2303 2103 mense
2331 2030 2576 2128 aprili,
2608 2051 2791 2107 none
2820 2029 3237 2105 indictionis.

1614 2356 3461 2368 *memo-o·—*oom—m-oun—oooaennoono
3474 2355 3515 2365 .-

1256 2647 1673 2756 Imperator
1726 2657 2075 2730 moturus
2136 2647 2428 2732 bellum
2480 2648 3006 2759 Longobardis
3059 2649 3205 2733 sibi
3241 2648 3652 2734 rebellibus
3676 2711 3699 2758 ,
3738 2675 3971 2759 prae-

1153 2780 1383 2862 mittit
1418 2780 1876 2889 quingentos
1921 2779 2205 2863 milites
2241 2781 2677 2864 mensurnis
2721 2781 3114 2891 stipendiis
3167 2784 3583 2866 conductos
3606 2843 3631 2889 ,
3688 2783 3970 2893 quibus

1155 2914 1492 3024 praeficit
1527 2913 1860 2997 nobilem
1904 2914 2155 2997 virum
2204 2925 2279 2998 et
2331 2916 2560 2999 rebus
2597 2917 2888 3000 bellicis
2941 2926 3333 3025 expertum
3371 2918 3841 3002 Geveardum
3877 2919 3974 3002 de

1160 3046 1579 3128 Harnesten
1620 3044 1742 3154 (2)
1762 3104 1786 3152 7
1826 3058 1914 3129 ut
1967 3047 2173 3154 apud
2216 3045 2594 3129 Veronam
2648 3057 2985 3156 expectet
3034 3048 3509 3157 imperatoris
3560 3049 3972 3132 exercitum

1160 3177 1773 3286 subsequentem.
1821 3179 2140 3261 Gonssra.
2188 3178 2452 3261 coron.
2505 3206 2630 3289 ap.
2671 3179 3055 3288 Boanum,
3092 3189 3381 3280 FonteS,
3421 3191 3476 3264 t.
3518 3181 3613 3284 ΙΙ,
3654 3209 3735 3291 p.
3778 3184 3965 3267 568.

1157 3358 1267 3375 -
1300 3310 1588 3393 Deinde
1656 3309 2046 3420 praemisit
2099 3311 2512 3420 imperator
2570 3313 2983 3395 exercitum
3036 3312 3116 3394 in
3177 3313 3715 3397 Lombardiam
3775 3315 3976 3398 circa

1159 3444 1439 3528 festum
1491 3442 1814 3552 Philippi
1861 3451 1935 3525 et
1985 3441 2242 3526 Jacobi
2296 3443 2378 3554 (1
2421 3444 2637 3556 maii)
2677 3445 2776 3528 ad
2825 3444 3360 3530 confortandos
3396 3473 3576 3530 suos
3605 3446 3968 3555 fautoreS,

1162 3576 1443 3688 quibus
1496 3574 1854 3684 praefecit
1917 3575 2347 3659 Gotfridum
2400 3576 2690 3660 dictum
2743 3579 3088 3663 Pullaere
3140 3577 3292 3689 (5).
3351 3581 3616 3663 Αηηαὶ.
3675 3583 3967 3689 Arqem.

1159 3737 1282 3818 ap.
1324 3708 1706 3814 Bonnmsn,
1745 3708 1975 3816 Ibid„
2008 3717 2065 3790 t.
2109 3708 2237 3818 111,
2279 3736 2359 3818 p.
2409 3711 2588 3792 110.

1232 4083 1305 4157 (t)
1344 4083 1522 4153 Quum
1559 4083 1789 4140 editores
1819 4083 2065 4141 Monam.
2095 4082 2243 4141 Boio.
2277 4099 2736 4157 supervacaneum
2777 4085 3027 4144 duxerint
3058 4085 3472 4143 instrumentum
3504 4083 3708 4142 Alrami
3741 4083 3796 4140 in
3831 4084 3975 4141 inte-

1162 4197 1313 4255 grum
1340 4182 1657 4256 producere,
1680 4196 1778 4237 nos
1798 4181 1850 4236 id
1876 4179 2088 4237 aliunde
2112 4180 2308 4238 frustra
2333 4182 2649 4256 requisitum
2675 4183 2776 4240 sub
2795 4183 3006 4240 silentio
3033 4184 3458 4257 praetermittere
3482 4183 3738 4256 cogimur.

1232 4282 1306 4353 (2)
1346 4300 1373 4334 ι
1399 4282 1558 4348 4236,
1591 4282 1658 4336 46
1701 4278 1846 4335 maii.
1891 4278 2175 4337 Gaboardo
2203 4279 2552 4339 ambassador
2583 4280 2723 4340 dello
2749 4281 3053 4356 imperador
3079 4282 3335 4355 Pederigo
3369 4297 3544 4339 venne
3570 4296 3603 4339 a
3629 4282 3842 4341 Verona
3873 4296 3975 4337 con

1164 4380 1267 4435 500
1302 4376 1551 4434 cavalieri
1585 4380 1640 4433 et
1672 4392 1774 4433 con
1811 4379 1914 4436 400
1948 4376 2229 4436 halestreri
2256 4393 2288 4435 a
2326 4379 2592 4451 guardare
2628 4380 2840 4438 Verona
2881 4384 3069 4454 aposta
3105 4379 3244 4437 dello
3284 4380 3396 4437 dito
3435 4379 3794 4455 imperadore.
3817 4398 3846 4433 ι
3877 4381 3976 4437 ΖΔ-

1162 4490 1331 4548 omi,
1364 4475 1611 4533 chronic.
1645 4475 1855 4544 Veron„
1882 4491 1940 4548 p.
1974 4477 2063 4532 32.

1232 4571 1302 4645 (3)
1339 4573 1549 4629 Nomen
1572 4572 1829 4630 hactenus
1852 4572 2167 4644 inauditum,
2193 4579 2249 4631 et
2278 4573 2501 4632 forsitan
2530 4575 2785 4634 mendose
2810 4581 3106 4632 exaratum.
