4842 5802
1228 662 1351 724 904
2223 663 2651 725 anmucl
2709 663 3053 724 SECUNDI
3663 667 3823 745 [An.
3867 664 4038 728 1286.

1391 821 1600 901 (Edid.
1642 820 2161 902 Summanum.
2191 821 2469 905 Botoqn„
2497 832 2540 885 t.
2574 825 2694 898 111,
2733 840 2870 901 pars
2907 823 2996 896 11,
3021 840 3086 900 p.
3123 831 3267 899 166,
3294 840 3371 885 ex
3398 832 3604 904 regest.
3638 825 3885 904 Gregor.
3932 825 4043 897 lx,

1463 946 1606 990 ann.
1638 929 1718 1003 X,
1744 938 1812 990 n⁰
1845 928 2009 1008 194.)

1324 1117 1575 1186 Datum
1628 1115 1868 1205 Reate,
1915 1115 2070 1186 XIV
2121 1113 2456 1187 kalendas
2497 1114 2939 1209 septembris,
2982 1136 3167 1187 anno
3208 1115 3500 1189 decimo.

1323 1238 1666 1333 Scriptum
1710 1247 1814 1308 est
1864 1240 2006 1309 fere
2056 1238 2129 1308 in
2181 1238 2506 1311 eumdem
2551 1237 2832 1309 modum
2883 1238 3393 1333 archiepiscopo
3442 1238 3933 1312 Mediolanensi
3975 1249 4045 1312 et

1226 1361 1681 1455 suffraganeis
1726 1364 1912 1453 ejus,
1949 1361 2072 1432 ubi
2115 1382 2292 1457 papa
2324 1389 2342 1432 ε
2375 1384 2410 1428 «
2437 1382 2593 1432 cum
2630 1360 2928 1433 audierit
2956 1360 3376 1433 Fridericum
3410 1383 3692 1458 pergere
3728 1364 3799 1433 in
3834 1364 4044 1435 Lom-

1229 1486 1572 1574 bardiam,
1615 1485 1823 1556 mittit
1852 1482 2248 1579 episcopum
2284 1485 2757 1557 Penestrinum
2787 1484 3118 1577 legatum.
3160 1484 3329 1556 Cum
3365 1486 3482 1557 alii
3521 1507 3748 1558 serere
3784 1486 4040 1558 bellum

1230 1609 1534 1681 nitantur
1568 1605 1708 1703 (l),
1760 1629 1996 1703 pacem
2041 1607 2375 1679 suadeant
2420 1628 2510 1680 ne
2567 1607 3002 1702 perturbetur
3046 1609 3296 1680 Terrae
3345 1609 3631 1680 Sanctae
3675 1630 4041 1681 succursus

1230 1741 1302 1804 et
1354 1732 1721 1803 haereseos
1775 1730 2059 1804 excisio.
2116 1731 2446 1824 Legatum
2505 1740 2814 1801 coactum
2879 1729 3232 1803 discordes
3291 1732 3654 1804 conciliare
3698 1731 3840 1827 (2),
3900 1740 4041 1804 tra-

1233 1855 1376 1926 dita
1439 1854 1533 1925 illi
1580 1856 1796 1925 forma
1849 1875 2029 1948 quae
2078 1854 2483 1947 gravamina
2534 1853 2719 1924 illata
2771 1853 3073 1924 ecclesiis
3120 1863 3190 1924 et
3235 1874 3449 1946 regno
3498 1854 3869 1928 emendare
3918 1853 4041 1927 de·

1229 1977 1412 2050 beat.
1449 2004 1484 2046 »
1517 1978 1735 2049 Indeoe
1767 1978 2023 2072 epistol.
2066 1975 2340 2070 (ἕτερον.
2377 1979 2501 2065 IX,
2546 1998 2720 2047 anno
2746 1979 2832 2064 X,
2871 1978 2945 2046 in
2981 1976 3225 2048 collect.
3268 1979 3554 2070 Laporte
3596 1978 3690 2048 du
3734 1979 3935 2049 Theil.

1301 2341 1376 2413 (4)
1410 2338 1575 2396 Paulo
1597 2344 1741 2407 ante,
1763 2336 1970 2394 scilicet
1992 2352 2090 2410 per
2110 2335 2316 2392 litteras
2332 2335 2487 2392 datas
2514 2334 2700 2406 Reate,
2716 2335 2841 2393 XVI
2867 2334 2973 2392 kal.
3000 2335 3261 2408 septemb.
3284 2337 3373 2406 (17
3401 2336 3646 2408 augusto,
3664 2335 3765 2409 ipsi
3791 2335 4041 2410 episcopo

1225 2437 1541 2496 Penestrino
1565 2435 1914 2492 mandaverat
1939 2450 2078 2508 papa
2106 2440 2166 2489 ut
2192 2434 2386 2491 Sedem
2419 2432 2777 2505 Apostolicam
2803 2447 2835 2489 a
2862 2433 3225 2490 detractorum
3258 2432 3452 2505 linguis
3484 2433 3537 2489 in
3565 2432 3704 2489 facto
3730 2434 3878 2506 pacis
3906 2434 4043 2490 inter

1224 2534 1511 2608 imperium
1536 2538 1593 2590 et
1613 2532 1940 2589 Lombardos
1971 2530 2299 2588 defenderet.
2331 2530 2525 2603 Incipit
2557 2530 2823 2598 Qualiter.

1294 2630 1366 2704 (2)
1404 2630 1556 2699 Quod
1578 2630 1784 2702 legatus
1805 2635 1933 2685 tunc
1956 2628 2212 2701 temporis
2233 2628 2374 2701 apud
2391 2627 2714 2684 Placentiam
2737 2626 2908 2698 egerit
2929 2642 3028 2700 pro
3047 2626 3306 2685 discordia
3323 2627 3579 2691 sedanda,
3590 2627 3748 2685 valde
3761 2628 4043 2686 molestum

1225 2727 1418 2784 babuit
1443 2727 1746 2800 imperator.
1779 2727 1883 2782 Res
1910 2726 2053 2782 enim
2080 2741 2235 2799 spem
2268 2726 2384 2797 eJus
2411 2724 2627 2781 omnino
2652 2724 2865 2782 delusit.
2897 2725 3008 2780 Hoc
3033 2740 3177 2782 anno
3203 2739 3389 2780 mense
3415 2725 3626 2795 martio,
3652 2730 3713 2780 ut
3737 2741 3840 2782 nos
3864 2730 4044 2782 monet

1225 2824 1509 2882 chronicon
1543 2823 1798 2879 ineditum
1831 2822 1885 2877 in
1915 2822 2034 2879 cod.
2066 2822 2347 2879 Harleiano
2379 2824 2553 2892 3678,
2586 2821 2708 2877 folio
2752 2824 2817 2877 ⁴9
2862 2827 3208 2890 recto-verso,
3245 2840 3274 2873 α
3303 2821 3558 2893 magister
3593 2821 4041 2892 Alamannorum,

1227 2938 1408 2981 comes
1436 2921 1749 2979 Gaboardus
1766 2962 1780 2989 ,
1814 2919 2065 2993 magister
2089 2921 2281 2978 Petrus
2312 2921 2380 2977 de
2405 2920 2592 2978 vineis
2606 2963 2620 2990 ,
2646 2919 2861 2975 Tadeus
2883 2920 2953 2976 de
2985 2920 3180 2989 Suesa,
3197 2919 3408 2991 judices
3430 2934 3658 2990 magnae
3686 2921 3895 2987 curiae,
3921 2934 4045 2977 cum

1230 3019 1425 3077 comite
1452 3020 1668 3078 Simone
1704 3018 1772 3074 de
1805 3018 1973 3091 Beyto
2002 3017 2238 3090 (Theate)
2265 3024 2530 3091 potestate
2559 3018 2875 3086 Cremonae,
2905 3023 2960 3073 et
2986 3017 3340 3089 potestatibus
3373 3023 3430 3073 et
3453 3017 3892 3075 ambaxatoribus
3912 3017 4049 3074 Cre-

1231 3131 1445 3184 monae,
1471 3115 1667 3187 Papiae
1693 3121 1748 3171 et
1764 3115 2054 3184 Terdonae‚
2089 3116 2251 3184 Astis,
2279 3114 2540 3183 Veronae,
2562 3115 2809 3183 Parmae,
2833 3113 2978 3185 Regii
3007 3120 3064 3170 et
3087 3114 3340 3182 Mutinae,
3366 3114 3737 3185 praesentibus
3762 3113 4044 3171 Guillelmo

1233 3213 1301 3269 de
1329 3212 1520 3268 Andito
1546 3218 1601 3267 et
1633 3211 1781 3280 filiis,
1808 3210 2105 3267 rectoribus
2129 3211 2309 3284 populi
2339 3209 2671 3280 Placentiae,
2700 3210 3086 3283 parlamentum
3116 3210 3172 3267 in
3203 3210 3403 3282 palatio
3432 3209 3728 3266 Placentiae
3757 3210 3950 3268 fecere.
3981 3211 4043 3266 In

1233 3321 1341 3380 quo
1367 3306 1619 3378 magister
1645 3308 1835 3363 Petrus
1859 3306 1928 3363 de
1958 3305 2161 3364 VineiS.
2201 3347 2216 3362 .
2239 3348 2254 3363 .
2272 3348 2285 3361 .
2318 3305 2562 3362 hortatus
2586 3310 2670 3362 est
2698 3305 2841 3379 ipsos
2865 3306 3049 3364 dicens
3070 3311 3134 3363 ut
3157 3321 3283 3362 cum
3311 3305 3455 3362 omni
3479 3320 3666 3363 eorum
3693 3306 3915 3363 exfortio
3940 3321 4045 3363 es-

1231 3411 1354 3462 sent
1376 3405 1548 3478 parati
1577 3402 1774 3460 festum
1805 3403 2015 3459 Domini
2041 3409 2381 3477 peroptatum
2411 3401 2704 3459 celebrare.
2737 3402 2936 3459 Eodem
2967 3407 3207 3475 tempore
3237 3403 3407 3474 major
3433 3418 3560 3475 pars
3588 3403 3804 3459 militiae
3827 3402 4041 3460 Placen-

1230 3501 1339 3559 tiae
1367 3508 1514 3557 extra
1539 3501 1807 3557 civitatem
1834 3500 2035 3557 exierat
2060 3507 2116 3557 et
2140 3500 2396 3573 populum
2423 3504 2480 3556 et
2504 3499 2767 3555 civitatem
2802 3498 3142 3571 gueriabant,
3171 3499 3361 3555 stando
3402 3499 3455 3554 in
3482 3500 3674 3557 castris
3707 3500 4046 3572 episcopatus

1233 3597 1553 3656 Placentiae.
1576 3615 1602 3648 ι
1626 3597 1801 3665 Quum
1832 3603 2012 3653 autem
2038 3596 2328 3670 imperator
2354 3595 2555 3652 curiam
2584 3610 2739 3652 suam
2767 3593 2909 3667 apud
2932 3593 3253 3651 Placentiam
3277 3594 3585 3665 indixisset,
3610 3597 3749 3651 sicut
3774 3611 3936 3669 supra
3961 3596 4045 3651 vi-

1238 3699 1416 3755 dimus
1451 3716 1508 3772 p.
1543 3699 1668 3766 85⁴,
1698 3696 1753 3752 in
1790 3696 2022 3752 adventu
2050 3697 2186 3768 ejus,
2230 3712 2416 3752 mense
2451 3695 2653 3753 scilicet
2678 3702 2936 3768 augusto,
2964 3714 2991 3748 ι
3018 3692 3282 3766 capitanei
3311 3692 3645 3767 [Placentiae]
3673 3695 3740 3751 de
3775 3694 4047 3751 voluntate

1236 3796 1549 3854 societatum
1572 3794 1753 3868 populi
1782 3793 1836 3849 in
1863 3794 2011 3850 curia
2036 3793 2233 3849 domini
2261 3793 2495 3867 episcopi
2530 3792 3009 3866 compromiserunt
3034 3807 3095 3847 se
3128 3791 3183 3846 in
3212 3791 3486 3847 dominum
3507 3791 3761 3847 Jacobum
3791 3791 3859 3847 de
3880 3792 4044 3850 Peco-

1235 3892 1378 3948 raria
1401 3890 1722 3947 cardinalem
1751 3890 1818 3947 de
1843 3889 2105 3946 discordia
2143 3905 2282 3961 quae
2308 3905 2432 3944 cum
2459 3888 2715 3944 militibus
2739 3887 2935 3944 deforis
2961 3887 3286 3956 habebatur;
3318 3887 3410 3959 qui
3438 3887 3629 3942 milites
3657 3888 3769 3960 jam
3803 3902 3864 3943 se
3899 3902 4045 3945 com-

1238 3987 1598 4061 promiserant
1620 3986 1675 4040 in
1706 4000 1848 4042 eum.
1881 3985 1950 4040 Bt
1970 3984 2108 4041 facta
2136 3984 2272 4040 inter
2305 4000 2398 4041 eos
2427 3999 2587 4056 pace,
2618 3983 2761 4040 dedit
2797 3984 2876 4041 eis
2902 3983 3254 4040 communiter
3291 3998 3388 4055 pro
3427 3988 3688 4053 potestate
3717 3982 4045 4055 Raynerium

1236 4086 1439 4141 Zenum
1466 4083 1534 4140 de
1549 4083 1784 4142 venetiis
1804 4082 1896 4155 qui
1923 4083 2070 4138 venit
2093 4082 2162 4138 ad
2186 4082 2424 4154 regimen
2448 4081 2516 4138 de
2545 4097 2730 4138 mense
2756 4080 3093 4154 septembris.
3112 4079 3179 4136 Bt
3200 4079 3394 4137 exinde
3419 4079 3711 4136 Placentini
3733 4078 4047 4152 imperatori

1238 4181 1452 4238 fuerunt
1473 4180 1717 4237 rebelles.
1742 4198 1767 4231 υ
1788 4179 1914 4235 Joa.
1945 4195 2017 4234 na
2040 4180 2270 4246 Mussts,
2307 4178 2560 4235 chronic.
2595 4178 2857 4248 Placent„
2879 4194 2972 4251 ap.
2996 4178 3307 4247 Mum-rom,
3332 4177 3557 4250 script„
3578 4183 3617 4233 t.
3647 4177 3801 4246 XVI,
3825 4193 3883 4249 p.
3916 4179 4040 4233 462.

1237 4277 1368 4333 Inde
1392 4277 1541 4333 curia
1567 4275 1819 4349 impedita
1836 4275 2108 4344 remansit,
2129 4280 2184 4330 et
2200 4274 2508 4346 imperatori
2537 4276 2758 4331 vetitum
2786 4292 2852 4330 ne
2881 4275 3138 4331 Cremona
3163 4273 3382 4346 Papiam
3401 4272 3667 4329 transiret.
3686 4272 4040 4344 CLCArrAn,

1237 4374 1439 4434 Annal.
1462 4376 1744 4443 Innitens„
1774 4387 1866 4446 ap.
1889 4372 2180 4429 Mum-om
2196 4413 2210 4440 ,
2237 4371 2464 4444 Script.‚
2492 4377 2533 4426 t.
2562 4372 2654 4440 vl,
2678 4388 2734 4444 p.
2770 4372 2890 4427 474.
2917 4370 3030 4426 Nec
3052 4368 3574 4443 praetermittendum
3606 4370 3733 4441 quid
3760 4385 3922 4442 super
3942 4369 4046 4425 boc

1240 4477 1424 4529 narret
1446 4477 1637 4527 auctor
1661 4472 1764 4525 vit.
1796 4469 2014 4541 (ἕτερον.
2048 4469 2142 4524 IX
2161 4487 2176 4522 .·
2207 4488 2234 4520 α
2263 4468 2435 4535 Quem
2465 4466 2852 4543 [cardinalem]‚
2881 4483 3003 4524 cum
3031 4466 3193 4523 nollet
3216 4483 3246 4523 a
3274 4467 3361 4522 via
3397 4474 3541 4522 recta
3573 4467 3862 4536 declinare,
3893 4483 4044 4523 occa-

1241 4569 1391 4625 sione
1417 4575 1671 4641 concepta
1701 4567 1842 4639 quod
1864 4566 2002 4621 inter
2025 4565 2359 4621 Placentinos
2380 4565 2525 4621 cives
2550 4581 2736 4637 pacem
2762 4565 3083 4635 firmaverat,
3109 4565 3248 4622 sicut
3270 4580 3337 4621 ex
3361 4565 3515 4621 officii
3537 4565 3721 4622 debito
3744 4565 4045 4635 tenebatur,

1244 4667 1392 4736 gravi
1419 4666 1720 4738 suspicione
1743 4670 1986 4721 notatum
2002 4704 2017 4733 ,
2045 4663 2233 4719 audire
2270 4662 2592 4735 contempsit
2614 4663 2937 4736 [imperator]
2956 4705 2970 4732 ,
3001 4662 3249 4718 eumdem
3279 4661 3612 4718 contumeliis
3635 4668 3796 4734 atque
3823 4660 4049 4717 commi-

1237 4762 1544 4818 nationibus
1566 4767 1901 4835 prosecutus.
1926 4779 1953 4812 n
