4842 5802
1119 602 1240 664 562
2158 599 2502 661 HENRICI
2551 599 2888 663 SEP‘rlut
3551 601 3712 680 [Ass.
3751 602 3925 664 1232.

1212 733 1605 823 Heinricus,
1643 734 1767 805 Dei
1812 734 2033 828 gratia
2082 734 2544 806 Romanorum
2587 754 2722 806 rex
2760 743 2830 807 et
2873 753 3148 830 semper
3192 741 3532 829 augustus
3552 792 3570 823 ‚
3608 734 3935 810 fidelibus

1117 857 1261 928 suis
1297 856 1600 928 scultetis
1627 864 1696 927 et
1733 857 2075 929 universis
2113 859 2385 930 civibus
2418 858 2510 931 de
2535 858 2991 951 Frankinfort,
3028 856 3118 931 de
3138 857 3535 953 Wepflaria,
3576 858 3666 932 de
3695 860 3935 935 Fride-

1117 980 1288 1074 berg
1323 988 1391 1051 et
1427 979 1518 1051 de
1558 979 2001 1053 Geilinhusen
2038 981 2329 1076 gratiam
2373 1001 2573 1052 suam
2613 991 2682 1054 et
2723 1002 2928 1053 omne
2968 980 3255 1054 bonum.
3298 981 3763 1055 Constantiam
3801 983 3937 1057 de-

1117 1103 1418 1175 votionis
1458 1110 1684 1176 vestre
1726 1111 1796 1175 et
1829 1105 2168 1177 fervorem
2205 1101 2367 1177 fidei
2402 1125 2610 1197 quam
2649 1103 2864 1177 multa
2894 1104 3039 1195 J'am
3078 1126 3205 1200 per
3240 1114 3553 1200 tempora
3583 1106 3764 1179 circa
3811 1128 3937 1180 nos

1115 1234 1183 1299 et
1218 1225 1580 1321 imperium
1609 1227 1946 1309 habuistis
1979 1228 2338 1302 salubriter
2382 1206 2845 1315 aduertentes,
2881 1228 3087 1302 talem
3123 1228 3323 1302 vobis
3359 1228 3606 1301 damus
3644 1230 3936 1323 gratiam

1115 1357 1184 1421 et
1231 1349 1671 1422 concedimus
1724 1350 2110 1424 libertatem
2153 1360 2230 1422 ut
2281 1360 2638 1445 nunquam
2691 1352 2993 1446 aliquem
3039 1359 3345 1423 vestrum
3397 1373 3773 1448 pauperem
3823 1354 3936 1426 vel

1114 1468 1404 1544 divitem
1442 1495 1771 1569 cogamus
1819 1483 1942 1547 aut
1983 1483 2325 1547 arctemus
2366 1473 2576 1547 filiam
2625 1476 2738 1549 vel
2790 1484 3070 1571 neptem
3111 1497 3311 1548 suam
3361 1475 3568 1548 alicui
3607 1473 3698 1548 de
3745 1476 3938 1549 curia

1116 1603 1345 1668 nostra
1406 1618 1527 1668 seu
1593 1605 1787 1670 extra
1857 1597 2116 1671 curiam
2172 1608 2473 1671 nostram
2535 1597 2859 1693 copulare
2918 1606 3039 1671 aut
3099 1596 3370 1671 tradere
3423 1596 3802 1689 legitimam
3862 1597 3937 1669 in

1115 1740 1429 1792 uxorem.
1467 1721 1551 1792 Et
1587 1722 1661 1793 in
1712 1722 2013 1817 presenti
2055 1721 2269 1795 filiam
2315 1719 2539 1795 fidelis
2584 1720 2796 1793 nostri
2842 1720 3174 1796 Johannis
3216 1719 3541 1794 Goltstein
3594 1719 3684 1794 de
3718 1721 3936 1792 Fran-

1118 1841 1385 1913 kenfort
1428 1864 1471 1914 a
1515 1844 1865 1918 coactione
1914 1867 2124 1939 quam
2176 1845 2655 1939 inceperamus
2699 1865 2826 1940 pro
2872 1845 2955 1916 R.
2997 1864 3199 1917 servo
3253 1852 3487 1917 nostro
3530 1842 3939 1917 dimittimus

1119 1964 1541 2057 absolutam3
1594 1968 1900 2041 nolentes
1948 1968 2277 2064 deinceps
2327 1969 2627 2061 aliquem
2685 1967 2913 2039 civem
2963 1975 3273 2041 vestrum
3327 1967 3418 2040 ad
3472 1968 3628 2040 talia
3693 1986 3940 2060 cogere

1120 2087 1235 2160 vel
1282 2097 1538 2179 artare,
1594 2089 1719 2162 sed
1764 2099 2096 2184 quantum
2142 2113 2504 2186 possumus
2556 2111 2679 2184 per
2732 2090 3112 2186 simplicem
3160 2090 3556 2186 petitionem
3609 2090 3940 2185 proficere

1124 2209 1481 2301 faciemus,
1532 2213 1721 2284 nulla
1757 2222 1981 2286 tamen
2029 2214 2210 2285 mala
2263 2213 2574 2286 adhibita
2616 2214 2992 2286 voluntate.
3036 2211 3150 2285 Ad
3182 2214 3381 2305 cnjus
3414 2213 3647 2306 itaque
3683 2213 3844 2285 sacti
3876 2221 3944 2285 et

1122 2333 1340 2422 gratie
1383 2342 1616 2406 nostre
1661 2336 2015 2409 certiorem
2065 2336 2483 2410 evidentiam
2502 2391 2523 2427 ,
2570 2359 2853 2433 presens
2910 2336 3170 2411 exinde
3215 2338 3543 2431 scriptum
3601 2335 3746 2409 fieri
3788 2338 3943 2429 jus-

1120 2454 1338 2527 simus
1372 2465 1440 2528 et
1473 2457 1679 2551 sigilli
1718 2460 1930 2530 nostri
1963 2460 2345 2531 munimine
2379 2461 2711 2533 roborari.

1221 2580 1468 2650 Datum
1510 2581 1700 2675 apud
1735 2581 2194 2672 Nuremhem,
2231 2603 2415 2653 anno
2452 2581 2801 2656 dominice
2834 2584 3327 2659 incarnationis
3359 2585 3457 2658 Μ’
3481 2584 3604 2657 CC⁰
3625 2585 3936 2674 xxxl10,

1122 2700 1336 2774 XVIII
1368 2702 1696 2775 kalendas
1728 2704 2082 2791 februarii,
2121 2703 2493 2778 indictione
2517 2706 2604 2777 V.

758 3377 1025 3475 wlffino
1230 3333 1597 3418 Henricus
1612 3398 1635 3444 ,
1675 3337 2192 3421 Romanorum
2228 3365 2360 3422 rex
2375 3399 2400 3446 ‚
2442 3340 2813 3424 universis
2865 3342 3373 3454 burgensibus
3406 3344 3504 3425 de
3540 3343 3945 3429 Gelnhau-

749 3488 805 3530 20
829 3459 1054 3529 rebmrss!
1131 3491 1264 3548 sen
1318 3469 1689 3576 promittit
1741 3473 1951 3579 quod
2003 3498 2402 3581 nunquam
2459 3474 2557 3557 ab
2609 3474 2867 3584 aliquo
2919 3500 3186 3558 eorum
3237 3475 3484 3585 exiget
3534 3486 3621 3560 ut
3673 3503 3811 3586 pro
3865 3505 3946 3561 se

1128 3599 1520 3709 recolligat
1554 3627 1921 3710 expensas
1955 3603 2235 3712 quibus
2270 3603 2432 3712 ipse
2465 3604 2574 3688 ibi
2607 3631 2920 3689 causam
2954 3606 3282 3713 dederit,
3322 3607 3457 3691 sed
3491 3609 3702 3718 quod
3735 3608 3949 3718 ejus—

1132 3732 1311 3814 dem
1344 3732 1492 3815 loci
1531 3734 1891 3818 scultetus
1925 3735 2072 3820 hoc
2105 3736 2311 3820 idem
2341 3737 2589 3821 facere
2622 3739 2919 3823 debeat.

1298 3969 1633 4050 (Memorat.
1664 3989 1756 4050 ap.
1787 3975 2113 4049 Βοεωιι,
2143 3977 2367 4058 Reque.
2397 3977 2627 4058 irnper„
2664 3994 2726 4054 p.
2760 3986 2901 4051 24⁰,
2947 3986 3016 4038 n⁰
3040 3986 3180 4051 256,
3207 3993 3286 4039 ex
3322 3980 3490 4058 copia
3531 3979 3712 4041 seculi
3755 3981 3953 4056 quarti

1379 4076 1592 4137 decimi
1612 4077 1772 4154 apud
1797 4077 2218 4157 Gelnhausen.)

1234 4289 1484 4360 Datum
1526 4286 1715 4384 apud
1750 4286 2202 4381 Geilnhusen‚
2240 4311 2421 4363 anno
2469 4289 2811 4366 dominice
2856 4293 3344 4368 incarnationis
3390 4293 3483 4368 M.
3516 4293 3638 4367 CC.
3670 4292 3945 4384 XXXII,

1137 4412 1205 4484 X
1239 4410 1567 4485 kalendas
1598 4411 1850 4500 martii,
1888 4411 2262 4486 indictione
2291 4415 2377 4488 V.
