4842 5802
1859 632 2119 692 INDEX
2166 628 2865 692 nocquN'roltUM.
3650 625 3771 686 963

968 835 1184 912 1252

950 966 1192 1041 januar.
1296 962 1634 1022 Ravennae.
1711 989 1792 1007 —
1829 960 1924 1020 Ad
1958 976 2159 1036 preces
2185 961 2474 1023 nobilium
2516 961 2591 1021 de
2635 960 2916 1038 Honberg
2959 962 3025 1019 in
3069 959 3350 1037 Nordgau
3363 1005 3383 1036 ,
3412 961 3677 1020 concedit
3702 967 3771 1020 ut

1791 1054 1951 1116 bona
1973 1057 2234 1131 ipsorum
2260 1057 2419 1133 apud
2451 1056 2779 1116 Hochstiidt
2819 1062 2878 1116 et
2911 1060 3168 1114 castrum
3198 1055 3608 1115 Piaffenhofen
3632 1072 3768 1116 cum

1789 1154 2155 1228 pertinentiis
2180 1160 2242 1213 et
2266 1154 2507 1230 juribus
2541 1154 2745 1214 comiti
2769 1153 3019 1212 Heurico
3046 1150 3120 1211 de
3146 1152 3482 1230 Ortenburg
3506 1153 3769 1230 obligare

1792 1248 2061 1323 valeant,
2091 1256 2153 1310 et
2192 1251 2338 1310 haec
2380 1252 2614 1326 imperii
2639 1249 2813 1310 feoda
2839 1251 2903 1308 in
2929 1249 3206 1310 manibus
3237 1249 3514 1326 praedicti
3541 1251 3772 1311 comitis

1792 1361 1984 1422 usque
2010 1347 2088 1407 ad
2114 1347 2574 1422 redemptionem
2603 1351 3001 1422 permaneant.
3650 1356 3769 1408 294

963 1444 1198 1518 januar.
1301 1441 1638 1502 Ravennae.
1712 1474 1794 1485 --
1832 1441 2008 1502 Cives
2033 1442 2290 1503 Comacli
2310 1449 2594 1519 tanquam
2616 1443 2894 1518 speciales
2920 1442 3183 1502 homines
3209 1449 3270 1502 et
3292 1446 3607 1520 piscatores
3633 1461 3772 1506 suos

1794 1536 1905 1596 sub
1960 1540 2315 1613 protectione
2367 1555 2477 1598 sua
2529 1545 2589 1597 et
2642 1539 2870 1614 imperii
2916 1540 3156 1614 recipit,
3205 1540 3409 1616 eisque
3462 1540 3771 1602 confirmat

1792 1636 2185 1708 possessiones
2210 1640 2273 1694 et
2306 1637 2448 1710 ,iura
2483 1650 2637 1712 quae
2675 1636 2772 1694 avi
2812 1641 2872 1694 et
2911 1637 3094 1711 patris
3139 1636 3232 1696 sui
3274 1637 3636 1713 temporibus
3675 1645 3771 1698 te-

1793 1735 2067 1788 nuerunt.
3473 1743 3619 1807 294,
3654 1745 3765 1796 295

965 1824 1219 1885 februar.
1298 1827 1636 1888 Ravennae.
1714 1854 1795 1866 —
1833 1824 1927 1883 Ad
1955 1840 2153 1900 preces
2177 1823 2465 1885 Johannis
2491 1823 2829 1898 Sabinensis
2869 1827 3155 1902 episcopi,
3183 1832 3496 1908 conventui
3541 1833 3769 1891 monia-

1794 1920 1939 1980 lium
1997 1921 2246 1981 Sanctae
2302 1921 2525 1981 Mariae
2565 1921 2641 1981 de
2688 1922 2927 1982 Battant
2966 1923 3262 1984 licentiam
3310 1929 3576 1987 concedit
3624 1945 3768 1988 con-

1794 2016 2054 2076 struendi
2100 2017 2340 2077 furnum
2385 2016 2543 2076 infra
2583 2020 2813 2077 moenia
2853 2020 3110 2080 civitatis
3145 2020 3482 2084 Bisuntinae
3507 2032 3567 2085 et
3592 2042 3768 2086 exco-

1793 2112 1953 2172 lendi
2010 2113 2089 2173 ad
2159 2129 2341 2174 unam
2400 2127 2706 2174 carrucam
2758 2114 2833 2174 de
2881 2117 3054 2177 terris
3104 2119 3344 2179 incultis
3400 2123 3463 2179 in
3518 2121 3645 2182 loco
3691 2123 3768 2182 de

1795 2208 2084 2269 Chaillou.
3651 2226 3767 2280 296

965 2302 1221 2364 februar.
1301 2302 1635 2363 Ravennae.
1719 2336 1798 2350 —
1835 2305 2147 2366 Bertholdo
2174 2307 2539 2382 patriarchae
2560 2308 2962 2384 Aquilegiensi
2989 2313 3359 2385 protectionis
3386 2313 3605 2374 litteras
3632 2331 3773 2375 con-

1796 2402 1953 2460 cedit
1975 2402 2258 2462 adversus
2279 2403 2489 2463 Istriae
2506 2407 2974 2479 communitates,
2992 2408 3317 2482 specialiter
3337 2409 3563 2484 Polam,
3582 2413 3773 2488 Caput

1795 2498 2002 2558 Istriae
2025 2504 2084 2558 et
2110 2499 2469 2561 Parentium.
2761 2579 2766 2584 ε
3654 2516 3769 2569 298

975 2589 1049 2651 2'2
1073 2590 1223 2652 febr.
1302 2592 1642 2654 Ravennae.
1716 2626 1797 2639 —
1835 2596 2327 2657 constitutionem
2366 2604 2612 2658 renovat
2648 2604 2856 2658 contra
2894 2614 3100 2661 omnes
3138 2607 3199 2661 et
3232 2604 3539 2681 praecipue
3563 2613 3782 2666 contra*

1796 2693 2129 2752 nominatos
2155 2694 2334 2770 hujus
2360 2697 2639 2771 temporis
2671 2696 3014 2758 haereticos.
3652 2712 3767 2764 298

974 2786 1205 2844 martio.
1306 2786 1642 2847 Ravennae.
1721 2819 1798 2832 -
1840 2788 2330 2850 constitutionem
2356 2807 2524 2851 suam
2551 2793 2877 2870 generalem
2914 2799 3119 2854 contra
3159 2795 3481 2857 haereticos
3505 2801 3771 2874 promul-

1797 2899 1978 2963 gans,
2006 2884 2216 2946 fratres
2254 2886 2477 2948 ordinis
2509 2888 2972 2964 praedicatorum
3009 2890 3083 2950 de
3107 2892 3459 2971 Wirzeburg
3492 2912 3598 2971 pro
3631 2894 3772 2958 fidei

1797 2984 2033 3060 negotio
2053 2985 2116 3042 in
2144 2984 2408 3059 partibus
2433 2984 2797 3046 Theutoniae
2819 2987 3159 3065 deputatos,
3185 2987 3297 3047 sub
3325 3003 3434 3049 sua
3460 2998 3519 3050 et
3543 2993 3774 3069 imperii

1797 3077 2034 3154 speciali
2060 3081 2267 3155 recipit
2293 3078 2652 3140 defensione.
3659 3098 3774 3149 300

974 3173 1206 3233 martio.
1301 3173 1634 3236 Ravennae.
1717 3206 1799 3219 —
1836 3174 1933 3235 Ad
1965 3191 2165 3251 preces
2192 3176 2437 3235 Gerardi
2473 3174 2808 3238 Bremensis
2850 3179 3300 3259 archiepiscopi,
3331 3181 3641 3245 confirmat
3661 3187 3776 3247 do-

1576 3300 1579 3301 r
1798 3274 2096 3332 nationem
2137 3274 2439 3349 quondam
2491 3274 2567 3333 ab
2613 3275 2868 3334 Heni-ico
2918 3275 3177 3351 palatino
3219 3281 3430 3339 comite
3471 3281 3662 3341 Rheni
3715 3290 3777 3344 et

1799 3369 1950 3428 duce
1992 3369 2280 3429 Saxoniae
2327 3371 2601 3430 ecclesiae
2647 3371 2948 3449 Bremensi
2990 3358 3207 3451 ⁴iactam
3223 3418 3241 3447 ,
3273 3380 3396 3434 tam
3433 3377 3494 3435 in
3523 3380 3776 3453 praediis

1800 3479 1978 3539 quam
2003 3466 2066 3523 in
2090 3465 2563 3525 ministerialibus
2587 3469 2925 3541 patrimonii
2951 3469 3235 3551 ejusdem.
3658 3485 3771 3537 303

978 3554 1212 3611 martio.
1305 3554 1642 3615 Ravennae.
1720 3588 1803 3602 —
1840 3559 2221 3635 Privilegium
2273 3559 2349 3620 ab
2405 3577 2518 3620 avo
2568 3578 2676 3621 suo
2722 3563 3017 3627 Friderico
3060 3566 3092 3624 Ι
3129 3569 3483 3629 monasterio
3527 3567 3778 3633 Sanctae

1640 3670 1645 3677 ·
1802 3652 2128 3713 christinae
2145 3657 2325 3731 juxta
2350 3657 2594 3731 Papiam
2620 3671 2775 3716 anno
2805 3666 2956 3718 1185
2985 3661 3314 3735 indultum,
3343 3666 3651 3726 inserendo
3679 3686 3777 3728 re-

1801 3754 1987 3808 novat
2011 3756 2070 3809 et
2095 3746 2430 3822 confirmat,
2464 3756 2524 3810 et
2547 3753 2787 3827 insuper
2825 3754 3090 3835 indulget
3116 3761 3184 3815 ut
3209 3759 3375 3819 nulla
3400 3766 3775 3840 praescrion

1801 3847 1916 3905 nisi
1959 3849 2292 3905 centenaria
2330 3847 2519 3907 eidem
2568 3853 2920 3910 monasterio
2955 3853 3335 3927 praeiudicet.
3661 3870 3772 3922 305

982 3935 1212 3995 martio.
1312 3938 1645 3998 Ravennae.
1722 3972 1801 3986 —
1842 3940 2021 4002 Jubet
2066 3947 2134 4002 ut
2178 3945 2535 4020 quicumque
2561 3943 2740 4005 feuda
2773 3946 2867 4005 vel
2902 3953 3088 4007 terras
3124 3964 3163 4009 a
3198 3953 3409 4011 comite
3436 3953 3778 4016 Provinciae

1803 4042 1863 4096 et
1887 4036 2250 4097 Fulkalkerii
2277 4045 2503 4111 tenens,
2531 4055 2801 4117 guerram
2828 4047 2887 4101 et
2912 4043 3257 4106 seditionem
3283 4054 3484 4109 contra
3509 4053 3776 4126 praedic-

1802 4140 1930 4192 tum
1975 4135 2249 4193 comitem
2295 4138 2575 4209 moverit,
2617 4136 2838 4196 eisdem
2872 4141 3158 4219 privetur,
3186 4158 3339 4218 quae
3383 4144 3461 4204 ad
3501 4150 3771 4210 comitem

1801 4228 2214 4288 devolvantur.
3489 4251 3626 4317 308,
3660 4255 3774 4305 309

982 4323 1213 4383 martio.
1339 4325 1621 4386 venetiis.
1735 4354 1804 4368 -
1839 4324 1877 4383 J
1878 4323 2062 4384 acobo
2086 4324 2348 4401 Teupolo
2385 4324 2521 4386 duci
2558 4332 2619 4386 et
2660 4331 2769 4389 toti
2804 4331 3019 4406 populo
3043 4332 3421 4396 venetiarum
3448 4336 3774 4401 libertatem

1804 4423 2135 4481 commercii
2160 4423 2219 4480 in
2246 4436 2428 4498 regno
2467 4439 2576 4483 suo
2615 4422 2846 4486 Siciliae
2873 4426 3173 4506 indulget,
3205 4431 3425 4492 scilicet
3449 4432 3524 4493 de
3543 4437 3773 4513 juribus

1804 4516 2073 4577 dohanae
2097 4519 2162 4576 in
2187 4520 2484 4594 emptione
2511 4526 2570 4579 et
2598 4522 2930 4583 venditione
2956 4527 3271 4601 mercium,
3300 4528 3374 4588 de
3415 4537 3776 4596 testamentis

1805 4614 2152 4686 condendis,
2181 4614 2257 4675 de
2287 4614 2458 4676 bonis
2483 4619 2925 4699 intestatorum,
2961 4622 3036 4682 de
3073 4627 3453 4700 querimoniis
3476 4630 3772 4706 deponen-

1804 4710 1928 4785 dis,
1958 4710 2034 4771 de
2059 4711 2310 4773 navibus
2334 4712 2859 4793 naufragantibus,
2893 4724 3001 4780 etc.
3488 4735 3627 4806 309,
3661 4739 3774 4790 310
