4842 5802
1182 553 1300 613 752
2173 555 2608 616 FRlDERlCl
2656 554 3003 617 sncumm
3643 562 3779 623 Anu.
3821 564 3990 626 1235.

1278 691 1560 783 Signum
1617 692 1875 764 domini
1944 692 2243 765 Heinrici
2297 692 2477 765 sexti
2544 692 2999 764 Romanorum
3054 693 3480 788 imperatoris
3528 694 3989 772 invictissimi.

1179 813 1754 912 (Monoqramma.)

1275 938 1422 1034 Ego
1455 939 1779 1012 Ditberus
1804 938 2183 1034 imperialis
2215 938 2373 1014 aule
2404 937 2854 1011 cancellarius
2875 992 2895 1028 ,
2932 939 3088 1012 vice
3112 938 3411 1036 Philippi
3444 941 3866 1015 coloniensis
3896 966 4000 1016 ar·

1178 1061 1593 1159 chiepiscopi
1630 1074 1700 1137 et
1725 1063 1918 1135 Italie
1945 1062 2569 1153 archicancellarii,
2610 1060 3006 1156 recognovi.

1276 1185 1447 1259 Acta
1474 1196 1636 1258 sunt
1663 1187 1793 1259 bec
1826 1207 2009 1260 anno
2058 1185 2400 1259 dominice
2448 1185 2937 1258 incarnationis
2984 1184 3286 1277 Mcxcl,
3345 1186 3723 1261 indictione
3774 1190 3993 1275 vnn,

1180 1319 1511 1401 regnante
1531 1309 1810 1383 domino
1823 1310 2143 1384 Heinrico
2157 1317 2358 1381 sexto
2372 1309 2833 1381 Romanorum
2854 1308 3264 1404 imperatore
3277 1309 3793 1404 gloriosissimo,
3818 1335 4001 1386 anno

1179 1432 1379 1526 regni
1415 1434 1564 1523 ejus
1591 1433 1779 1504 XXII
1804 1487 1822 1521 ,
1879 1433 2149 1527 imperii
2184 1453 2349 1504 vero
2385 1432 2631 1527 primo.

1278 1558 1527 1628 Datum
1564 1556 1753 1650 apud
1779 1556 2137 1650 Neapolim
2173 1577 2294 1650 per
2329 1576 2615 1628 manum
2656 1554 2952 1627 Heinrici
2992 1555 3470 1649 protonotarii,
3520 1556 3644 1628 XV
3670 1557 4002 1632 kalendas

1177 1681 1369 1773 julii,
1408 1679 1713 1751 feliciter.
1755 1678 2003 1752 Amen.

1281 1804 1419 1875 Nos
1455 1803 1664 1897 igitur
1695 1804 1842 1875 suis
1877 1802 2493 1897 supplicationibus
2531 1801 2902 1897 benignius
2926 1800 3268 1893 inclinati,
3322 1801 3753 1876 attendentes
3791 1804 3996 1880 fidem

1184 1937 1254 2001 et
1297 1927 1731 2001 devotionem
1780 1927 2116 1999 sinceram
2163 1926 2384 2021 ipsius
2439 1926 2708 1999 abbatis
2767 1946 2979 2019 quam
3018 1922 3109 1996 ad
3155 1924 3634 1999 celsitudinem
3698 1938 3999 2001 nostram

1184 2051 1429 2143 habet,
1464 2051 1781 2122 abbatem
1813 2049 2164 2141 eumdem,
2200 2070 2631 2122 successores
2650 2050 2829 2141 ejus,
2864 2048 3315 2121 monachoset
3333 2050 3563 2122 omnia
3580 2050 3761 2122 bona
3788 2052 4003 2146 ipsius

1184 2174 1580 2248 monasterii
1616 2195 1755 2268 que
1791 2175 1976 2266 juste
2020 2173 2325 2269 possidet
2374 2173 2445 2244 in
2492 2173 2793 2268 presenti
2836 2183 2905 2245 et
2956 2174 3024 2244 in
3064 2182 3268 2246 antea
3305 2174 3496 2265 justo
3528 2174 3721 2247 titulo
3760 2176 4005 2270 poterit

1185 2297 1511 2393 adipisci,
1575 2299 1706 2370 snb
1749 2297 2033 2393 speciali
2075 2308 2312 2369 nostra
2355 2306 2425 2369 et
2478 2297 2748 2391 imperii
2804 2297 3224 2393 protectione
3270 2299 3699 2391 recepimus3
3761 2321 4004 2394 supra·

1185 2423 1517 2517 scriptum
1549 2443 1827 2515 quoque
1855 2420 2296 2517 privilegium
2331 2421 2548 2514 patris
2574 2419 2786 2492 nostri
2814 2421 3111 2516 presenti
3147 2420 3510 2515 privilegio
3537 2419 3629 2495 de
3667 2423 3883 2495 verbo
3910 2423 4003 2497 ad

1185 2546 1476 2617 verbum
1519 2545 1729 2616 inseri
1747 2544 2110 2637 jussimus,
2151 2544 2380 2615 omnia
2418 2564 2558 2635 que
2597 2543 3030 2616 continentur
3077 2545 3149 2613 in
3181 2565 3264 2616 eo
3313 2545 3736 2616 auctoritatis
3778 2555 4005 2619 nostre

1184 2670 1564 2740 munimine
1615 2667 2124 2741 confirmantes.
2175 2667 2555 2738 Statuimus
2609 2667 2819 2759 igitur
2866 2676 2935 2738 et
2981 2666 3317 2760 imperiali
3384 2668 3732 2740 sancimus
3777 2669 4005 2742 edicto

1184 2793 1513 2887 quatinus
1540 2792 1727 2863 nulla
1760 2811 2053 2887 persona
2082 2792 2216 2861 alta
2245 2791 2355 2862 vel
2382 2790 2689 2879 humilis,
2717 2789 3174 2862 ecclesiastica
3203 2789 3313 2887 vel
3338 2792 3701 2882 secularis,
3734 2792 4003 2886 predic·

1188 2929 1335 2989 tum
1361 2917 1875 3006 monasterium,
1915 2915 2259 3004 abbatem,
2295 2934 2725 2987 successores
2754 2914 2933 3004 ejuS‚
2964 2913 3337 2984 monachos
3357 2922 3426 2985 et
3448 2915 3761 2986 homines
3787 2917 4005 3009 ipsius

1192 3040 1585 3113 monasterii
1619 3047 1853 3110 contra
1888 3037 2225 3133 presentis
2259 3036 2701 3131 protectionis
2735 3044 2806 3106 et
2839 3033 3372 3106 confirmationis
3419 3048 3648 3107 nostre
3699 3046 4002 3110 tenorem

1190 3185 1400 3258 super
1417 3161 1768 3256 aliquibus
1785 3182 1961 3232 ausu
1992 3160 2347 3232 temerario
2371 3160 2731 3231 molestare
2747 3166 3120 3253 presumat.
3145 3156 3347 3240 Quod
3371 3159 3489 3252 qui
3520 3162 4006 3254 presumpserit

1191 3296 1417 3382 preter
1450 3306 1703 3380 penam
1738 3283 2100 3378 privilegio
2140 3281 2541 3377 supradicto
2591 3282 3011 3376 appositam,
3065 3290 3339 3353 centum
3400 3282 3612 3353 libras
3660 3284 3811 3355 auri
3848 3285 4003 3377 puri

1195 3420 1581 3504 componat,
1638 3406 2009 3480 medietate
2057 3403 2225 3478 fisco
2256 3413 2525 3496 nostro,
2573 3405 2841 3498 reliqua
2866 3402 3049 3477 dicto
3081 3404 3491 3477 monasterio
3523 3405 3998 3498 persolvenda.

1191 3534 1301 3607 Ad
1328 3535 1534 3625 hujus
1551 3533 1784 3627 itaque
1811 3528 2347 3603 confirmationis
2380 3537 2609 3602 nostre
2646 3527 3043 3600 memoriam
3061 3538 3129 3602 et
3164 3529 3378 3600 robur
3402 3539 3728 3623 perpet-uo
3755 3531 4005 3601 valitu—

1191 3681 1371 3747 rum,
1400 3678 1680 3753 presens
1704 3655 2143 3750 privilegium
2167 3652 2316 3726 fieri
2342 3661 2413 3725 et
2436 3653 2625 3724 bulla
2659 3672 2869 3724 aurea
2894 3652 3164 3746 typario
3199 3661 3429 3724 nostre
3460 3653 3833 3743 majestatis
3861 3653 4005 3723 im-

1189 3803 1426 3878 pressa
1448 3781 1777 3874 jussimus
1809 3778 2238 3852 communiri.

1289 3907 1510 3997 Hujus
1554 3905 1654 3977 rei
1705 3913 1907 3977 testes
1955 3911 2119 3975 sunt
2175 3929 2192 3972 ε
2256 3953 2275 3971 .
2340 3955 2358 3971 .
2417 3955 2436 3972 .
2495 3900 2941 3991 Maguntinus
2971 3952 2990 3987 ,
3050 3953 3067 3970 .
3133 3952 3149 3968 .
3215 3952 3232 3968 .
3291 3898 3758 3987 Coloniensis,
3822 3951 3840 3967 .
3902 3951 3921 3969 .
3983 3951 3999 3967 .

1192 4028 1628 4102 Treverensis
1663 4038 1730 4100 et
1784 4082 1801 4099 .
1864 4080 1883 4098 .
1947 4080 1965 4097 .
2021 4023 2523 4098 Bisuntinensis
2552 4022 3085 4118 archiepiscopi,
3146 4076 3166 4093 .
3227 4075 3246 4093 .
3310 4075 3327 4092 .
3383 4021 4002 4112 BabinbergensiS‚

1198 4211 1214 4225 .
1281 4207 1299 4223 .
1363 4207 1379 4224 .
1438 4149 1972 4225 Constantiensis
1998 4200 2020 4240 ,
2094 4203 2111 4220 .
2173 4201 2191 4219 .
2257 4201 2275 4217 .
2330 4145 2881 4240 Hyldesemensis
2911 4198 2932 4236 ,
3015 4200 3034 4218 .
3098 4198 3115 4216 .
3181 4198 3198 4216 .
3254 4144 3649 4217 Leodiensis
3697 4154 3765 4216 et
3819 4197 3837 4214 .
3902 4198 3918 4215 .
3984 4198 3999 4214 .

1195 4276 1699 4350 Cameracensis
1727 4272 2070 4370 episcopi,
2111 4272 2316 4343 frater
2341 4271 2427 4341 Η.
2471 4270 2792 4362 magister
2815 4268 3170 4364 hospitalis
3204 4269 3450 4340 Sancte
3483 4268 3697 4339 Marie
3719 4268 4010 4340 Theuto-

1194 4402 1504 4474 nicorum
1543 4400 1615 4471 in
1649 4396 2071 4483 Jerusalem,
2131 4448 2149 4465 .
2213 4445 2232 4463 .
2294 4444 2315 4464 .
2370 4392 2523 4464 dux
2564 4393 2885 4465 Bawarie
2915 4391 3255 4487 palatinus
3284 4411 3513 4463 comes
3553 4392 3758 4483 Reni,
3820 4444 3838 4463 .
3902 4446 3921 4463 .
3984 4446 4002 4461 .

1200 4524 1349 4598 dux
1405 4521 1795 4612 Karinthie,
1873 4573 1894 4592 .
1953 4573 1972 4591 .
2034 4571 2055 4590 .
2121 4515 2273 4588 dux
2332 4516 2732 4607 Brabantie,
2814 4568 2830 4585 .
2891 4569 2912 4588 .
2973 4568 2992 4586 .
3050 4513 3201 4587 dux
3267 4515 3738 4608 Lotboringie‚
3820 4569 3838 4586 .

1196 4646 1625 4738 lantgravius
1651 4642 2027 4737 Thuringie
2052 4641 2397 4738 palatinus
2423 4662 2651 4714 comes
2688 4639 3027 4730 Saxonis,
3074 4691 3092 4708 .
3155 4691 3173 4710 .
3229 4693 3248 4711 .
3287 4637 3589 4710 marchio
3617 4637 3708 4712 de
3726 4637 4002 4730 Baden,
