4842 5802
858 608 1059 667 Ιιωιοτ.
1095 606 1181 683 7.]
1763 603 2156 665 HISTORIA
2204 603 2791 666 DIPLOMATICA.
3560 604 3681 666 685

856 760 986 814 nos
1020 740 1304 811 habere.
1350 736 1597 810 Filium
1627 737 1829 812 ducis
1863 740 2180 814 Bawarie
2208 763 2416 834 quem
2437 738 2749 813 obsidem
2767 738 3140 811 habuimus
3166 759 3293 834 pro
3316 739 3679 833 utriusque

856 864 1127 936 cautela
1161 870 1231 936 et
1264 860 1483 934 filium
1520 864 1940 938 marchionis
1968 864 2058 938 de
2089 864 2324 937 Baden
2352 886 2565 959 quem
2593 874 2839 958 sponte
2869 871 2939 934 et
2967 863 3143 934 ultro
3170 862 3370 935 nobis
3398 862 3670 955 obtulit,

852 988 1066 1062 immo
1103 986 1426 1062 devotius
1457 987 1880 1082 supplicavit
1899 997 1978 1060 ut
2002 1010 2094 1060 ne
2120 988 2425 1081 aliquam
2448 986 2539 1060 de
2571 987 2724 1084 ipso
2750 985 3206 1061 diffidentiam
3228 985 3668 1076 haberemus,

851 1133 1014 1186 eum
1058 1111 1132 1183 in
1191 1109 1506 1184 obsidem
1540 1111 1868 1206 'recipere
1913 1111 2394 1207 dignaremur,
2450 1135 2576 1207 per
2634 1111 2811 1185 dura
2850 1119 3170 1206 precepta
3214 1110 3425 1205 patris
3461 1110 3674 1183 nostri

851 1233 1109 1329 quibus
1143 1232 1485 1306 contraire
1519 1256 1647 1306 nec
1691 1237 2020 1308 volumus
2048 1256 2181 1308 nec
2208 1236 2580 1325 debemus,
2641 1256 2779 1307 non
2816 1234 2969 1307 sine
3000 1234 3304 1307 maxima
3338 1255 3674 1307 verecun-

858 1357 980 1430 dia
1025 1357 1387 1430 restituere
1432 1357 1876 1450 cogebamur.
1926 1359 2284 1432 Telonium
2328 1380 2610 1453 quoque
2656 1359 2726 1429 in
2767 1358 3157 1431 Baccherah
3202 1357 3393 1453 quod
3437 1359 3510 1430 in
3560 1378 3676 1431 so-

847 1481 1106 1575 lempni
1141 1481 1332 1553 curia
1359 1481 1837 1573 Frankenfort,
1882 1482 2186 1557 dictante
2213 1486 2551 1557 sententia
2577 1483 2967 1578 principum
2986 1537 3007 1576 ,
3050 1482 3421 1555 inhibitum
3449 1484 3674 1555 fuerat

849 1604 1011 1677 duci
1045 1607 1335 1678 Bavarie
1359 1615 1428 1678 et
1465 1605 1722 1680 deinde
1757 1606 1945 1680 idem
1979 1607 2131 1680 dux
2165 1631 2495 1703 expresse
2529 1609 2907 1700 abjuravit,
2951 1617 3186 1680 contra
3213 1608 3470 1679 factum
3507 1628 3668 1679 nos-

844 1738 1029 1798 trum
1059 1736 1127 1799 et
1158 1728 1553 1824 principum
1590 1728 1914 1822 veniens,
1954 1729 2203 1803 feodali
2222 1732 2380 1822 jure
2398 1730 2561 1803 duci
2579 1731 2865 1802 contulit
2884 1737 3279 1802 memorato.
3312 1729 3666 1823 Siquidem

843 1849 1116 1922 nobiles
1150 1861 1221 1922 et
1248 1859 1640 1944 magnates,
1691 1852 1990 1925 vasallos
2023 1862 2093 1924 et
2126 1852 2610 1925 ministeriales
2646 1874 2772 1925 seu
2809 1852 2978 1924 alios
3015 1873 3490 1946 quoscumque
3524 1874 3666 1925 ve-

841 1972 1106 2047 nientes
1159 1973 1250 2047 ad
1302 1975 1528 2070 ipsum
1579 1984 1649 2047 et
1701 1974 2138 2049 detrahentes
2181 1976 2347 2049 binc
2409 1977 2575 2049 inde
2632 1976 2867 2066 nobis,
2938 1976 3039 2047 eis
3092 1975 3408 2048 credulas
3461 1999 3666 2050 aures

840 2096 1275 2188 adhibendo,
1337 2098 1540 2170 audit
1575 2109 1646 2172 et
1693 2098 2019 2190 exaudit,
2077 2099 2251 2171 dans
2297 2099 2555 2172 litteras
2605 2107 2675 2172 et
2721 2097 3049 2172 mandata
3091 2100 3515 2173 revocatoria
3572 2101 3664 2175 de

837 2221 1036 2293 factis
1073 2223 1321 2294 nostris
1359 2224 1430 2293 in
1464 2244 1603 2295 non
1634 2224 1981 2296 modicam
2016 2233 2317 2296 nostram
2357 2246 2442 2297 ac
2475 2245 2672 2297 suam
2704 2232 2772 2295 et
2803 2222 3073 2318 imperii
3100 2224 3455 2296 lesionem.
3496 2226 3658 2298 Pre-

836 2342 1040 2417 diotis
1066 2345 1303 2439 itaque
1331 2346 1673 2419 mandatis
1698 2356 1768 2418 et
1794 2346 2134 2443 preceptis
2166 2346 2490 2419 dominus
2512 2355 2581 2420 et
2615 2356 2809 2442 pater
2840 2357 3070 2419 noster
3099 2347 3437 2439 quasdam
3466 2370 3656 2420 com-

832 2468 1244 2543 minationes
1291 2471 1562 2544 addidit
1595 2472 2069 2563 inconsuetas,
2127 2469 2453 2544 videlicet
2493 2471 2553 2543 si
2607 2472 2678 2542 in
2716 2472 2950 2566 aliquo
2991 2493 3228 2544 eorum
3274 2494 3414 2567 que
3457 2474 3658 2546 nobis

832 2593 1220 2688 specialiter
1250 2604 1412 2668 tunc
1435 2595 1795 2668 mandavit
1824 2596 2295 2669 inveniremur
2311 2597 2520 2668 etiam
2549 2597 2622 2668 in
2656 2596 2944 2669 minimo
2980 2598 3432 2690 negligentes,
3466 2599 3656 2692 quod

830 2717 1110 2791 nuntios
1146 2727 1215 2791 et
1250 2719 1510 2793 litteras
1543 2729 1813 2794 nostras
1848 2721 1941 2794 de
1966 2731 2194 2793 cetero
2229 2742 2371 2794 non
2406 2721 2743 2815 reciperet
2781 2722 2894 2793 vel
2925 2720 3220 2794 audiret.
3255 2722 3656 2795 Procuravit

829 2841 1033 2916 etiam
1067 2842 1260 2938 apud
1309 2843 1562 2918 Sedem
1614 2843 2084 2941 Apostolicam
2129 2844 2319 2941 quod
2345 2867 2469 2942 per
2512 2843 2855 2941 quosdam
2877 2844 3286 2919 Alemannis
3309 2845 3653 2942 principes

830 2964 1213 3041 denuntiati
1263 2968 1734 3044 debueramus
1776 2970 2512 3044 excommunicationis
2555 2970 2836 3043 vinculo
2889 2969 3210 3043 innodari
3249 2969 3397 3067 (l);
3456 2971 3647 3066 quod

825 3098 1012 3163 tanto
1042 3092 1327 3184 gravius
1348 3103 1497 3168 erat
1523 3094 1725 3166 nobis
1751 3105 2085 3189 quantum
2113 3094 2563 3190 perniciosius
2583 3102 2688 3166 est
2712 3096 3032 3189 exemplo
3064 3106 3134 3167 et
3158 3106 3392 3169 contra
3418 3097 3647 3170 omnia

819 3211 975 3303 jura
1012 3224 1153 3288 tam
1195 3218 1654 3291 ecclesiastica
1690 3240 1902 3312 quam
1933 3219 2324 3309 mundana,
2376 3241 2538 3291 cum
2574 3218 2665 3292 de
2702 3219 2843 3291 ulla
2891 3220 3320 3290 contumacia
3352 3220 3462 3293 vel
3507 3220 3643 3294 de—

822 3335 985 3409 licto
1020 3340 1315 3412 convicti
1354 3342 1686 3414 fuerimus
1712 3344 1827 3416 vel
1848 3343 2175 3432 confessi,
2214 3343 2426 3414 immo
2448 3343 2654 3415 etiam
2681 3364 2815 3414 nec
2840 3342 3233 3415 commoniti
3264 3364 3393 3415 nec
3420 3343 3630 3416 citati.

820 3460 1020 3534 Unde
1036 3465 1276 3536 merito
1303 3464 1731 3539 credendum
1769 3487 1906 3538 non
1947 3476 2129 3538 esset
2152 3466 2268 3539 vel
2305 3465 2512 3538 etiam
2547 3464 3086 3562 presumendum
3115 3487 3158 3536 a
3191 3464 3370 3537 Sede
3398 3463 3636 3560 Apos-

824 3586 1054 3678 tolica,
1091 3609 1133 3659 a
1160 3609 1298 3681 qua
1327 3589 1482 3680 jura
1513 3588 1789 3684 prodire
1828 3589 2083 3661 debent
2109 3598 2179 3661 et
2214 3611 2354 3661 non
2383 3589 2670 3682 injurie,
2711 3590 2878 3660 tales
2912 3590 3172 3660 litteras
3207 3598 3278 3660 et
3312 3590 3636 3664 mandata

821 3718 1056 3783 contra
1091 3731 1446 3803 personam
1472 3722 1770 3786 nostram
1802 3710 1891 3784 de
1907 3723 2091 3785 certa
2105 3712 2384 3784 scientia
2412 3731 2791 3784 emanasse.
2816 3709 2930 3784 Ad
2953 3710 3381 3784 obviandum
3407 3713 3638 3808 itaque

819 3831 1166 3906 salutifere
1201 3835 1309 3907 bis
1343 3836 1543 3908 malis
1574 3858 1742 3931 sepe
1782 3835 2017 3931 sepius
2051 3836 2438 3909 direximus
2470 3835 2856 3928 solempnes
2896 3836 3174 3906 nuntios
3211 3847 3509 3929 nostros,
3566 3849 3633 3910 et

818 3976 1001 4030 nunc
1032 3961 1639 4033 excellentissimos
1684 3982 1860 4055 quos
1890 3960 2259 4051 habemus,
2322 3960 2648 4034 videlicet
2684 3959 3116 4033 venerabiles
3152 3961 3629 4055 Moguntinum

819 4081 1411 4179 archiepiscopum
1443 4093 1513 4157 et
1539 4086 2111 4178 Bambergensem
2139 4085 2542 4181 episcopum
2575 4083 2706 4181 (2),
2739 4084 3022 4158 dilectos
3048 4085 3414 4157 familiares
3440 4087 3631 4180 prin-

883 4425 954 4500 (4)
993 4428 1077 4486 Cf.
1102 4429 1384 4502 epistolam
1404 4446 1579 4505 papae
1602 4430 2004 4505 archiepiscopo
2028 4430 2330 4489 Trevirensi
2352 4429 2629 4500 directam,
2649 4428 2754 4486 sub
2777 4428 2902 4486 dato
2923 4429 3089 4486 Reate
3114 4432 3148 4486 5
3162 4428 3282 4502 julii
3304 4431 3464 4500 ⁴234,
3484 4446 3624 4504 quae

812 4536 1001 4597 supra,
1027 4542 1086 4598 p.
1126 4529 1228 4583 ⁴73
1257 4532 1314 4583 et
1340 4543 1494 4601 seqq.

880 4621 953 4692 (2)
990 4623 1137 4692 Quos
1173 4624 1391 4696 quidem
1420 4624 1475 4679 in
1503 4623 1763 4698 imperiali
1801 4624 1951 4682 curia
1989 4631 2259 4683 morantes
2295 4639 2482 4681 mense
2514 4622 2792 4680 novembri
2830 4621 2991 4696 hujus
3026 4621 3150 4679 anni
3190 4622 3509 4679 invenimus.
3539 4623 3617 4681 Cf.

809 4730 968 4789 supra
989 4735 1046 4791 p.
1073 4723 1354 4791 502,‘5o7‚
1383 4725 1508 4780 509.
