4842 5802
1156 607 1279 668 824
2153 595 2582 656 FRIDERICI
2632 597 2982 660 SECUNDI
3610 601 3769 686 [Anu.
3806 603 3981 667 1236.

1258 741 1429 813 Acta
1460 745 1622 809 sunt
1655 734 1785 807 hec
1824 754 2008 805 anno
2045 732 2389 806 dominice
2430 733 2917 808 incarnationis
2957 735 3322 810 millesimo
3350 737 3822 812 ducentesimo
3870 743 3991 812 tri·

1161 865 1417 937 cesimo
1464 869 1688 948 sexto,
1722 878 1958 930 mense
2003 856 2260 948 martii,
2300 878 2480 929 none
2518 856 2914 931 indictionis
2938 917 2955 948 ‚
2995 860 3372 955 imperante
3418 859 3701 936 domino
3754 876 3988 938 nostro

1161 985 1535 1074 Friderico,
1588 984 1709 1056 Dei
1772 982 1992 1076 gratia
2047 978 2542 1078 [Romanorum
2593 980 3036 1080 imperatore]
3087 1006 3357 1080 semper
3407 996 3738 1079 augusto,
3791 989 3988 1061 Jeru-

1162 1112 1372 1183 salem
1407 1120 1475 1182 et
1497 1107 1724 1180 Sicilie
1747 1127 1933 1201 rege,
1964 1105 2251 1177 Romani
2276 1104 2546 1200 imperii
2578 1105 2727 1197 ejus
2754 1128 2935 1180 anno
2957 1108 3248 1203 septimo
3276 1107 3570 1201 decimo,
3599 1111 3982 1185 Jerusalem

1165 1232 1558 1321 undecimo,
1599 1230 1796 1323 regni
1831 1249 1999 1302 vero
2031 1229 2182 1320 ejus
2216 1227 2447 1300 Sicilie
2474 1250 2656 1302 anno
2684 1230 3026 1304 tricesimo
3060 1232 3375 1327 septimo.
3413 1234 3662 1308 Amen.

1258 1358 1507 1431 Datum
1543 1352 1734 1451 apud
1767 1354 2191 1446 Hagenowe‚
2226 1373 2433 1445 anno,
2469 1373 2736 1440 mense,
2768 1351 3149 1428 indictione
3180 1355 3598 1451 prescriptis.

791 1920 1074 2026 3⁸33&
1267 1895 1693 1981 Fridericus
1710 1958 1732 2002 ‚
1773 1898 2291 1981 Romanorum
2336 1900 2775 2007 imperator,
2827 1899 3277 1981 sententiam
3314 1898 3605 1983 Alberti
3639 1900 3737 1983 de
3781 1900 3987 1983 Ros-

846 2030 1022 2070 mmm.
1165 2056 1449 2142 sewag‚
1490 2029 1904 2139 imperialis
1952 2031 2205 2113 curiae
2250 2057 2434 2114 suae
2478 2030 2924 2141 justiciarii,
2965 2033 3227 2115 datam
3279 2031 3647 2142 Hagenau
3692 2034 3798 2113 20
3851 2032 3986 2116 fe-

1168 2163 1456 2245 bruarii
1500 2166 1705 2247 1236
1770 2172 1844 2246 et
1888 2189 2093 2246 nunc
2134 2165 2498 2247 insertam
2534 2164 2965 2272 confirmat,
3005 2190 3163 2274 qua
3213 2164 3294 2246 in
3357 2164 3490 2247 lite
3541 2192 3740 2275 quae
3791 2167 3990 2251 inter

1169 2295 1610 2378 Conradum
1690 2294 2042 2378 abbatem
2124 2295 2379 2377 Sancti
2461 2296 2656 2379 Galli
2729 2305 2804 2378 et
2872 2296 3226 2379 comitem
3307 2296 3822 2381 Diethelmum
3892 2300 3993 2382 de

1167 2427 1684 2539 Toggenburg
1754 2427 2220 2536 vertebatur,
2279 2428 2508 2510 castri
2579 2429 2675 2511 de
2740 2428 3164 2538 Utznaberg
3234 2430 3546 2537 pacifica
3608 2432 3992 2540 possessio

1169 2560 1556 2670 praedicto
1594 2558 1849 2641 abbati
1890 2560 2395 2669 adjudicatur.

1336 2776 1679 2851 (Memorat.
1711 2782 1772 2836 et
1796 2782 2045 2837 extract.
2075 2792 2173 2853 ap.
2201 2775 2533 2849 Wsscsmn,
2574 2772 2894 2836 Gesclziclzee
2926 2792 3036 2837 von
3068 2773 3462 2859 Toqqenburq,
3495 2784 3535 2838 t.
3570 2776 3621 2851 1,
3653 2794 3714 2855 p.
3746 2782 3872 2852 77.)

1272 2964 1518 3033 Datum
1582 2960 1800 3057 apud·
1827 2962 2262 3054 Hagenowe‚
2313 2982 2495 3033 anno
2552 2959 2896 3036 dominice
2953 2961 3441 3035 incarnationis
3496 2963 3988 3052 Mccxxxvl,

1174 3106 1410 3157 mense
1438 3085 1688 3172 martii,
1726 3104 1904 3156 none
1934 3083 2353 3157 indictionis,

817 3692 1073 3791 5¹³5&AE
1284 3661 1693 3771 Gregorius
1737 3685 1935 3769 papa
1982 3658 2038 3740 F
2040 3658 2361 3742 riderico
2414 3658 2936 3744 Romanorum
2995 3657 3433 3766 imperatori
3481 3658 3741 3740 scribit
3789 3684 3994 3742 con-—

1173 3820 1502 3904 querens
1557 3795 1767 3903 quod
1819 3793 2180 3903 magister
2231 3791 2509 3874 domus
2563 3789 3200 3873 Theutonicorum
3227 3852 3250 3898 ‚
3292 3790 3576 3874 frustra
3610 3802 4000 3900 expectato

1177 3928 1506 4010 adventu
1547 3925 1993 4009 nuntiorum
2031 3924 2404 4007 societatis
2439 3922 2939 4007 Lombardiae
2963 3984 2987 4031 ‚
3037 3948 3084 4005 a
3138 3948 3220 4005 se
3271 3923 3699 4005 discesserit
3750 3951 4001 4033 neque

1177 4060 1423 4144 redire
1476 4059 1965 4168 postmodum
2006 4056 2353 4139 voluerit.
2412 4056 2621 4137 Unde
2673 4064 2929 4138 monet
2993 4063 3079 4137 ut
3131 4054 3486 4136 eumdem
3538 4080 3716 4136 cum
3770 4056 3999 4163 pleno

1178 4192 1543 4274 mandato
1579 4190 1676 4272 de
1710 4186 2387 4296 compromittendo
2433 4185 2511 4265 in
2549 4185 2905 4267 manibus
2953 4183 3110 4265 suis
3147 4208 3373 4291 super
3411 4184 3715 4291 negotio
3751 4184 4001 4266 Lom-

1181 4325 1492 4408 bardiae
1516 4383 1541 4429 ,
1582 4323 1682 4405 ad
1723 4348 1804 4404 se
1840 4321 2003 4403 sine
2037 4344 2255 4402 mora
2288 4317 2647 4399 remittat.

1343 4512 1615 4591 (Initium
1654 4509 1931 4586 epistolae
1967 4508 2147 4584 hujus
2176 4504 2361 4565 edidit
2384 4505 2652 4574 Hbs-m,
2699 4502 2860 4563 Kais.
2893 4498 3123 4562 Friedr.
3156 4502 3245 4577 11,
3281 4502 3533 4580 append.
3575 4512 3640 4562 n0
3677 4510 3788 4575 243
3819 4500 4001 4562 finem

1423 4633 1563 4677 vero
1593 4616 1983 4687 nummus,
2014 4607 2233 4671 Annal.
2267 4605 2483 4684 eccles„
2517 4615 2662 4669 tom.
2693 4609 2867 4682 XXI,
2898 4608 2976 4669 ad
3002 4624 3141 4669 ann.
3177 4616 3362 4683 1236,
3391 4605 3426 4687 5
3458 4616 3517 4682 2,
3548 4624 3582 4668 e
3607 4615 3819 4688 regest.
3852 4607 4006 4669 Gre-

1419 4738 1573 4801 gor„
1603 4720 1706 4781 nb.
1739 4721 1817 4794 X,
1844 4730 1911 4779 n⁰
1945 4717 2030 4796 1.)
