4842 5802
1218 619 1339 682 608
2255 624 2600 685 mmmm
2653 624 2988 685 SEPTIMI
3663 628 3825 707 [Aren.
3867 631 4035 693 1233.

1229 754 1448 825 tulant
1478 775 1599 848 per
1649 755 2020 846 majestatis
2063 756 2252 849 regie
2281 757 2709 831 clementiam
2743 758 3233 832 exaudiantur.
3285 760 3461 833 Hinc
3501 771 3606 835 est
3637 763 3829 857 quod
3871 787 4042 860 pre-

1225 878 1522 949 sentium
1557 886 1791 950 tenore
1826 888 2065 950 notum
2100 878 2245 951 fieri
2286 880 2612 953 volumus
2660 891 2797 953 tam
2839 883 3270 977 presentibus
3304 906 3519 978 quam
3567 886 3816 958 futuris
3846 886 4040 980 quod

1227 1021 1352 1072 nos
1379 999 1814 1073 donationem
1836 999 2059 1074 fidelis
2084 1003 2295 1076 nostri
2321 1003 2650 1077 Friderici
2679 1004 2970 1077 ministri
2993 1004 3145 1100 (sic)
3179 1005 3270 1079 de
3297 1007 3760 1101 Nordelingen
3777 1062 3797 1096 ,
3826 1031 4038 1102 quam

1228 1121 1414 1194 idem
1466 1121 1556 1194 de
1600 1122 1856 1217 prediis
1903 1124 2049 1196 suis
2096 1124 2415 1220 hospitali
2465 1125 2656 1219 quod
2701 1135 3163 1200 constructum
3217 1136 3323 1201 est
3376 1130 3447 1201 in
3498 1129 3759 1203 bonore
3807 1131 4033 1204 Sancti

1219 1243 1510 1340 Spiritus
1541 1245 1729 1341 apud
1752 1246 2211 1342 Nordelingen
2233 1249 2304 1319 in
2333 1250 2623 1321 salutem
2646 1250 2998 1322 constituit
3020 1250 3432 1341 animarum,
3460 1261 3675 1326 ratam
3700 1252 4035 1328 babemus

1221 1376 1290 1439 et
1322 1368 1723 1441 auctoritate
1750 1369 1939 1462 regia
1966 1369 2496 1461 confirmamus;
2551 1371 2959 1445 mandantes
2998 1382 3069 1445 et
3100 1395 3223 1468 per
3252 1374 3543 1468 gratiam
3578 1385 3879 1452 nostram
3915 1377 4033 1449 fir-

1220 1490 1421 1563 miter
1496 1493 1944 1589 precipientes
1995 1504 2337 1589 quatenus
2396 1496 2628 1568 nullus
2691 1506 2926 1569 contra
2994 1495 3174 1569 hanc
3220 1498 3760 1573 confirmationis
3802 1510 4032 1574 nostre

1213 1614 1536 1710 paginam
1568 1615 1827 1688 dictum
1864 1618 2197 1713 hospitale
2227 1618 2298 1690 in
2336 1619 2665 1714 predictis
2699 1620 3039 1692 reditibus
3076 1631 3428 1715 presumat
3453 1625 3565 1696 vel
3592 1624 3847 1698 audeat
3884 1646 4029 1697 mo-

1221 1739 1470 1812 lestare
1496 1738 1628 1835 (l).
1668 1741 1871 1825 Quod
1900 1743 2022 1836 qui
2054 1744 2313 1835 fecerit,
2357 1743 2626 1816 noverit
2654 1765 2729 1816 se
2762 1744 3096 1817 offensam
3143 1746 3364 1837 gratie
3406 1756 3636 1821 nostre
3676 1748 4032 1844 irrecupe—

1211 1860 1516 1933 rabiliter
1551 1863 2013 1935 incursurum.

1313 1986 1561 2058 Datum
1601 1986 1792 2082 apud
1814 1987 2142 2060 Werdam
2181 1986 2323 2083 (2),
2362 1989 2452 2060 111
2486 1987 2817 2061 kalendas
2851 1989 3117 2084 aprilis,
3163 1989 3537 2066 indictione
3579 2004 3811 2087 sexta,
3848 2016 4031 2068 anno

1216 2110 1538 2184 videlicet
1571 2111 1841 2182 Domini
1877 2113 1970 2184 M.
2010 2110 2138 2184 CC.
2173 2112 2480 2184 XXXIII.

1630 2391 1901 2404 ριᾸ-οοωο..
1911 2395 2034 2403 ——-—-
2044 2396 2094 2404 κ
2103 2395 3590 2410 -α-ο-ῄσ--υ-οσ-ι--ι-Ἥ

876 2650 1093 2760 {2⁸33
1324 2654 1733 2759 Hem-iem,
1792 2653 2309 2736 Romanorum
2361 2679 2532 2761 rex,
2600 2654 2964 2737 fratribus
3017 2655 3434 2739 Minoribus
3487 2659 3567 2738 in
3618 2658 4032 2771 Ratispona

1217 2797 1293 2869 et
1333 2786 1689 2869 ecclesiae
1740 2809 2048 2883 eorum,
2112 2785 2480 2867 nimirum
2544 2784 2795 2868 Sancti
2854 2787 3299 2892 Salvatoris,
3358 2789 3515 2872 duo
3577 2789 3889 2899 horrea,
3949 2795 4027 2873 in

1209 2918 1589 3000 vicinitate
1623 2917 1802 3024 sita,
1845 2916 1994 2998 don
2003 2926 2108 2998 at.

1382 3131 1576 3211 (Edit.
1617 3147 1717 3209 ap.
1747 3133 2004 3191 Manum.
2033 3132 2190 3192 Boic.
2207 3176 2228 3208 ,
2259 3138 2401 3193 tom.
2433 3133 2626 3212 XXX,
2651 3150 2786 3211 pars
2812 3135 2885 3208 1⁸,
2918 3152 2977 3211 p.
3008 3143 3148 3206 210,
3176 3142 3245 3194 n⁶
3275 3142 3419 3207 718,
3463 3151 3539 3194 ex
3564 3135 3835 3214 originali
3859 3138 4031 3214 cujus

1455 3238 1713 3316 slgsslum
1749 3240 1944 3315 periit.
1978 3239 2328 3299 Indicttonls
2360 3255 2608 3300 numero
2640 3240 2805 3300 locus
2838 3256 3060 3301 vacuus
3085 3242 3151 3300 in
3184 3240 3526 3300 membrana
3560 3241 3796 3302 relictus
3827 3248 3944 3315 est,
3969 3248 4030 3302 et

1449 3343 1819 3404 destderatur
1845 3347 2064 3406 mensls
2089 3351 2195 3406 aut
2238 3346 2353 3407 diei
2390 3348 2636 3408 notatio.
2667 3346 2799 3407 Non
2826 3354 3023 3407 autem
3063 3346 3456 3408 dubltandum
3483 3351 3626 3426 quln
3658 3348 3734 3408 ad
3770 3364 4029 3410 mensem

1452 3452 1732 3511 martium
1758 3451 1853 3512 vel
1879 3452 2123 3528 aprilem
2153 3451 2491 3532 perfineat.)

1312 3640 1711 3730 Heinricus,
1754 3637 1877 3709 Dei
1915 3636 2133 3730 gratia
2184 3637 2642 3710 Romanorum
2693 3659 2818 3709 rex
2872 3658 3144 3733 semper
3177 3646 3550 3730 augustus,
3601 3640 3926 3713 omnibus
3957 3641 4028 3712 in

1211 3774 1643 3860 perpetuum.
1685 3763 1852 3836 Cum
1889 3785 1982 3836 ex
2020 3762 2358 3855 dignitate
2395 3762 2586 3856 regie
2610 3763 2984 3854 majestatis
3008 3784 3147 3854 qua
3176 3763 3319 3834 Deo
3347 3763 3621 3836 favente
3646 3765 4022 3859 fungimur,

1213 3909 1441 3961 sacras
1476 3897 1830 3960 teneamur
1850 3887 2218 3979 religiones
2252 3886 2594 3981 plantare,
2638 3887 2974 3980 plantatas
3005 3886 3223 3959 eciam
3253 3907 3394 3958 non
3422 3887 3652 3957 minus
3674 3898 4030 3981 protegere

1214 4031 1299 4084 ac
1332 4012 1603 4100 fovere,
1645 4007 2159 4081 considerantes
2199 4007 2777 4080 necessitudinem
2818 4030 3089 4080 necnon
3133 4017 3201 4080 et
3234 4010 3612 4103 periculum
3647 4008 3837 4101 quod
3872 4011 4030 4081 evi-

1212 4133 1453 4206 denter
1473 4131 1695 4228 patuit
1710 4131 2112 4203 habitationi
2131 4130 2537 4203 dilectorum
2560 4152 2939 4225 pauperum
2959 4131 3204 4204 Christi
3226 4141 3296 4204 et
3313 4141 3689 4204 nostrorum
3714 4133 4019 4223 fratrum,

1220 4256 1548 4330 videlicet
1590 4253 1933 4325 Minorum
1979 4254 2047 4323 in
2094 4253 2464 4346 Ratispona
2515 4252 3117 4343 commorantium,
3182 4276 3275 4326 ex
3325 4253 3679 4325 vicinitate
3731 4254 4025 4327 duorum

1286 4532 1358 4604 (⁴)
1392 4530 1560 4588 Adest
1584 4546 1671 4603 ap.
1697 4530 1864 4598 Dum,
1890 4526 2049 4598 ibid„
2066 4541 2128 4582 no
2147 4526 2333 4596 LXIII,
2356 4526 2686 4584 confirmatio
2701 4529 2937 4586 omnium
2957 4527 3220 4586 bonorum
3249 4527 3422 4585 eidem
3446 4525 3696 4599 hospitali
3718 4542 3751 4583 a
3773 4525 4029 4600 Gregorio

1209 4630 1290 4686 IX
1311 4644 1449 4702 papa
1471 4629 1610 4685 facta
1637 4645 1650 4683 ε
1681 4629 1799 4683 Dat.
1826 4625 2103 4696 Laterani,
2135 4625 2190 4681 X
2215 4623 2324 4680 kal.
2347 4623 2599 4697 januarii,
2623 4624 2961 4701 pontificatus
2992 4640 3132 4682 anno
3156 4625 3281 4681 X10.

1278 4724 1348 4798 (2)
1387 4724 1485 4781 Hic
1511 4725 1683 4798 agitur
1707 4723 1777 4780 de
1803 4721 2016 4780 civitate
2033 4722 2174 4779 dicta
2196 4719 2583 4778 Donauwerth.
