4842 5802
869 677 1065 740 lxma.
1095 678 1183 759 5.]
1774 673 2168 735 ffls'romA
2216 669 2803 735 mrtotm'rlcs.
3562 664 3684 725 579

973 1248 1343 1333 Henricus
1364 1309 1390 1355 ,
1450 1247 1973 1331 Romanorum
2017 1271 2150 1328 rex
2164 1306 2189 1353 ,
2250 1253 2518 1328 notum
2571 1242 2753 1325 facit
2804 1268 2886 1327 se
2930 1241 3247 1325 minime
3289 1254 3634 1327 monetas
3657 1306 3681 1352 ,
3748 1259 4071 1357 Rama„

873 1380 1193 1492 pedagia
1235 1388 1311 1469 et
1353 1378 1689 1489 justitias
1740 1377 2070 1487 episcopi
2110 1376 2727 1488 osnaburgensis
2751 1436 2776 1483 ,
2833 1402 3031 1486 quae
3068 1401 3116 1458 a
3159 1374 3318 1459 suis
3354 1376 3688 1485 praede-
3787 1371 3817 1413 ³
3847 1368 4040 1421 ⁸”⁸⁰⁸¹¹·
4077 1345 4090 1367 ’

877 1512 1298 1598 cessoribus
1331 1522 1585 1618 tenet,
1632 1511 1877 1593 minui
1912 1510 2106 1594 velle
2130 1572 2154 1617 ‚
2199 1511 2333 1594 sed
2366 1535 2411 1592 e
2445 1517 2711 1593 contra
2743 1509 2932 1591 haec
2966 1508 3212 1591 eidem
3255 1508 3338 1589 in
3373 1508 3693 1617 pristino

879 1655 1075 1729 statu
1122 1643 1560 1728 confirmari
1576 1704 1601 1751 ‚
1669 1668 1824 1726 non
1890 1641 2374 1727 obstantibus
2435 1641 2707 1725 litteris
2759 1666 2956 1749 quae
3011 1666 3057 1722 a
3103 1666 3184 1724 se
3225 1640 3344 1724 vel
3390 1640 3492 1724 ab
3536 1642 3698 1724 im-

881 1785 1223 1884 peratore
1282 1786 1497 1885 patre
1558 1800 1700 1859 suo
1762 1773 1843 1856 in
1907 1773 2458 1884 praejudicium
2513 1773 2844 1882 episcopi
2905 1771 3247 1882 ejusdem
3309 1772 3696 1883 impetrari

878 1908 1280 2016 potuerint.

1045 2118 1069 2198 (
1081 2119 1240 2181 Edit.
1279 2136 1376 2197 ap.
1417 2122 1664 2194 Massa,
1705 2117 1955 2182 ombr.
1989 2116 2216 2194 Gadi„
2247 2125 2295 2179 t.
2335 2117 2443 2192 IV,
2474 2135 2534 2197 p.
2572 2127 2710 2191 350,
2745 2120 2809 2179 ln
2851 2119 2994 2181 edit.
3025 2119 3099 2180 de
3118 2135 3273 2180 anno
3316 2127 3501 2199 1843,
3529 2124 3702 2200 cujus

1111 2225 1412 2304 exemplar
1437 2227 1702 2287 nondum
1729 2228 1979 2303 reperire
2005 2222 2357 2303 potuimus.)

981 2404 1225 2478 Datum
1259 2405 1452 2500 apud
1481 2405 2008 2497 Francbenfurt‚
2052 2424 2236 2477 anno
2271 2403 2545 2476 Domini
2584 2403 2680 2475 M.-
2707 2400 2832 2474 CC.
2855 2400 3136 2492 XXXII,
3187 2401 3273 2472 111
3323 2423 3539 2475 nonas
3578 2424 3703 2476 an·

893 2528 1099 2619 gusti,
1139 2527 1514 2602 indictione
1545 2528 1631 2601 V.

997 3098 1363 3182 Henricus
1378 3160 1402 3205 ‚
1471 3097 1995 3182 Romanorum
2064 3122 2236 3206 rex,
2313 3098 2758 3183 auctoritate
2811 3100 3021 3212 regia
3062 3109 3139 3184 et
3188 3127 3283 3186 ex
3342 3111 3710 3213 potestate
3767 3128 4091 3239 Fagffim,

902 3253 1137 3337 quam-
1160 3253 1405 3339 nuper
1438 3252 1488 3310 a
1520 3228 1903 3313 Friderico
1946 3228 2399 3337 imperatore
2441 3240 2656 3338 patre
2699 3255 2840 3313 suo
2885 3232 3204 3341 adeptus
3248 3245 3400 3341 est,
3447 3239 3709 3324 omnia
3801 3235 4058 3340 ‘'⁶323“

901 3362 1285 3473 privilegia
1327 3360 1429 3444 ab
1474 3360 2076 3445 antecessoribus
2121 3361 2283 3445 suis
2324 3360 2616 3445 civibus
2664 3362 3352 3450 Wormatiensibus
3412 3368 3711 3454 indulta
3800 3347 3831 3390 ⁸
3863 3342 4056 3397 “w“

898 3496 1293 3579 confirmat
1313 3558 1337 3604 ,
1385 3503 1464 3580 et
1488 3493 1710 3605 jubet
1767 3520 1859 3579 ea
1920 3494 2001 3576 in
2035 3493 2308 3579 robore
2361 3494 2671 3607 absque*
2687 3497 3126 3607 calumpnia
3176 3499 3257 3585 in
3318 3511 3709 3610 posterum

894 3649 1305 3712 remanere.

1057 3839 1324 3914 (Edtder.
1367 3840 1427 3902 J.
1465 3842 1580 3904 ΡΒ.
1618 3839 1887 3914 Monrrz,
1917 3834 2309 3921 Ablmndlunq
2337 3855 2451 3900 von
2488 3835 2591 3898 der
2616 3837 2794 3903 Stude
2838 3840 3086 3918 Worms,
3125 3845 3412 3924 append„
3458 3864 3521 3927 p.
3556 3858 3703 3924 163,

1129 3954 1198 4006 n⁶
1232 3954 1293 4008 11
1310 3990 1327 4007 .
1343 3946 1916 4020 —Hmssnumm
1944 3942 2374 4026 Diplomatisclt.
2400 3944 2612 4007 Beweis
2635 3943 2733 4007 des
2752 3944 2954 4008 hames
2988 3947 3248 4030 Habent..
3278 3956 3324 4014 t.
3349 3952 3434 4029 H,
3453 3971 3510 4048 p.
3534 3965 3607 4018 27
3617 3955 3706 4039 7.)

987 4132 1063 4203 ln
1110 4130 1390 4204 nomine
1441 4141 1676 4226 sancte
1721 4140 1793 4205 et
1828 4130 2196 4206 individue
2239 4132 2608 4206 Trinitatis.
2655 4133 2991 4207 Henricus
3033 4137 3367 4232 septimus
3389 4194 3407 4227 ‚
3464 4138 3706 4217 divina

895 4252 1164 4327 favente
1220 4254 1583 4328 clementia
1642 4275 1773 4329 rex
1823 4266 1894 4328 et
1946 4267 2216 4350 semper
2273 4264 2636 4349 augustus.
2693 4256 2764 4329 Si
2815 4278 2900 4332 ea
2947 4269 3087 4353 que
3133 4281 3264 4356 per
3319 4264 3707 4338 sanctiones

896 4372 1211 4450 divorum
1257 4388 1717 4471 augustorum
1767 4378 2258 4474 imperatorum
2309 4399 2395 4451 ac
2437 4400 2679 4474 regum
2721 4381 3087 4455 salubriori
3134 4385 3416 4460 consilio
3472 4386 3703 4484 dispo·

903 4509 1189 4591 nuntur,
1253 4502 1448 4597 regio
1478 4502 1858 4597 patrocinio
1905 4499 2430 4595 confir-mamm,
2480 4503 2641 4595 jura
2677 4524 2803 4576 sua
2866 4503 3058 4578 illesa
3105 4506 3387 4581 cuilibet
3432 4530 3708 4585 conser-

903 4632 1175 4710 vantes,
1225 4622 1468 4697 fideles
1510 4624 1778 4720 imperii
1821 4624 2166 4698 credimus
2216 4646 2338 4720 per
2370 4626 2504 4698 hoc
2548 4624 2640 4698 ad
2674 4628 3090 4723 promptiora
3125 4631 3460 4727 obsequia
3513 4634 3711 4710 invi-

907 4751 1151 4818 tantur.
1189 4747 1474 4821 Noverit
1519 4747 1729 4843 igitur
1763 4755 1904 4821 tam
1944 4769 2226 4844 presens
2249 4757 2396 4821 etas
2437 4770 2648 4842 quam
2683 4770 3085 4846 successura
3120 4755 3483 4849 posteritas
3518 4760 3712 4854 quod
