4842 5802
1170 663 1286 723 776
2160 665 2589 728 rnlnssmcl
2639 666 2982 727 ssscumm
3610 667 3769 745 [Anu.
3810 670 3981 731 1235.

1168 797 1482 870 kalendis
1522 799 1742 869 martii
1779 800 2095 892 proximo
2135 801 2345 872 futuri
2385 820 2600 891 regno
2638 798 3031 895 preficiatur
3056 798 3310 886 eidem,
3344 818 3550 892 quem
3587 799 3983 893 preficiendi

1166 920 1367 992 nobis
1398 942 1520 1014 per
1553 930 1707 992 tuas
1744 922 2128 995 committas
2162 924 2419 996 litteras
2463 932 2891 1016 potestatem.
2927 923 3010 994 Et
3051 922 3220 1015 quia
3253 922 3429 994 inter
3466 921 3692 1015 ipsum
3732 944 3985 995 mares-

1165 1044 1431 1116 calcum
1463 1052 1531 1115 et
1567 1054 1827 1137 partem
1867 1046 2146 1118 alteram
2185 1057 2345 1119 sunt
2383 1046 2740 1117 inimicitie
2766 1046 3112 1141 capitales,
3148 1046 3335 1137 justa
3374 1044 3632 1118 habent
3673 1068 3833 1118 eum
3874 1066 3982 1116 ra·

1166 1167 1350 1239 tione
1381 1176 1812 1262 suspectum3
1851 1191 1992 1263 quo
2020 1171 2077 1240 si
2115 1169 2285 1242 illud
2312 1179 2665 1242 exerceret
2695 1167 3020 1254 officium,
3045 1169 3232 1262 ipsos
3264 1167 3541 1262 gladius
3566 1168 3677 1240 vel
3701 1168 3981 1240 alterius

1165 1291 1436 1384 generis
1485 1302 1918 1363 consumeret
1961 1293 2345 1383 cruciatus3
2393 1292 2664 1365 interim
2715 1292 2829 1363 alii
2876 1291 3089 1383 bajuli
3125 1290 3425 1363 officium
3472 1289 3972 1362 administrent.

1162 1413 1274 1486 Ad
1299 1414 1453 1504 hec,
1484 1416 1651 1509 quia
1692 1436 1828 1487 non
1865 1415 2043 1488 bene
2075 1428 2305 1510 posset
2335 1417 2578 1511 prefati
2619 1417 2815 1509 regni
2851 1415 3076 1487 sedari
3107 1414 3406 1487 turbatio
3437 1414 3497 1485 si
3526 1436 3819 1507 regnum
3847 1414 3978 1509 Cy·

1165 1537 1271 1630 pri
1331 1538 1402 1606 in
1473 1538 1812 1610 discordia
1877 1550 2291 1626 remaneret,
2354 1540 2828 1611 excellentiam
2889 1549 3079 1610 tuam
3137 1558 3460 1630 rogamus
3505 1547 3574 1609 et
3624 1558 3979 1609 monemus

1164 1669 1418 1732 attente
1449 1672 1789 1754 quatenus
1814 1662 2211 1755 hujusmodi
2251 1664 2635 1757 negotium,
2667 1673 2745 1734 ut
2773 1664 2885 1734 vel
2915 1661 3344 1734 carissimum
3370 1662 3444 1732 in
3466 1661 3727 1733 Christo
3758 1660 3976 1732 filium

1166 1792 1476 1856 nostrum
1517 1784 1843 1856 illustrem
1884 1807 2116 1879 regem
2160 1785 2365 1881 Cypri
2400 1784 2492 1857 ad
2526 1795 2721 1856 tuum
2757 1785 3090 1855 faciamus
3129 1783 3356 1855 redire
3392 1783 3825 1871 mandatum,
3867 1782 3980 1853 vel

1167 1907 1345 1979 inter
1380 1916 1446 1977 te
1476 1928 1558 1978 ac
1594 1908 1819 2001 ipsum
1852 1916 2128 2000 treugas
2167 1907 2259 1978 ad
2303 1915 2565 1979 certum
2614 1908 2982 1979 terminum
3024 1915 3405 1978 statuamus
3437 1925 3525 1978 ne
3560 1926 3653 1976 ex
3688 1904 3818 1976 hoc
3849 1904 3978 1973 im·

1162 2029 1485 2125 pediatur
1520 2031 1722 2102 Terr'e
1767 2033 2013 2103 Sancte
2049 2030 2477 2121 subsidium,
2520 2038 2748 2103 nostre
2777 2029 3189 2102 ordinationi
3229 2028 3636 2102 committas.

2545 2344 3000 2354 “ma——

768 2694 824 2737 22
847 2637 1108 2744 3333&
1276 2608 1685 2716 Gregorius
1738 2632 1938 2714 papa
1990 2607 2361 2716 magistro
2415 2608 2694 2689 domus
2739 2605 3381 2687 Theutonicorum
3434 2598 3734 2683 nuntiat
3794 2593 3982 2704 quid

1111 2719 1123 2732 ’
1170 2764 1348 2821 cum
1413 2740 1631 2822 Petro
1684 2739 1780 2819 de
1833 2738 2068 2819 Vinea
2130 2737 2543 2845 imperialis
2597 2736 2852 2819 curiae
2905 2735 3163 2844 judice
3213 2731 3640 2817 tractaverit
3684 2730 3780 2810 de
3840 2750 3980 2807 re·-

1171 2871 1504 2953 laxando
1567 2868 1965 2952 interdicto
2025 2871 2106 2951 in
2164 2870 2542 2953 Acconem
2621 2879 2903 2951 temere
2954 2866 3490 2977 promulgato3
3553 2871 3627 2946 et
3678 2861 3775 2943 de
3827 2883 3981 2941 ne-

1173 3003 1380 3112 gotio
1442 2999 2085 3107 Lombardorum‚
2134 3001 2343 3108 quod
2401 3001 2568 3083 vult
2628 3000 3036 3107 imperator
3106 2999 3309 3079 infra
3370 2996 3647 3077 festum
3689 2988 3986 3073 Nativi—

1170 3133 1348 3212 tatis
1382 3157 1518 3239 per
1554 3131 2003 3212 sententiam
2039 3131 2401 3240 compleri
2418 3194 2443 3238 ‚
2483 3133 2672 3213 dum
2720 3131 3058 3239 alioquin
3105 3130 3309 3211 idem
3353 3128 3763 3234 imperator
3805 3144 3981 3201 cum

1176 3264 1505 3345 exercitu
1541 3272 1792 3371 partes
1835 3263 2132 3372 ingredi
2168 3262 2670 3346 Lombardiae
2705 3272 3014 3371 paratus
3051 3261 3174 3344 sit.
3215 3258 3426 3342 Unde
3461 3283 3595 3366 per
3629 3252 3982 3338 eumdem

1171 3397 1628 3506 magistrum
1698 3396 2228 3504 imperatorem
2298 3423 2499 3505 papa
2565 3407 2788 3506 rogat
2856 3394 3325 3477 monendum
3378 3416 3475 3472 ne
3498 3452 3521 3495 ‚
3579 3397 3983 3496 postquam

1171 3555 1399 3638 super
1434 3530 1581 3611 hoc
1616 3528 1919 3637 negotio
1957 3554 2038 3609 se
2082 3528 2415 3637 praecise
2453 3529 2529 3608 in
2566 3527 2924 3609 manibus
2959 3525 3333 3609 Ecclesiae
3367 3520 3746 3632 posuerit,
3791 3541 3984 3601 nova

1172 3662 1463 3772 adjecta
1517 3661 1943 3744 conditione
1996 3662 2632 3770 compromissum
2684 3659 3099 3769 impediat,
3152 3681 3396 3767 quum
3450 3681 3530 3737 se
3580 3650 3985 3736 Lombardi

1171 3794 1483 3876 arbitrio
1519 3793 1896 3876 Ecclesiae
1951 3819 2031 3875 se
2087 3793 2423 3902 praecise
2458 3792 3000 3876 commiserint.

1336 3995 1531 4074 (Edit.
1562 4012 1659 4073 ap.
1688 3996 1970 4068 sumu,
2000 3990 2218 4056 Annal.
2251 3990 2516 4076 Boloqn„
2543 4000 2593 4054 t.
2623 3994 2739 4070 nl,
2763 4009 2900 4071 pars
2922 3993 3008 4072 11,
3030 4009 3092 4070 p.
3131 3990 3294 4068 156.)

1269 4170 1519 4240 Datum
1544 4165 1819 4258 Assisii,
1858 4166 1925 4239 X
1953 4166 2282 4239 kalendas
2306 4166 2608 4238 octobris
2641 4165 2701 4260 (⁴
2716 4165 2775 4262 ),
2811 4186 2993 4237 anno
3022 4164 3140 4234 IX.

3475 4354 3886 4365 -*.-—..-„—-
3901 4354 3971 4362 m<.-

1247 4472 1321 4548 (t)
1356 4471 1644 4540 Postridie,
1672 4469 1872 4528 scilicet
1897 4469 1976 4526 IX
2001 4469 2253 4526 kalendas
2284 4467 2540 4539 octobris,
2571 4469 2837 4526 Friderico
2872 4467 3174 4542 imoeratori
3218 4463 3433 4540 scripsit
3465 4478 3606 4536 papa
3651 4466 3713 4517 ut
3755 4460 3990 4517 mitteret

1173 4571 1489 4643 magistrum
1518 4568 1795 4642 hospitalis
1820 4570 2047 4627 Sanctae
2078 4567 2277 4624 Mariae
2301 4566 2748 4623 ‘theutonicorum
2775 4582 2873 4640 pro
2898 4564 3230 4623 terminanda
3254 4562 3522 4619 discordia
3556 4561 3694 4617 inter
3733 4560 3910 4632 ipsum
3936 4565 3989 4613 et

1175 4666 1531 4736 Lombardos,
1571 4671 1627 4721 et
1653 4665 1754 4738 ipsi
1795 4664 2048 4737 magistro
2072 4663 2330 4738 scriptum
2353 4669 2438 4721 est
2458 4678 2621 4737 super
2660 4663 2764 4721 hoc
2802 4664 2858 4720 in
2897 4661 3142 4720 eumdem
3166 4660 3404 4718 modum.
3436 4657 3607 4717 Indum
3642 4657 3805 4714 litter.
3854 4656 3990 4712 Gre-

1168 4780 1289 4836 9or.
1316 4765 1439 4832 IX,
1465 4779 1592 4819 ann.
1624 4763 1729 4831 IX,
1760 4774 1823 4818 n⁹
1849 4764 1974 4820 234.
