4842 5802
1198 667 1318 730 836
2202 667 2623 728 amomum
2674 667 3021 728 seculum
3635 667 3795 752 [An.
3831 669 4004 732 1236.

1364 801 1611 883 (Inedit.
1641 821 1714 864 ex
1743 805 1912 880 copia
1945 810 2013 864 ut
2038 803 2254 864 dicitur
2277 800 2558 863 vidimata
2583 801 2658 862 de
2683 818 2887 863 mense
2921 801 3226 863 novembri
3259 810 3411 864 1236
3437 847 3456 878 ,
3494 804 3556 861 ln
3585 803 3829 864 archivo
3854 805 4016 865 Vin-

1442 910 1684 983 dobon„
1705 927 1887 987 quam
1913 910 2083 970 nobis
2118 925 2348 970 summa
2376 909 2720 969 liberalitate
2744 910 3072 970 transmisit
3101 910 3192 968 vlr
3218 911 3482 986 egreglus
3512 909 3573 970 J.
3601 910 3700 969 Fr.
3732 909 4015 970 Boehme-

1443 1034 1564 1077 rus.
1591 1050 1671 1061 -
1698 1016 2005 1076 Memorat.
2041 1023 2243 1076 tamen
2270 1021 2331 1076 et
2356 1022 2605 1076 extract.
2636 1031 2712 1074 ex
2749 1015 2949 1075 codice
2981 1016 3320 1093 Wanglano
3345 1031 3444 1092 ap.
3473 1018 3684 1076 Fontes
3710 1032 3824 1078 rer.
3857 1015 4016 1076 Aus-

1445 1123 1640 1196 triac„
1668 1120 2028 1201 Diplomata,
2057 1129 2099 1183 t.
2131 1124 2207 1201 V,
2237 1140 2297 1199 p.
2332 1130 2483 1194 369;
2516 1122 2720 1199 Wien,
2754 1119 2959 1200 1852.)

1300 1308 1709 1397 FridericuS‚
1747 1307 1870 1379 Dei
1904 1309 2134 1399 gracia
2164 1309 2621 1380 Romanorum
2657 1310 3021 1402 imperator
3052 1330 3325 1403 semper
3344 1317 3704 1399 augustus,
3743 1308 4013 1380 Jerusa-

1200 1435 1333 1506 lem
1369 1442 1437 1504 et
1472 1432 1699 1503 Sicilie
1730 1453 1881 1503 rex.
1917 1432 2045 1503 Per
2075 1453 2354 1525 presens
2388 1433 2719 1526 scriptum
2757 1442 2991 1503 notum
3027 1432 3318 1503 facimus
3360 1430 3701 1503 universis
3742 1432 4008 1525 imperii

1208 1556 1534 1630 fidelibus
1586 1564 1721 1626 tam
1769 1556 2208 1650 presentibus
2255 1578 2462 1648 quam
2509 1556 2758 1627 futuris
2809 1554 3000 1648 quod
3045 1554 3329 1626 culmini
3374 1564 3607 1626 nostro
3655 1554 4011 1626 bominum

1202 1682 1292 1754 de
1332 1682 1816 1775 Supramonte‚
1875 1678 2185 1750 fidelium
2225 1688 2649 1768 nostrorum,
2696 1681 2993 1752 enormis
3046 1688 3353 1773 porrecta
3384 1679 3513 1750 fuit
3538 1678 4001 1772 querimonia,

1200 1825 1407 1899 super
1456 1802 1589 1876 hoc
1626 1801 1947 1875 videlicet
1989 1802 2177 1895 quod
2218 1825 2342 1897 per
2370 1802 2694 1874 dilectum
2730 1803 3106 1899 principem
3146 1811 3455 1875 nostrum
3491 1802 3850 1875 dominum
3879 1800 4008 1873 Al-

1200 1928 1543 2022 drigetum
1578 1926 2053 1999 Tridentinum
2094 1929 2497 2022 episcopum
2538 1937 2607 2000 et
2641 1949 2803 1999 suos
2855 1927 3351 2021 gastaldiones,
3379 1952 3384 1957 ·
3410 1927 3718 2021 aliosque
3753 1948 4007 2020 quam-

1199 2053 1434 2148 plures
1456 2052 1526 2122 in
1551 2050 1792 2123 eodem
1810 2051 2231 2145 episcopatu,
2258 2051 2548 2145 predicti
2563 2052 2898 2137 homineS,
2930 2050 3164 2124 fideles
3179 2051 3391 2123 nostri
3415 2050 3504 2123 de
3526 2052 3996 2144 Supramonte,

1194 2176 1670 2248 exactionibus
1701 2174 2025 2246 indebitis
2056 2183 2126 2247 et
2154 2175 2677 2268 gravaminibus
2707 2175 3229 2268 quamplurimis
3261 2174 3729 2247 indifferenter
3761 2175 4005 2246 moles-

1191 2311 1528 2389 tarentur,
1586 2298 1812 2391 [dum]
1853 2309 2086 2369 contra
2113 2299 2229 2390 jus
2269 2296 2459 2392 quod
2501 2298 2760 2371 eisdem
2801 2298 3198 2370 bominibus
3238 2300 3328 2370 ab
3368 2299 3656 2393 imperio
3693 2299 4001 2371 Romano

1191 2433 1497 2516 tempore
1532 2421 1981 2513 delegationis
2011 2442 2251 2493 eorum
2285 2422 2541 2514 primo,
2593 2422 2725 2493 sub
2774 2432 2959 2494 certo
3004 2433 3074 2495 et
3108 2433 3361 2494 statuto
3406 2422 3562 2495 ficto
3589 2421 3676 2515 (Ρ)
3705 2421 3998 2495 redden-

1192 2545 1361 2617 dum
1388 2555 1458 2617 et
1490 2544 1899 2617 solvendum
1930 2543 2423 2617 rationabiliter
2451 2554 2555 2616 est
2591 2544 3010 2635 injunctum,
3064 2547 3379 2617 collectas
3414 2544 3894 2639 imposuerint,
3936 2557 4004 2616 et

1189 2691 1314 2764 pro
1353 2669 1554 2741 dictis
1577 2668 1877 2741 collectis
1909 2669 2058 2740 sine
2086 2668 2498 2740 discretione
2528 2668 2808 2740 mobilia
2851 2676 2918 2739 et
2952 2664 3369 2758 immobilia,
3422 2691 3564 2762 que
3592 2668 3848 2740 habere
3881 2689 4001 2764 po-

1191 2803 1440 2878 terant,
1494 2794 1915 2878 auferenteS,
1957 2792 2144 2886 ipsos
2179 2812 2461 2885 quoque
2489 2791 2560 2860 in
2585 2790 2976 2863 carceribus
2996 2793 3437 2886 quamplures
3477 2791 3994 2882 mortificando,

1187 2918 1385 2989 malis
1437 2917 2056 2989 innumerabilibus
2114 2918 2367 3011 pluries
2408 2916 2842 2989 offenderint.
2889 2917 3088 2989 Unde
3146 2939 3284 2989 non
3346 2916 3690 2988 modicum
3742 2917 4001 2987 fuimus

1190 3041 1467 3111 turbati.
1501 3041 1689 3110 Licet
1720 3041 1903 3110 enim
1941 3040 2260 3111 homines
2288 3041 2664 3134 supradicti
2697 3040 3003 3134 quodam
3032 3050 3217 3111 certo
3238 3049 3307 3109 et
3342 3046 3594 3110 statuto
3621 3059 3830 3109 censu
3855 3059 4000 3109 ser-

1190 3164 1338 3234 vire
1375 3164 1672 3235 debeant
1694 3163 1978 3234 ecclesie
2003 3162 2399 3236 Tridentino
2420 3217 2439 3251 ,
2481 3174 2709 3236 nostro
2740 3172 2966 3234 tamen
2990 3165 3277 3236 attinent
3296 3161 3576 3233 culmini
3601 3171 3668 3232 et
3696 3163 4000 3234 Romano

1189 3288 1508 3382 imperio,
1568 3296 1638 3358 et
1679 3307 1918 3358 eorum
1970 3285 2269 3359 rationes
2326 3288 2398 3359 in
2450 3298 2681 3360 nostro
2726 3287 3162 3360 decrevimus
3216 3297 3543 3358 annotare
3592 3285 3992 3380 privilegio,

1187 3410 1532 3483 universis
1569 3409 1999 3482 notificantes
2046 3409 2237 3503 quod
2288 3410 2461 3483 ultra
2515 3410 2794 3483 easdem
2844 3410 3140 3483 rationes
3172 3409 3433 3482 servire
3463 3430 3600 3481 non
3628 3420 3994 3481 tenentur:

1186 3534 1507 3607 videlicet
1539 3544 1835 3629 quatuor
1862 3534 2134 3606 stariola
2165 3535 2490 3605 frumenti
2513 3589 2532 3625 ,
2586 3544 2884 3629 quatuor
2928 3533 3207 3605 stariola
3239 3533 3529 3624 siliginis
3565 3543 3632 3605 et
3675 3543 3827 3605 octo
3860 3540 3997 3604 sta-

1185 3659 1353 3730 riola
1396 3658 1622 3750 surgi‚
1666 3668 1734 3729 et
1770 3667 1924 3730 octo
1967 3657 2224 3730 solidos
2265 3658 2702 3731 denariorum
2740 3658 3236 3730 veronensium
3277 3678 3401 3751 pro
3435 3679 3569 3727 una
3609 3656 3826 3727 bestia
3851 3710 3869 3745 ‚
3930 3669 3997 3729 et

1184 3792 1479 3875 quatuor
1511 3781 1766 3855 solidos
1789 3803 1913 3876 pro
1950 3804 2090 3854 uno
2118 3804 2354 3874 case0‚
2387 3792 2457 3854 et
2485 3804 2692 3854 unam
2720 3804 2964 3854 urnam
2991 3782 3134 3853 vini
3154 3835 3173 3868 ,
3206 3790 3273 3852 et
3295 3803 3511 3851 unum
3540 3782 3794 3852 fassum
3823 3780 3985 3871 feni,

1184 3913 1252 3976 et
1280 3925 1485 3975 unam
1526 3905 1852 3996 galinam.
1906 3906 2037 3976 Iste
2070 3905 2365 3977 rationes
2401 3906 2690 3978 rimanie
2727 3904 3075 3977 dicuntur.
3123 3903 3310 3988 Quas
3348 3904 3644 3974 rationes
3681 3901 3994 3973 homines

1186 4026 1275 4126 de
1316 4027 1480 4099 villa
1510 4028 1729 4100 Oveni
1762 4038 1833 4100 et
1864 4027 1953 4099 de
1980 4028 2146 4099 villa
2185 4027 2456 4100 Cadene
2488 4038 2556 4099 et
2583 4027 2672 4100 de
2707 4028 2875 4100 villa
2902 4027 3129 4120 Vigoli
3175 4035 3243 4099 et
3273 4025 3364 4098 de
3399 4026 3562 4097 villa
3600 4024 3888 4114 Baselge
3923 4033 3992 4096 et

1182 4151 1272 4223 de
1305 4150 1473 4252 villa
1500 4151 1853 4243 Sardagne
1888 4152 2154 4222 solvere
2192 4151 2448 4223 debent
2485 4153 2801 4246 episcopo
2833 4151 3261 4240 Tridentin0‚
3316 4150 3427 4220 vel
3480 4148 3592 4219 cui
3635 4145 3820 4219 idem
3858 4146 3992 4219 do-

1184 4275 1414 4345 minus
1448 4274 1810 4368 episcopus
1844 4273 2012 4345 dare
2041 4273 2460 4368 disponeret.
2495 4276 2634 4346 Nos
2678 4261 2907 4347 autem
2950 4274 3351 4367 gravamina
3390 4293 3631 4366 eorum
3674 4272 3991 4344 conside-

1186 4383 1416 4470 rantes
1453 4379 1789 4471 eteorum
1819 4397 2433 4492 supplicationibus
2469 4398 2836 4490 benignius
2871 4396 3212 4486 inclinati,
3256 4395 3793 4468 deliberavimus
3826 4415 3993 4465 con-

1185 4521 1338 4593 silio
1365 4520 1756 4618 principum
1787 4530 2176 4593 nostrorum
2201 4520 2509 4594 fidelium
2550 4523 2669 4614 qui
2709 4523 3193 4610 interfuerunt,
3234 4518 3428 4612 quod
3452 4516 3728 4591 eosdem
3756 4516 3996 4588 fideles

1186 4653 1453 4715 nostros
1484 4643 1572 4716 de
1609 4645 2066 4739 Supremonte
2092 4655 2161 4716 et
2195 4647 2428 4717 omnia
2457 4667 2693 4718 eorum
2720 4666 2858 4739 que
2885 4644 3237 4739 possident
3275 4643 3346 4712 in
3371 4650 3598 4713 nostre
3623 4639 3994 4730 majestatis

1184 4768 1549 4864 recipimus
1584 4768 2050 4841 defensionem
2073 4822 2091 4857 ‚
2145 4779 2214 4840 et
2269 4791 2347 4841 su
2356 4791 2478 4865 per
2536 4769 2667 4842 hoc
2717 4770 2974 4842 litteras
3020 4777 3251 4840 nostre
3289 4763 3718 4837 celsitudinis
3765 4761 3990 4856 sigillo
