4842 5802
770 609 964 670 rumor.
1001 609 1089 685 7.]
1674 598 2067 662 msroma
2114 599 2700 663 mPLOMArch.
3473 598 3596 662 649

882 1185 1212 1268 Sifridus
1291 1181 1783 1293 Maguntinus
1873 1180 2480 1289 archiepiscopus
2552 1192 2626 1263 et
2693 1180 2927 1263 frater
2996 1181 3430 1264 Bernardus
3500 1185 3598 1266 de
3646 1198 3667 1257 t

772 1319 1036 1403 ordine
1096 1316 1712 1401 Praedicatorum
1773 1340 2016 1422 papae
2066 1315 2495 1397 rescribunt
2547 1316 2933 1425 quomodo
2984 1342 3032 1397 a
3078 1315 3431 1399 Conrado
3500 1317 3598 1400 de

772 1451 1138 1560 Marburg
1188 1448 1417 1532 fuerit
1465 1447 1544 1528 in
1601 1448 1907 1557 negotio
1957 1446 2512 1530 haereticorum
2565 1472 3046 1554 processum,
3099 1448 3455 1530 nuntiant
3517 1474 3599 1531 se

773 1582 1023 1691 primo
1059 1581 1265 1689 apud
1307 1577 1892 1663 Francofurtum
1909 1638 1933 1677 ,
1971 1578 2246 1661 deinde
2307 1579 2514 1687 apud
2565 1578 3036 1687 Moguntiam
3088 1581 3441 1662 comitem
3501 1581 3598 1663 de

776 1712 998 1795 Seine
1030 1720 1105 1794 et
1141 1710 1332 1794 alios
1367 1709 1779 1792 infamatos
1820 1709 1900 1791 in
1945 1709 2352 1817 pristinum
2398 1718 2684 1792 statum
2727 1709 3180 1818 restituisse,
3223 1710 3598 1821 quidquid

778 1843 861 1927 in
896 1845 1046 1928 hoc
1079 1843 1370 1955 egerint
1405 1842 1742 1926 seriatim
1778 1852 2261 1950 exponentes,

942 2058 1186 2135 (Insert.
1224 2058 1286 2116 in
1315 2053 1570 2116 Albm'ci
1614 2053 2096 2134 Trium-sontium
2121 2053 2370 2117 chronic.
2409 2071 2509 2133 ap.
2553 2055 2838 2117 Lmnrrz
2847 2099 2869 2131 ,
2912 2053 3125 2117 Accm.
3158 2054 3355 2120 histor.
3378 2099 3396 2131 ,
3436 2064 3484 2118 t.
3516 2058 3600 2133 11,

1016 2179 1081 2239 p.
1115 2170 1257 2236 544,
1291 2162 1453 2238 545.)

1027 2350 1349 2444 Diligenti
1422 2349 1600 2422 facta
1671 2347 2122 2442 inquisitione
2177 2368 2387 2442 super
2434 2348 2568 2420 ista
2622 2348 2940 2441 pestifera
2995 2357 3182 2421 secta
3225 2349 3607 2423 Luciferia-

783 2495 1028 2547 norum
1066 2484 1135 2545 et
1165 2495 1371 2568 super
1398 2473 1764 2567 praedictis
1781 2525 1800 2562 ,
1835 2471 2390 2566 archiepiscopus
2415 2470 2858 2564 Maguntinus
2888 2479 2958 2544 et
2993 2471 3196 2544 frater
3219 2474 3608 2547 Bernardus

785 2598 876 2671 de
910 2596 1155 2670 ordine
1203 2596 1758 2670 Praedicatorum
1777 2649 1797 2684 ,
1845 2596 2197 2690 quondam
2244 2594 2810 2688 poenitentiarius
2842 2595 3105 2668 domini
3150 2617 3406 2691 papae,
3448 2619 3607 2670 res-

788 2721 1172 2816 cripserunt
1202 2719 1486 2792 domino
1522 2740 1745 2815 papae
1782 2719 1852 2789 in
1882 2719 2053 2790 haec
2089 2718 2299 2790 verba
2336 2744 2352 2787 ε

895 2868 932 2915 α
974 2844 1175 2930 Quod
1229 2843 1553 2937 magister
1598 2841 1953 2916 Conradus
1998 2850 2229 2915 contra
2279 2842 2671 2936 Pauperum
2716 2841 3283 2937 Lugdunensium
3326 2846 3612 2918 astutias

793 2969 936 3041 zelo
973 2967 1139 3041 fidei
1174 2977 1513 3058 armatus,
1550 2965 1919 3039 nefandam
1942 2965 2277 3052 heresim,
2314 2965 2828 3039 Manicheorum
2873 2965 3088 3039 filiam
3127 2968 3289 3039 olim
3320 2968 3615 3042 abscon-

793 3092 1040 3184 ditam,
1091 3092 1189 3164 ita
1233 3091 1510 3186 putavit
1559 3112 1653 3163 ex
1703 3096 1847 3161 toto
1895 3088 2416 3184 deprehendere
2459 3089 2517 3161 si
2569 3098 2776 3161 testes
2821 3090 2944 3183 qui
2991 3111 3067 3163 se
3115 3090 3617 3165 confitebantur

795 3215 1298 3309 aliquantulum
1346 3213 1652 3285 criminis
1698 3233 1941 3286 eorum
1979 3213 2293 3287 conscios
2333 3219 2402 3284 et
2437 3212 2841 3307 participes,
2884 3214 2958 3284 in
2993 3215 3267 3287 illorum
3310 3217 3621 3289 absentia

794 3338 1294 3433 reciperentur,
1345 3347 1414 3411 et
1462 3337 1669 3410 dictis
1705 3358 1945 3409 eorum
1983 3335 2384 3430 simpliciter
2431 3336 2855 3427 crederetur;
2902 3337 2998 3408 ita
3045 3347 3125 3408 ut
3157 3339 3373 3411 semel
3412 3360 3626 3411 accu-

798 3468 948 3534 sato
988 3462 1142 3533 talis
1186 3460 1467 3533 daretur
1511 3460 1701 3555 optio
1742 3469 1864 3532 aut
1913 3469 2159 3555 sponte
2199 3458 2504 3532 confiteri
2552 3468 2622 3531 et
2666 3460 2941 3553 vivere,
2991 3468 3113 3533 aut
3166 3461 3623 3534 innocentiam

792 3584 1030 3676 jurare
1065 3592 1134 3655 et
1164 3584 1391 3656 statim
1429 3583 1763 3658 comburi.
1809 3583 1897 3654 Et
1945 3603 2105 3654 ecce
2137 3582 2344 3655 falsos
2375 3590 2584 3655 testes
2617 3582 2707 3654 ab
2739 3582 3094 3674 hereticis,
3137 3591 3216 3655 ut
3249 3585 3618 3676 credimus,

802 3706 1212 3778 subornatos
1278 3707 1577 3782 adduxit
1632 3705 1981 3779 inimicus.
2039 3704 2353 3790 Quedam
2415 3705 2673 3778 femina
2732 3727 2911 3800 vaga
2966 3705 3234 3780 Alaidis
3288 3729 3625 3782 annorum

797 3828 1075 3920 viginti,
1116 3851 1280 3902 casu
1325 3830 1615 3903 veniens
1651 3829 1967 3924 Pigniam
1997 3827 2132 3922 (a),
2167 3827 2369 3899 finxit
2406 3849 2482 3901 se
2517 3828 2892 3901 hereticam
2927 3829 3113 3901 illius
3152 3838 3369 3921 secte,
3411 3832 3627 3904 fuisse

803 3974 1010 4025 suum
1038 3954 1269 4026 virum
1299 3954 1489 4051 apud
1522 3953 1960 4027 Cruneborch
1998 3961 2507 4026 concrematum
2545 3960 2614 4025 et
2649 3973 2724 4025 se
2758 3953 2937 4025 velle
2967 3955 3288 4047 cremari;
3330 3956 3626 4030 innuens

806 4095 849 4147 a
882 4076 1092 4149 latere
1130 4077 1322 4171 quod
1363 4077 1423 4148 si
1473 4076 1785 4149 Ecclesia
1838 4075 2077 4149 verbis
2131 4077 2279 4147 suis
2324 4074 2747 4149 credendum
2802 4076 3232 4169 decerneret,
3291 4078 3627 4152 hereticos

891 4223 973 4302 (a)
1017 4226 1092 4286 In
1117 4231 1291 4287 textu
1310 4226 1716 4307 peram-inam,
1746 4225 1908 4303 quod
1939 4227 2026 4286 ita
2051 4227 2311 4285 correxit
2335 4225 2625 4287 Leibnitz.
2657 4227 2931 4288 Fortasse
2968 4227 3278 4307 legendum
3305 4226 3629 4310 Pinquiam

816 4325 1127 4413 (Binqen).

811 4616 1065 4690 potuerit,
1084 4617 1345 4690 majorem
1373 4617 1735 4677 adhibendam
1761 4618 1921 4677 fidem
1946 4634 2255 4691 censemus3
2287 4635 2542 4694 annoque
2570 4622 2708 4680 ⁴23⁴
2734 4620 3085 4680 adhaeremus
3112 4636 3219 4696 quo
3244 4638 3427 4697 regem
3445 4642 3632 4686 mense

812 4712 961 4787 aprili
983 4713 1124 4787 apud
1152 4714 1369 4788 Spiram
1394 4732 1612 4790 quoque
1635 4717 1849 4775 stetisse
1873 4716 2007 4774 nihil
2029 4717 2228 4775 obstat.

970 4815 1077 4877 lV.
1119 4831 1233 4876 rm
1258 4832 1303 4875 a.
3238 4826 3313 4878 82

3669 1197 3800 1243 Circa.
3810 1197 4010 1241 modium

3721 1252 3939 1307 aprilem]
