4842 5802
1198 601 1323 667 988
2116 604 2374 666 INDEX
2421 601 3132 668 nocquN'romJM.

2050 930 2178 991 dire
2203 932 2582 1009 postmodum
2610 932 2879 992 voluerit.
2905 929 3079 993 Unde
3100 932 3300 989 monet
3318 932 3387 988 ut
3401 926 3675 988 eumdem
3692 943 3829 988 cum
3857 927 4031 1004 pleno

2050 1030 2330 1091 mandato
2356 1031 2437 1092 ad
2462 1048 2528 1092 se
2554 1034 2682 1092 sine
2708 1046 2874 1091 mora
2894 1031 3176 1091 remittat.
3911 1035 4030 1088 824

1202 1130 1275 1184 27
1298 1131 1477 1185 mart.
1587 1119 1859 1183 Viterbil.
1974 1157 2051 1171 —
2090 1125 2447 1203 Magistrum
2472 1127 2970 1189 ‘theutonicorum
3000 1126 3250 1187 Romam
3285 1130 3495 1185 evocat
3525 1140 3633 1201 pro
3674 1139 3892 1203 magno
3924 1123 4031 1184 ho-

2050 1237 2192 1282 nore
2221 1223 2513 1284 Ecclesiae
2538 1230 2599 1283 et
2626 1225 2854 1300 imperii
2876 1221 3279 1301 promovendo
3304 1237 3376 1282 ac
3406 1237 3513 1298 pro
3538 1221 3787 1299 negotiis
3814 1222 4028 1282 Terrae

2047 1319 2296 1381 Sanctae
2321 1327 2382 1380 et
2406 1322 2825 1397 tranquillitate
2851 1322 3027 1396 pacis.
3622 1326 3737 1380 826
3751 1326 3930 1391 „non
3967 1328 4017 1380 1.

1217 1421 1278 1471 1⁰
1301 1413 1470 1491 april.
1591 1411 1859 1474 viterbii.
1971 1447 2051 1461 —
2088 1417 2436 1478 Rectoribus
2472 1420 2768 1478 societatis
2804 1415 3192 1488 Lombardlae
3224 1414 3427 1476 scribit
3466 1431 3529 1476 se
3563 1430 3768 1475 eorum
3803 1415 4027 1494 legatos

2046 1514 2355 1589 recepisse,
2384 1528 2640 1589 quorum
2673 1518 2813 1573 ante
2853 1511 3177 1572 adventum
3214 1514 3497 1589 magister
3524 1510 4025 1571 Tbeutonicorum

2046 1623 2125 1667 ex
2151 1607 2432 1668 mandato
2459 1610 2825 1685 imperatoris
2845 1610 2972 1685 jam
3001 1608 3347 1667 discesserat
3371 1613 3433 1667 et
3456 1607 3723 1667 nondum
3751 1624 4025 1668 reversus

2046 1710 2158 1765 est.
2179 1704 2273 1765 Ad
2299 1722 2400 1765 eos
2428 1707 2704 1766 nuntium
2743 1707 2926 1766 mittit
2962 1706 3304 1782 episcopum
3346 1703 3706 1764 Esculanum
3731 1719 3839 1780 pro
3864 1710 4021 1765 trac-

2044 1799 2227 1859 tanda
2254 1816 2398 1876 pace
2424 1816 2560 1861 cum
2585 1803 2953 1877 imperatore.
3631 1808 3772 1873 827,
3799 1807 3925 1862 not.
3961 1811 4018 1863 1.

1224 1902 1259 1953 5
1288 1895 1444 1953 maii.
1586 1894 1854 1960 Viterbii.
1967 1926 2046 1938 —
2082 1894 2537 1972 Arcbiepiscopo
2579 1897 2931 1975 maguntino
2967 1897 3210 1957 mandat
3246 1901 3316 1956 ut
3353 1895 3539 1956 electo
3572 1896 4018 1972 wormatiensi,

2043 1994 2092 2051 si
2120 1992 2361 2069 aliquod
2385 1995 2736 2054 canonicum
2762 2010 2884 2054 non
2909 1994 3164 2072 obsistit,
3190 2009 3409 2054 munus
3432 1995 3887 2055 consecrationis
3911 1997 4023 2056 im-

2041 2087 2277 2164 pendat.
3900 2099 4016 2152 842

1211 2189 1248 2240 4
1267 2183 1446 2259 junii.
1536 2185 1894 2251 Interamne.
1962 2216 2037 2228 —
2081 2184 2363 2263 Magistro
2384 2186 2689 2264 hospitalis
2705 2187 3201 2247 'theutonicorum
3220 2184 3425 2245 scribit
3447 2191 3518 2245 ut
3540 2185 3617 2246 ad
3634 2201 3698 2246 se
3720 2187 3922 2248 veniat
3941 2187 4017 2249 de

2039 2297 2180 2357 pace
2204 2283 2357 2342 inter
2382 2283 2706 2343 Ecclesiam
2734 2290 2792 2344 et
2819 2285 3132 2361 imperium
3153 2287 3533 2343 tractaturus.
3628 2290 3769 2356 871,
3798 2290 3926 2344 not.
3954 2294 4012 2345 1.

1193 2382 1264 2434 10
1282 2377 1459 2452 junii.
1530 2377 1884 2444 lutei-amne.
1958 2410 2040 2423 —
2075 2377 2370 2440 Friderico
2409 2380 2811 2441 Romanorum
2849 2381 3188 2457 imperatori
3227 2380 3463 2438 nuntiat
3500 2380 3842 2456 episcopum
3866 2381 4012 2443 Pre-

2036 2477 2333 2535 nestinum
2371 2492 2407 2536 a
2446 2494 2510 2537 se
2546 2477 2623 2537 ad
2657 2484 2855 2554 partes
2900 2476 3285 2539 Lombardiae
3319 2475 3394 2535 de
3432 2491 3577 2552 pace
3615 2478 4016 2552 promovenda

2032 2571 2215 2632 fuisse
2239 2573 2620 2648 destinatum,
2647 2574 3031 2651 hortaturque
3053 2580 3122 2635 ut
3148 2575 3494 2651 magistrum
3516 2572 4014 2636 Theutonicorum

2031 2669 2108 2729 ad
2134 2685 2303 2729 suam
2331 2672 2717 2746 praesentiam
2744 2673 2870 2731 sine
2893 2670 3176 2732 dilatione
3201 2671 3585 2730 transmittat.
3894 2680 4009 2732 870

1180 2766 1451 2842 24181111.
1522 2765 1881 2831 Interamne.
1951 2794 2032 2810 —
2070 2764 2436 2827 Fridericum
2478 2767 2881 2827 Romanorum
2928 2768 3337 2842 imperatorem
3385 2772 3587 2825 monet
3628 2770 3695 2826 ut
3738 2773 4010 2843 nepotem

2029 2863 2186 2940 regis
2220 2862 2455 2923 Tunicii
2491 2863 2568 2924 ad
2605 2863 2816 2925 Sedem
2856 2861 3257 2940 Apostolicam
3302 2860 3575 2924 accedere
3613 2863 3910 2926 volentem
3950 2871 4012 2927 et

2026 2961 2246 3036 injuste
2271 2962 2331 3019 in
2359 2977 2541 3038 regno
2565 2960 2900 3035 detentum,
2929 2959 3145 3020 dimitti
3171 2960 3368 3020 faciat.
3892 2969 4004 3022 872

1229 3054 1417 3129 [circa
1504 3099 1915 3123 .......
1951 3085 2031 3099 -
2067 3054 2417 3116 Lombardis
2447 3062 2796 3132 potestatem
2821 3056 3091 3116 concedit
3124 3061 3193 3116 ut
3224 3057 3455 3132 quoties
3478 3055 3782 3117 Romanus
3814 3058 4008 3134 impe-

1169 3147 1456 3232 Junium.]
2029 3157 2189 3212 rator
2222 3153 2453 3213 ltaliam
2492 3154 2713 3214 intrare
2750 3154 3035 3224 voluerit,
3074 3156 3302 3231 possint
3332 3155 3670 3215 societatem
3715 3154 3907 3216 facere
3947 3162 4007 3216 et

2019 3250 2372 3326 juramentis
2394 3265 2459 3309 se
2486 3250 2667 3327 ligare
2693 3266 2801 3326 pro
2829 3253 2952 3311 suls
2980 3251 3310 3311 rationibus
3337 3252 3789 3325 conservandis,
3826 3252 4005 3313 salvis

2027 3344 2351 3407 honoribus
2393 3353 2454 3406 et
2488 3348 2751 3408 serviciis
2790 3363 2946 3424 quae
2981 3346 3265 3409 Romanis
3295 3350 3663 3425 principibus
3707 3348 3781 3409 de
3830 3356 4004 3427 pacto

2025 3443 2119 3502 vel
2147 3443 2569 3505 consuetudine
2594 3444 2904 3506 debentur.
3609 3455 3749 3519 881,
3781 3453 3908 3509 not.
3941 3456 3995 3508 1.

1195 3547 1266 3599 17
1290 3555 1432 3618 aug.
1596 3542 1800 3604 Reate.
1946 3570 2027 3585 -
2065 3540 2349 3617 Episcopo
2362 3539 2711 3602 Prenestino
2728 3541 2970 3601 mandat
2992 3547 3059 3602 ut
3070 3540 3279 3603 sedem
3291 3541 3691 3618 Apostollcam
3711 3558 3748 3602 a
3769 3542 4000 3603 detrac-

2021 3643 2218 3697 torum
2254 3638 2473 3716 linguis
2511 3640 2575 3698 in
2615 3638 2771 3699 facto
2804 3640 2966 3715 pacis
3001 3640 3156 3699 inter
3193 3640 3509 3715 imperium
3544 3645 3606 3699 et
3640 3637 4002 3700 Lombardos

2021 3733 2313 3794 defendat.
3605 3741 3745 3804 904,
3774 3741 3900 3795 not.
3938 3745 3992 3795 1.

1195 3836 1267 3888 18
1285 3844 1427 3907 aug.
1595 3833 1797 3894 Reate.
1945 3862 2024 3874 —
2061 3830 2513 3907 Archiepiscopo
2531 3830 2858 3891 Ravennati
2885 3837 2944 3890 et
2967 3829 3351 3907 suffraganeis
3373 3831 3503 3905 ejus
3524 3830 3728 3890 scribit
3747 3830 3822 3890 de
3841 3837 4000 3891 recta

2021 3928 2345 3987 intentione
2371 3942 2553 4003 quam
2584 3929 2710 4002 ipse
2736 3925 2945 3985 babuit
2969 3928 3031 3986 in
3059 3932 3183 3986 toto
3211 3941 3483 4002 processu
3510 3928 3670 4002 pacis
3703 3929 3858 3986 inter
3881 3928 3994 3986 im-

2019 4030 2345 4100 peratorem
2379 4023 2745 4083 Fridericum
2783 4030 2844 4082 et
2881 4022 3272 4097 Lombardos,
3302 4023 3559 4084 suadens
3598 4029 3668 4084 ut
3708 4039 3840 4083 eam
3880 4026 3995 4100 ipsi

2019 4125 2353 4199 imperatori
2379 4124 2685 4183 insinuent
2708 4127 2771 4180 et
2793 4124 2953 4197 pacis
2979 4121 3202 4181 bonum
3227 4127 3564 4198 procurent.
3874 4130 3989 4182 908

1197 4222 1272 4275 28
1302 4222 1421 4277 oct.
1589 4218 1792 4280 Reate.
1939 4253 2021 4266 —
2058 4219 2362 4282 Friderlco
2420 4219 2823 4280 Romanorum
2889 4219 3227 4294 imperatori
3289 4218 3600 4295 respondet
3659 4219 3993 4296 querulanti

2017 4333 2193 4393 super
2217 4332 2495 4393 processu
2520 4316 2851 4376 Prenestini
2876 4316 3157 4392 episcopi,
3192 4316 3485 4392 simulque
3513 4321 3863 4392 argumenta
3895 4333 3991 4377 re-

2014 4413 2164 4474 tellit
2198 4413 2418 4490 quibus
2450 4415 2764 4489 imperator
2802 4412 2879 4472 ad
2905 4427 3072 4472 suam
3101 4414 3507 4490 purgationem
3533 4427 3678 4473 usus
3702 4419 3828 4486 est3
3860 4429 3991 4473 mo-

2013 4527 2161 4570 nens
2194 4509 2424 4569 fortiter
2456 4509 2614 4586 quod
2650 4511 2898 4585 injurias
2934 4509 3225 4569 Ecclesiae
3258 4509 3560 4571 Romanae
3593 4514 3654 4568 et
3679 4512 3846 4588 regni
3886 4525 3989 4571 ec-

2014 4608 2204 4667 clesiis
2239 4606 2434 4665 illatas
2471 4605 2780 4665 emendare
2816 4604 3048 4666 studeat
3086 4606 3180 4666 vel
3205 4604 3411 4667 timeat
3442 4622 3518 4666 118
3545 4605 3702 4667 Deus
3743 4606 3820 4667 ab
3857 4610 3987 4684 ejus

2013 4699 2382 4778 processibus
2406 4700 2610 4760 oculos
2634 4706 2883 4760 avertat.
3867 4709 3987 4763 814
