4842 5802
1223 586 1349 649 944
2324 585 2946 649 Annl'rAuEN'rA.

1227 721 1657 807 curabimu8‚
1708 728 1913 816 prout
1966 727 2431 816 opportunum
2498 722 2737 814 fuerit,
2795 732 3073 818 paterna
3129 721 3590 795 sollicitudine
3643 721 4035 819 provida-e.

1228 843 1431 931 Quod
1457 843 1514 916 si
1540 844 1773 937 aliqua
1803 842 2145 916 dubitatio
2173 864 2215 915 a
2251 843 2536 915 consilio
2563 852 2793 918 nostro
2830 855 2896 917 te
2929 846 3102 917 forte
3137 844 3531 936 retraxerit,
3563 846 3806 918 saltem
3835 868 4045 942 spon-

1228 984 1473 1045 taneus
1526 980 1593 1042 te
1638 976 1870 1041 nostre
1922 965 2336 1039 ordinationi
2391 969 2856 1057 committens,
2915 967 3166 1041 offeras
3210 968 3600 1043 satisfacere
3649 969 4042 1065 imperatori

1230 1096 1542 1194 predicto
1582 1093 1759 1165 sicut
1784 1089 2089 1164 Ecclesia
2122 1092 2427 1164 Romana
2454 1090 2734 1165 duxerit
2761 1091 3296 1187 disponendum.
3315 1091 3671 1186 Alioquin,
3706 1114 3868 1166 cum
3900 1115 4040 1166 non

1230 1221 1583 1318 possimus
1615 1238 1743 1289 nec
1778 1214 1985 1289 etiam
2025 1215 2403 1289 debeamus
2443 1216 2577 1312 ipsi
2620 1216 2858 1290 deesse
2897 1215 2969 1288 in
2998 1216 3260 1310 justitia
3293 1217 3366 1288 in
3413 1239 3553 1311 qua
3596 1239 3838 1290 sumus
3885 1218 4042 1290 aliis

1233 1345 1576 1418 debitores
1597 1384 1638 1431 ,κ
1669 1361 1994 1413 exercere
2029 1339 2102 1411 in
2152 1350 2218 1412 te
2253 1341 2548 1435 rigorem
2573 1340 2839 1434 Justitie
2869 1341 3071 1433 juxta
3111 1341 3553 1414 commissum
3584 1363 3628 1414 a
3658 1343 3800 1415 Deo
3841 1342 4042 1415 nobis

1230 1468 1531 1543 officium
1582 1464 2093 1558 compellemur,
2131 1474 2201 1537 et
2237 1473 2310 1535 tu
2348 1463 2604 1538 duritie
2650 1475 2768 1537 tue
2806 1465 3060 1558 poteris
3103 1464 3497 1539 discrimina
3537 1487 3676 1560 que
3705 1464 3870 1539 inde
3913 1463 4042 1537 tibi

1231 1590 1589 1666 evenerint
1621 1588 1983 1684 imputare.

1322 1718 1575 1788 Datum
1606 1712 1797 1809 apud
1826 1711 2188 1804 Arronem,
2246 1712 2365 1785 vn
2397 1710 2559 1785 idus
2583 1710 2887 1806 augusti,
2918 1733 3101 1785 anno
3129 1720 3400 1787 octavo.

1647 1983 2629 1994 —u—-o——n—-——-—o—·
2644 1986 3039 1994 -·——-——--——·-
3052 1987 3156 1994 —-.
3169 1987 3273 1993 m·
3286 1986 3533 1994 ——--——
3553 1982 3614 1995 .-

877 2236 1090 2335 Bgffi
1100 2320 1117 2344 θ
1332 2220 1540 2304 Finis
1601 2217 2022 2330 encyclicae
2092 2243 2249 2326 qua
2319 2215 2743 2300 Fridericus
2764 2280 2788 2322 ,
2845 2218 3364 2301 Romanorum
3435 2218 3881 2326 imperator,
3944 2218 4047 2301 ad

845 2348 917 2467 ,²⁸
934 2345 1133 2444 {3333‘2
1225 2354 1604 2465 principes
1656 2351 1954 2460 imperii
2000 2349 2259 2433 scribit
2310 2350 2407 2431 de
2442 2349 2872 2433 excessibus
2926 2350 3226 2433 Henrici
3273 2350 3793 2435 Romanorum
3841 2350 4048 2461 regis

1222 2488 1357 2569 filii
1396 2486 1541 2569 sui.

1391 2671 1515 2751 (Cf.
1547 2689 1610 2749 p.
1641 2679 1782 2743 524,
1811 2670 1916 2731 ubi
1944 2670 2388 2744 documentum,
2409 2674 2481 2729 ut
2503 2669 2718 2731 melius
2743 2672 3065 2750 potuimus,
3094 2672 3273 2732 variis
3297 2671 3598 2733 codicibus
3635 2672 3865 2735 collatis
3907 2672 4047 2733 edi-

1465 2779 1684 2838 dimus.
1715 2778 1889 2837 Nunc
1915 2793 2053 2836 vero
2086 2792 2123 2836 a
2148 2776 2475 2837 Boehmero
2514 2778 2724 2837 moniti
2746 2780 2849 2854 qui
2874 2777 3135 2838 codicem
3162 2778 3344 2839 alium
3377 2778 3489 2838 sub
3516 2778 3787 2840 menibus
3812 2778 4042 2854 habult,

1465 2883 1648 2945 finem
1675 2889 1736 2944 et
1770 2888 1942 2945 notas
1974 2881 2417 2961 chronologicas
2456 2882 2636 2962 hujus
2672 2883 2953 2960 epistolae
2990 2900 3064 2946 ex
3091 2885 3408 2961 exemplari
3432 2884 3864 2963 arehieplscopo
3889 2886 4048 2946 Tm-

1465 2991 1699 3050 verensl
1724 2989 1968 3064 directo,
1996 2990 2324 3050 inserimus.
2342 2986 2655 3049 Variantes
2678 2990 2852 3049 simul
2881 2994 2943 3050 et
2968 2992 3220 3068 aptiores
3236 2991 3513 3052 lectiones
3533 2993 3688 3052 Inter
3710 2987 4048 3070 oon-{qando

1466 3096 1710 3156 sedulus
1732 3095 1909 3154 lector
1936 3095 2246 3172 requitat.)

1327 3254 1776 3344 Fredericus,
1828 3252 1954 3324 Dei
1994 3253 2252 3346 gratia,
2307 3261 2440 3325 etc.
2494 3254 2671 3327 Ecce
2724 3255 3014 3328 facimus
3059 3255 3449 3330 universale
3488 3260 3816 3352 verbum,
3871 3267 4040 3350 etc„

1229 3402 1436 3473 usque
1492 3378 1584 3448 ad
1627 3375 1787 3448 fidei
1841 3384 1959 3448 tue
2011 3376 2248 3447 titulus
2300 3377 2690 3449 extollatur.
2749 3379 3058 3452 Preterea
3102 3380 3547 3454 sollicitamus
3587 3391 3657 3455 et
3696 3382 4051 3456 hortamur

1231 3513 1490 3576 attente
1541 3498 2219 3594 circumspectionem
2276 3510 2465 3571 tuam
2526 3510 2869 3594 quatenus
2914 3504 3120 3595 juxta
3171 3513 3475 3578 tenorem
3531 3507 3820 3578 aliarum
3867 3507 4049 3580 litte·

1230 3651 1463 3702 rarum
1508 3635 1576 3699 te
1611 3646 1961 3721 prepares‚
1993 3624 2195 3696 nobis
2219 3625 2292 3696 in
2328 3625 2649 3718 proximo
2679 3626 3117 3699 venientibus
3160 3627 3254 3702 ad
3285 3639 3512 3723 partes
3546 3630 3701 3702 Fori
3733 3631 3894 3703 Iulii
3929 3651 4052 3704 oc-

1235 3772 1606 3842 cursurus,
1657 3748 1748 3821 de
1787 3748 1967 3820 felici
2005 3749 2311 3821 adventu
2352 3757 2585 3820 nostro
2626 3750 3017 3823 nullatenus
3048 3750 3459 3825 dubitande.

1328 3875 1578 3945 Datum
1610 3871 1801 3966 apud
1836 3871 2182 3963 Barolum,
2224 3871 2503 3944 XXVIII
2530 3872 2853 3965 januarii,
2891 3875 3036 3947 VIII
3073 3873 3473 3949 indictione.

2908 4145 3176 4154 -·-—-—-
3192 4146 3550 4158 ..-Μ-...ς

887 4406 1112 4503 goffia,
1335 4376 1764 4461 Fridericus
1787 4435 1811 4481 ,
1869 4374 2385 4458 Romanorum
2442 4373 2891 4483 imperator,
2944 4374 3305 4485 Gregorio
3355 4402 3598 4486 papae
3660 4380 3917 4464 scribit
3971 4408 4057 4466 se

943 4514 1065 4556 ²²³⁵·
1232 4535 1531 4618 semper
1595 4510 1692 4591 ad
1747 4506 2265 4589 defensionem
2318 4504 2697 4587 Ecclesiae
2748 4514 3101 4614 paratum
3155 4533 3319 4591 esse
3334 4570 3357 4615 ,
3407 4509 3905 4623 hortaturque
3955 4541 4055 4598 ne

1230 4668 1498 4753 pacem
1534 4642 1791 4724 minus
1826 4639 2310 4723 commodam
2354 4647 2661 4747 propter
2715 4663 2937 4721 suam
2973 4639 3395 4725 absentiam
3428 4645 3857 4729 concludat.
