4842 5802
845 2688 1079 2797 snm..

782 2796 837 2839 u
865 2796 1141 2851 septembris.

901 4481 1029 4536 Apud

813 4537 1088 4589 Wimpinam
1101 4564 1114 4586 ‚

780 4593 838 4635 25
870 4590 1147 4644 neptunum.

1178 646 1304 709 584
2228 654 2570 715 namurci
2619 654 2959 717 snr'rtm
3628 664 3789 749 [An.
3826 668 4008 730 1232.

1178 780 1576 856 advocatias
1606 785 1952 857 curiarum
1983 788 2306 880 ecclesie,
2351 789 2676 862 videlicet
2697 791 3029 881 Gartacb,
3066 793 3481 888 Westheim,
3519 798 4008 876 Retbencheim

1179 913 1254 977 et
1287 907 1810 1001 Hancoshuseu,
1850 932 1893 983 a
1929 911 2130 983 nobis
2159 921 2229 984 et
2262 913 2548 1007 imperio
2581 913 3038 1005 venditioniS,
3071 917 3562 995 infeudationis
3597 925 3709 997 vel
3745 925 4008 1020 obliga-

1179 1028 1385 1101 tionis
1421 1031 1617 1103 titulo
1645 1033 1941 1106 alienare
1978 1036 2318 1129 possimus
2340 1036 2453 1108 vel
2489 1035 2868 1109 debeamus
2898 1048 3021 1111 aut
3054 1040 3261 1113 etiam
3297 1043 3507 1116 alicui
3538 1047 3835 1141 elargiri,
3870 1072 4008 1123 non

1182 1151 1366 1247 (nec)
1393 1153 1467 1224 in
1498 1156 1899 1229 concambio
1932 1179 2057 1253 pro
2090 1159 2637 1254 possessionibus
2661 1160 2818 1232 aliis
2845 1170 3324 1238 transmutare.
3362 1165 3776 1244 Mandamus
3801 1173 4009 1266 igitur

1184 1284 1255 1347 et
1284 1277 1419 1347 sub
1459 1277 2004 1353 interminatione
2031 1283 2250 1373 gratie
2275 1292 2505 1354 nostre
2526 1281 2913 1358 firmissime
2937 1288 3359 1384 precipimus
3387 1294 3673 1368 utnulla
3698 1317 4004 1390 uuquam

1184 1420 1476 1491 persona
1512 1400 1795 1474 humilis
1832 1405 1943 1478 vel
1987 1405 2161 1497 alta,
2209 1406 2663 1479 ecclesiastica
2708 1409 2825 1480 vel
2871 1410 3260 1504 mundana,
3312 1425 3549 1489 contra
3592 1418 4002 1512 prelibatum

1180 1520 1702 1597 laudamentum
1730 1537 1800 1600 et
1827 1529 2345 1623 promissionem
2388 1542 2689 1603 nostram
2714 1532 2954 1605 venire
2978 1533 3239 1608 audeat
3270 1546 3392 1609 aut
3424 1539 3717 1631 alicujus
3744 1541 4000 1635 ingenii

1181 1646 1508 1740 scrupulo
1561 1648 1951 1723 immutare.
2014 1652 2220 1737 Quod
2275 1654 2397 1748 qui
2452 1655 2674 1726 facere
2724 1658 3248 1751 presumpserit,
3294 1660 3837 1756 indignationem
3874 1677 4006 1740 tre-

1181 1768 1420 1840 mendi
1468 1771 1725 1862 judicis
1766 1784 2132 1869 nostreque
2167 1777 2597 1850 celsitudinis
2647 1778 3125 1872 gravissimam
3168 1782 3497 1855 offensam
3536 1786 4005 1862 indubitanter

1178 1912 1254 1963 se
1287 1894 1560 1965 noverit
1597 1896 2058 1970 incursurum.

1278 2014 1524 2088 Actum
1563 2020 1754 2113 apud
1772 2021 2190 2118 Wimpinam
2206 2077 2226 2115 ,
2256 2045 2441 2097 anno
2463 2023 2809 2097 dominice
2843 2024 3330 2099 incarnationis
3356 2029 3488 2099 M*
3507 2029 3678 2101 CC¹⁸⁰
3692 2034 3998 2127 XXXIP',

1184 2139 1428 2231 quinto
1462 2140 1622 2214 idus
1650 2145 2088 2239 septembriS,
2129 2147 2505 2220 indictione
2535 2158 2758 2221 sexta.

1287 2673 1658 2758 Henricus
1685 2736 1711 2782 ,
1785 2674 2307 2757 Romanorum
2379 2702 2513 2758 rex
2536 2736 2561 2783 ,
2636 2688 2884 2759 ratam
2963 2680 3196 2764 habet
3263 2683 3753 2769 donationem
3823 2689 4007 2774 boni

1182 2805 1587 2916 cujusdam
1662 2807 1868 2915 apud
1937 2806 2358 2890 Eschinber
2427 2833 2521 2890 ex
2583 2822 2797 2918 parte
2849 2810 3225 2896 Ludewioi
3291 2815 3389 2897 de
3449 2818 4007 2928 Wangenheim

1186 2940 1648 3023 monasterio
1692 2937 1931 3020 Vallis
1978 2939 2233 3022 Sancti
2281 2941 2586 3051 Georgii
2628 2940 2938 3024 factam.

1353 3148 1693 3229 (Memorat.
1727 3166 1827 3227 ap.
1876 3149 2210 3224 Bonum,
2242 3152 2462 3233 Περσεῖ.
2509 3154 2751 3233 imper„
2781 3172 2840 3232 p.
2893 3163 3009 3215 242
3030 3199 3049 3232 ,
3078 3164 3146 3217 η’
3182 3165 3335 3233 276,
3379 3175 3457 3219 ex
3488 3163 3810 3239 exemplari
3845 3166 4009 3243 quod

1423 3256 1794 3333 transcripslt
1815 3255 1998 3316 flesse
2027 3258 2089 3316 ln
2122 3253 2471 3338 Cap-’albuch
2496 3259 2566 3321 S.
2602 3257 2986 3340 Georqevttlml
3007 3261 3082 3321 de
3104 3278 3264 3323 anno
3295 3271 3471 3340 1380,
3500 3265 3604 3328 fol.
3635 3266 3763 3348 4ο.)

1284 3443 1509 3533 Hujus
1551 3440 1655 3513 rei
1687 3449 1895 3513 testes
1937 3451 2101 3514 sunt
2133 3469 2152 3513 ε
2199 3443 2535 3517 Henricus
2569 3443 2659 3517 de
2692 3445 3218 3541 Schwartzberg
3236 3501 3256 3537 ,
3297 3446 3692 3525 Guntberus
3733 3453 3824 3526 de
3856 3455 4007 3526 Ke-

1185 3566 1571 3659 vernburg,
1605 3563 1927 3637 Albertus
1951 3563 2044 3636 de
2075 3566 2280 3660 Wye,
2319 3567 2772 3641 Meinbardus
2797 3569 2889 3642 de
2921 3569 3237 3644 Tundorf
3263 3573 3576 3667 comites,
3615 3574 4009 3652 Ludevicus

1183 3688 1279 3762 de
1314 3688 1837 3779 Frankenstein,
1874 3697 2007 3761 etc.

1284 3814 1534 3884 Datum
1596 3810 1787 3906 apud
1838 3812 2167 3884 Swinfort
2214 3811 2357 3909 (l),
2403 3835 2589 3887 anno
2629 3814 2974 3891 dominice
3029 3820 3523 3896 incarnationis
3554 3822 4001 3912 MCCXXXII,

1193 3934 1409 4008 XVIII
1446 3933 1782 4007 kalendas
1816 3935 2154 4028 octobris,
2196 3936 2573 4011 indictione
2605 3949 2829 4012 sexta.

3290 4260 3580 4271 —————

1302 4466 1671 4553 Henricus
1687 4531 1711 4577 ,
1768 4467 2292 4551 Romanorum
2343 4496 2514 4575 rex,
2558 4497 2695 4581 per
2736 4498 3013 4559 manus
3066 4477 3364 4561 comitis
3415 4479 3866 4564 Hartmanni
3918 4484 4016 4565 de

1266 4729 1344 4804 (l)
1382 4731 1591 4791 Scilicet
1615 4734 1984 4810 Schwcinfurt
2006 4751 2171 4809 super
2195 4736 2465 4796 Moenum.
