4842 5802
1146 636 1268 698 860
2138 643 2568 707 rmnnmct
2618 642 2965 704 sucumm
3591 644 3747 727 [Anu.
3785 645 3956 707 mse.

1154 796 1499 847 naremur.
1580 778 1902 851 volentes
1976 780 2186 873 igitur
2268 779 2733 875 predictorum
2804 778 3361 874 cappellanorum
3432 789 3820 851 nostrorum
3893 789 3962 854 et

1149 900 1459 993 cappello
1494 922 1633 994 que
1665 923 1707 973 a
1757 902 1942 973 divis
1989 904 2239 975 nostris
2280 903 2836 997 progenitoribus
2867 912 2973 975 est
3007 902 3317 992 fundata,
3362 903 3960 976 commoditatibus

1147 1022 1548 1119 providere,
1600 1025 1905 1119 ipsorum
1945 1025 2190 1098 decani
2224 1036 2293 1099 et
2326 1026 2604 1120 capituli
2638 1026 2925 1121 predicti
2966 1027 3286 1120 precibus
3333 1026 3795 1099 favorabiliter
3829 1050 3956 1098 an-

1150 1156 1471 1236 nuentes,
1525 1148 1711 1242 ipsos
1755 1149 2195 1243 cappellanos
2238 1160 2308 1222 et
2345 1150 2721 1244 cappellam
2768 1150 2996 1222 Sancti
3046 1150 3347 1221 Servacii
3402 1170 3561 1220 cum
3616 1149 3960 1225 universis

1147 1270 1584 1359 hominibus,
1625 1273 1824 1343 bonis
1869 1282 1938 1346 et
1956 1273 2230 1363 jar-ibus
2260 1273 2750 1367 temporalibus
2780 1294 2920 1366 que
2952 1272 3151 1345 nobis
3197 1282 3268 1346 et
3300 1272 3586 1367 imperio
3618 1282 3951 1367 spectant,

1147 1395 1547 1469 deffensioni
1583 1406 1700 1467 tue
1748 1395 2084 1468 duximus
2123 1396 2648 1484 committenda3
2702 1395 3109 1467 mandantes
3154 1394 3504 1468 devotioni
3543 1404 3660 1468 tue
3696 1406 3765 1468 et
3799 1418 3954 1492 pre·

1146 1518 1478 1613 cipientes
1514 1520 1841 1613 quatinus
1873 1521 2073 1611 juxta
2093 1521 2268 1611 juris
2304 1520 2403 1590 tui
2437 1517 2746 1591 debitum
2782 1517 3007 1590 eidem
3045 1519 3352 1612 cappelle
3383 1519 3456 1590 in
3487 1520 3956 1615 spiritualibus

1143 1642 1541 1736 provideaS,
1578 1653 1946 1745 nostraque
1984 1643 2472 1714 nichilominus
2498 1643 2898 1715 auctoritate
2932 1641 3240 1732 eosdem,
3294 1643 3672 1738 cappellam
3709 1652 3779 1715 et
3826 1643 3955 1738 ipsi

1144 1766 1453 1861 cappelle
1486 1766 1896 1861 pertinentia
1933 1766 2336 1839 deffendens
2366 1764 2520 1858 (sic)
2554 1765 2643 1837 ab
2676 1765 3047 1837 insultibus
3084 1767 3564 1860 malignorum,
3597 1776 3674 1838 ut
3706 1765 3798 1839 ad
3828 1787 3955 1839 nos

1142 1911 1267 1986 pro
1299 1889 1594 1962 deffectu
1629 1890 1906 1982 justicie
1941 1910 2288 1961 recurrere
2317 1911 2457 1961 non
2496 1897 2850 1981 cogantur.

1236 2015 1487 2084 Datum
1523 2013 1710 2108 apud
1744 2012 2190 2101 Wisebaden,
2228 2012 2440 2084 XVIII
2470 2011 2706 2101 madii,
2742 2032 2921 2084 none
2948 2010 3364 2084 indictionis.

756 2641 1052 2701 mamea,
1241 2606 1666 2689 Fridericus
1691 2666 1715 2712 ,
1774 2605 2211 2712 imperator,
2264 2603 2617 2687 abbatem
2671 2616 2745 2686 et
2806 2617 3261 2688 conventum
3315 2607 3411 2689 de
3463 2604 3948 2689 Heisterbach

1140 2739 1651 2822 Cisterciensis
1686 2738 1975 2821 ordinis
2014 2737 2158 2819 sub
2194 2763 2331 2819 sua
2368 2750 2445 2820 et
2478 2737 2774 2845 imperii
2812 2737 3115 2845 speciali
3157 2740 3620 2846 protectione
3655 2741 3943 2849 recipit.

1305 2955 1535 3032 (Edidit
1557 2955 1945 3027 Laconum,
1984 2951 2353 3015 Urkundenb.
2368 2952 2490 3032 fiir
2522 2952 2614 3013 dio
2649 2952 2839 3015 Gesclz.
2868 2951 2964 3014 des
2991 2953 3324 3032 Niederrlz„
3353 2973 3465 3015 zw.
3497 2955 3685 3033 band,
3714 2974 3776 3032 p.
3812 2967 3946 3030 108,

1377 3071 1445 3120 n⁰
1474 3069 1621 3134 2063
1651 3078 1727 3120 ex
1755 3059 1904 3120 libro
1935 3061 2144 3137 copiall
2173 3077 2290 3120 sec.
2323 3060 2498 3121 XVII
2527 3068 2767 3122 exarato
2793 3077 2890 3138 ap.
2920 3061 3289 3135 Dusseldorf,
3323 3060 3422 3120 sol.
3458 3062 3577 3136 12.)

1239 3244 1670 3333 Fredericus‚
1713 3245 1834 3316 Dei
1877 3246 2099 3338 gratia
2131 3247 2595 3318 Romanorum
2625 3246 2992 3340 imperator
3025 3267 3296 3340 semper
3339 3255 3718 3338 augustus,
3753 3249 3951 3320 Jeru-

1138 3370 1353 3442 salem
1382 3379 1451 3439 et
1483 3368 1715 3440 Sicilie
1748 3390 1905 3441 rex.
1950 3370 2077 3440 Per
2108 3391 2389 3463 presens
2416 3371 2743 3464 scriptum
2785 3379 3020 3443 notum
3060 3369 3210 3443 fieri
3249 3370 3570 3442 volumus
3607 3372 3949 3444 universis

1137 3493 1460 3566 fidelibus
1503 3493 1750 3564 nostris
1801 3493 2072 3588 imperii
2111 3503 2245 3566 tam
2292 3494 2723 3589 presentibus
2753 3516 2964 3588 quam
3009 3494 3256 3565 futuris
3301 3494 3495 3587 quod
3537 3494 3949 3566 venerabilis

1138 3618 1356 3690 abbas
1384 3626 1450 3690 et
1479 3626 1858 3691 conventus
1888 3618 2282 3690 monasterii
2310 3617 2397 3689 de
2431 3617 2881 3708 Heistirbach,
2904 3618 3362 3690 cisterciensis
3394 3618 3684 3708 ordinis,
3713 3615 3950 3691 fideles

1138 3741 1374 3830 nostri,
1416 3739 1750 3831 majestati
1789 3748 2018 3811 nostre
2048 3739 2398 3810 humiliter
2439 3740 2914 3833 supplicarunt
2956 3748 3033 3811 ut
3084 3750 3223 3813 tam
3270 3741 3459 3835 ipsos
3506 3762 3718 3834 quam
3767 3742 3948 3812 bona

1136 3863 1527 3937 monasterii
1585 3863 1895 3955 ejusdem
1939 3863 2069 3935 sub
2112 3873 2341 3936 nostra
2389 3873 2461 3935 et
2512 3865 2779 3956 imperii
2829 3865 3251 3959 protectione
3307 3865 3397 3937 de
3449 3866 3664 3957 gratia
3714 3876 3947 3937 nostra

1136 3989 1442 4083 recipere
1475 3987 1943 4078 dignaremur.
1983 3986 2123 4059 Nos
2161 3987 2372 4079 igitur
2403 3988 3019 4082 supplicationibus
3051 3988 3529 4079 suisbenigne
3566 3998 3636 4059 et
3664 3991 3947 4060 favora-

1135 4113 1359 4185 biliter
1405 4111 1741 4201 inclinati,
1799 4110 2018 4183 dictos
2069 4111 2388 4183 abbatem
2424 4122 2495 4183 et
2542 4121 2957 4185 conventum
2995 4111 3233 4184 fideles
3272 4122 3537 4184 nostros
3586 4120 3654 4182 et
3709 4132 3946 4183 mona-

1136 4237 1419 4310 sterium
1469 4237 1696 4330 ipsum
1729 4258 1886 4307 cum
1932 4236 2251 4308 omnibus
2284 4237 2485 4308 bonis
2523 4237 2668 4309 suis
2710 4260 2850 4330 que
2889 4239 2960 4308 in
2999 4237 3495 4331 presentiarum
3525 4236 3712 4326 juste
3762 4243 3946 4306 tenet

1135 4371 1205 4435 et
1239 4361 1544 4458 possidet
1580 4369 1648 4433 et
1691 4382 1829 4454 que
1876 4360 1947 4430 in
1987 4370 2194 4454 ‚antea
2225 4360 2414 4451 justo
2471 4361 2663 4432 titulo
2706 4361 2958 4456 poterit
2987 4360 3316 4454 adipisci,
3352 4359 3484 4431 sub
3527 4359 3947 4451 protectione

1136 4494 1365 4556 nostra
1396 4491 1465 4555 et
1499 4483 1768 4578 imperii
1806 4483 2190 4577 recepimus
2224 4483 2528 4576 speciali.
2564 4484 2983 4555 Presentium
3021 4483 3228 4577 igitur
3272 4493 3502 4555 tenore
3536 4482 3946 4554 mandamus

1137 4607 1419 4680 firmiter
1473 4606 1864 4678 inhibentes
1912 4606 2239 4699 quatinus
2298 4608 2529 4677 nullus
2596 4608 2683 4678 sit
2734 4609 2853 4701 qui
2913 4610 3208 4700 prefatos
3271 4607 3587 4679 abbatem
3649 4615 3718 4679 et
3773 4627 3944 4679 oon-

1136 4738 1422 4802 ventum
1466 4729 1703 4804 fideles
1744 4739 2008 4804 nostros
2058 4751 2141 4802 ac
2178 4730 2404 4823 ipsum
2438 4730 2925 4803 monasterium
2969 4740 3203 4803 contra
3252 4731 3371 4821 huj
3382 4752 3463 4803 us
3511 4729 3947 4826 protectionis
