4842 5802
1158 619 1278 680 '148
2150 614 2576 674 rmnssmct
2626 615 2968 676 SECUNDI
3596 617 3763 695 [Asu.
3802 619 3970 679 1235.

1163 765 1232 826 et
1257 752 1391 823 nisi
1420 751 1510 824 de
1543 750 1772 822 causis
1802 749 2172 840 maximis3
2228 749 2694 845 predictarum
2727 751 2983 823 etenim
3020 749 3517 824 discussionem
3548 761 3618 824 et
3630 751 3974 842 judicium

1162 886 1389 949 nostre
1412 873 1802 946 celsitudini
1841 894 2300 945 reservamus.
2341 873 2469 945 Hic
2488 872 2716 963 judex
2747 874 3070 947 terminos
3097 875 3249 946 sive
3289 873 3442 947 dies
3468 875 3542 946 in
3576 875 3711 947 illis
3737 874 3977 948 arduis

1158 999 1385 1072 causis
1419 996 1961 1089 eorumdemque
1989 995 2080 1067 ad
2116 996 2588 1091 imperatorem
2614 997 2718 1092 (a)
2750 1005 3058 1092 spectant
3085 1017 3225 1069 non
3259 996 3546 1092 prefiget
3566 999 3717 1070 sine
3741 1008 3974 1071 nostro

1159 1121 1437 1216 speciali
1468 1119 1819 1191 mandato.
1861 1119 2039 1191 Reos
2073 1140 2211 1190 non
2238 1118 2618 1212 proscribet
2652 1139 2782 1191 nec
2819 1141 2862 1191 a
2910 1119 3407 1215 proscriptione
3449 1121 3797 1205 absolvet;
3847 1123 3974 1193 hec

1160 1265 1462 1338 namque
1488 1242 1875 1314 auctoritati
1903 1251 2133 1314 nostre
2152 1252 2221 1314 et
2251 1241 2659 1314 excellentie
2692 1263 3155 1316 reservamus.
3196 1241 3481 1315 Etidem
3492 1244 3754 1333 jurabit
3784 1245 3973 1338 quod

1161 1365 1374 1439 nichil
1409 1365 1701 1460 accipiet
1729 1386 1858 1461 pro
1877 1364 2167 1457 judicio,
2206 1365 2374 1459 quia
2410 1387 2540 1438 nec
2583 1386 2819 1437 amore
2840 1386 2971 1438 nec
2994 1364 3156 1438 odio
3191 1387 3320 1437 nec
3350 1387 3551 1461 prece
3587 1388 3715 1438 nec
3750 1368 3972 1463 pretio

1155 1512 1284 1564 nec
1309 1489 1552 1562 timore
1585 1511 1715 1561 nec
1745 1489 1965 1582 gratia
2005 1510 2132 1561 nec
2165 1489 2295 1560 alia
2332 1510 2777 1582 quacumque
2802 1486 2894 1561 de
2926 1509 3136 1560 causa
3159 1490 3504 1580 judicabit
3533 1490 3728 1562 aliter
3761 1512 3970 1584 quam

1145 1617 1409 1707 justum
1432 1613 1605 1685 sciat
1636 1614 1748 1685 vel
1781 1612 2015 1685 credat
2031 1610 2414 1685 secundum
2445 1611 2931 1683 conscientiam
2957 1634 3181 1701 suam,
3222 1612 3409 1685 bona
3444 1610 3585 1685 fide
3607 1613 3756 1685 sine
3781 1615 3969 1685 omni

1154 1734 1400 1808 fraude
1435 1745 1504 1808 et
1541 1736 1722 1809 dolo.
1761 1733 2004 1807 Eidem
2032 1735 2446 1807 dimittimus
2480 1745 2551 1806 et
2592 1735 3024 1828 assignamus
3052 1740 3211 1829 jura
3244 1755 3384 1830 que
3417 1756 3512 1807 ex
3542 1735 3971 1809 absolutione

1152 1860 1680 1954 proscriptorum
1709 1858 2152 1955 provenerint
2185 1880 2325 1951 que
2358 1859 2570 1952 vulgo
2606 1857 2933 1930 dicuntur
2948 1868 3189 1949 wette,
3212 1879 3449 1931 eorum
3481 1857 3847 1931 dumtaxat
3871 1859 3968 1953 (b)

1147 2005 1442 2077 quorum
1478 2004 1683 2054 cause
1735 2004 1964 2055 coram
2003 2003 2086 2055 eo
2119 1990 2405 2055 tractate
2437 1991 2600 2053 sunt
2637 1990 2715 2054 ut
2744 1982 3271 2054 benevolentius
3295 1981 3560 2074 judicet
3590 1992 3661 2054 et
3705 2004 3748 2054 a
3780 1982 3968 2053 nullo

1150 2127 1435 2178 numera
1460 2104 1784 2199 recipiat;
1836 2127 2045 2200 quam
2082 2127 2334 2201 penam
2372 2106 2634 2177 nemini
2667 2105 3031 2197 relaxabit,
3069 2118 3147 2177 ut
3179 2105 3494 2178 homines
3521 2105 3968 2202 proscriptio-

1149 2251 1306 2300 nem
1343 2230 1571 2323 potius
1605 2229 1915 2300 timeant.
1961 2228 2150 2301 Idem
2190 2227 2472 2300 babebit
2524 2228 2867 2300 notarium
2915 2229 3284 2324 specialem
3320 2230 3443 2324 qui
3477 2229 3754 2302 nomina
3793 2251 3967 2324 pro-

1147 2353 1550 2447 scriptorum
1586 2354 1839 2424 scribet
1870 2363 1941 2425 et
1972 2361 2280 2425 actorum
2318 2361 2387 2423 et
2420 2373 2700 2424 causam
2718 2352 2737 2422 i
2744 2374 2936 2446 psam
2963 2354 3114 2426 sive
3150 2354 3499 2447 querelam
3530 2361 3600 2425 et
3621 2353 3804 2426 diem
3826 2375 3967 2447 quo

1147 2477 1624 2570 proscriptioni
1670 2478 2149 2566 involventur;
2202 2476 2364 2548 item
2408 2476 2687 2550 nomina
2731 2476 3200 2550 absolutorum
3258 2501 3298 2549 a
3358 2478 3852 2571 proscriptione
3898 2487 3968 2549 et

1145 2601 1393 2670 actoris
1438 2610 1714 2694 propter
1757 2622 1964 2693 quem
2012 2600 2373 2694 proscripti
2414 2601 2727 2689 fuerunt,
2795 2622 3077 2674 causam
3121 2609 3190 2672 et
3238 2600 3424 2673 diem
3473 2601 3958 2691 absolutioni3‚

1147 2720 1631 2812 fidejussorum
1657 2722 1951 2794 absoluti
1983 2722 2300 2813 nomina,
2337 2723 2460 2816 qui
2483 2723 2622 2793 sint
2641 2733 2710 2794 et
2736 2722 2928 2796 unde
2952 2723 3123 2812 sint,
3171 2723 3324 2795 sive
3350 2724 3551 2795 aliam
3578 2726 3965 2797 cautionem

1144 2867 1356 2938 quam
1387 2854 1641 2940 prestat
1664 2843 2132 2918 absolvendus
2152 2847 2356 2937 juxta
2391 2844 2960 2919 consuetudinem
2988 2854 3322 2918 terrarum
3360 2867 3483 2940 pro
3509 2846 3966 2920 satisfactione

1145 2968 1587 3061 querelantiS.
1638 2966 1829 3040 Idem
1872 2968 2156 3062 recipiet
2198 2967 2456 3039 litteras
2498 2968 2922 3040 continentes
2955 2971 3271 3060 querelas
3310 2978 3377 3039 et
3402 2968 3729 3040 servabit.
3775 2969 3963 3040 Idem

1150 3092 1411 3162 nullam
1436 3091 1640 3162 aliam
1668 3112 1900 3162 curam
1928 3092 2371 3184 negociorum
2398 3092 2591 3163 curie
2608 3091 2912 3163 habebit.
2938 3091 3130 3163 Idem
3152 3091 3404 3163 scribet
3429 3092 3706 3164 nomina
3726 3112 3963 3163 eorum

1152 3214 1273 3307 qui
1327 3222 1739 3286 accusantur
1782 3215 1897 3286 vel
1948 3214 2454 3287 denunciantur
2494 3224 2819 3307 tanquam
2872 3214 3103 3287 nocivi
3155 3224 3368 3301 terre,
3417 3223 3487 3285 et
3512 3213 3862 3284 infamiam
3897 3224 3966 3285 et
4014 3253 4017 3254 f

1149 3358 1385 3409 eorum
1425 3333 1703 3410 nomina
1748 3336 2036 3432 quando
2083 3360 2125 3409 a
2176 3338 2570 3432 suspicione
2618 3338 3072 3410 absolvuntur
3117 3337 3400 3411 delebit.
3470 3336 3661 3409 Idem
3716 3337 3966 3409 scribet

1150 3483 1391 3534 omnes
1415 3462 1786 3534 sententias
1810 3483 2040 3534 coram
2071 3461 2273 3534 nobis
2299 3463 2371 3533 in
2403 3461 2777 3553 majoribus
2807 3461 3032 3535 causis
3066 3461 3417 3550 inventas,
3456 3460 3762 3532 maxime
3798 3482 3962 3532 con-

1150 3583 1544 3657 tradictorio
1576 3586 1844 3676 judicio
1889 3586 2238 3674 obtentaS,
2297 3607 2436 3678 que
2475 3586 2689 3677 vulgo
2736 3586 3059 3658 dicuntur
3109 3586 3450 3674 gesamint
3491 3585 3729 3674 urteil,
3786 3585 3961 3654 utin

1151 3716 1498 3804 posterum
1526 3709 1598 3778 in
1626 3709 1900 3781 casibus
1927 3708 2267 3780 similibus
2298 3709 2716 3802 ambiguitas
2749 3708 3212 3799 rescindatur,
3259 3729 3590 3803 expressa
3630 3720 3809 3778 terra
3844 3729 3963 3780 se-

1150 3832 1457 3905 cundum
1500 3833 2070 3907 consuetudinem
2103 3835 2300 3925 cujus
2330 3833 2815 3904 sententiatum
2843 3834 2994 3905 erit.
3036 3831 3227 3905 Idem
3269 3833 3398 3904 erit
3436 3833 3655 3903 laicus
3689 3840 3962 3924 propter

1149 3957 1522 4030 sententias
1556 3957 1974 4049 sanguinum
2027 3978 2204 4051 quas
2253 3956 2503 4028 clerico
2546 3957 2845 4028 scribere
2885 3976 3022 4026 non
3066 3956 3258 4043 licet,
3313 3967 3386 4025 et
3436 3964 3739 4046 preterea
3776 3962 3855 4023 ut
3899 3953 3958 4023 si

1150 4080 1491 4173 delinquit
1522 4080 1593 4148 in
1630 4080 1855 4151 officio
1872 4099 2025 4167 suo,
2069 4099 2248 4174 pena
2282 4078 2513 4150 debita
2550 4079 2896 4172 puniatur.
2934 4080 3100 4149 Item
3133 4078 3597 4166 juramentum
3634 4071 3963 4168 prestabit

1151 4226 1310 4276 secu
1321 4202 1537 4275 ndum
1564 4204 1846 4274 formam
1865 4203 2240 4294 juramenti
2266 4204 2559 4295 qualiter
2575 4201 2669 4298 (c)
2692 4202 3117 4293 justiciarius
3150 4202 3335 4289 facit,
3364 4212 3432 4272 et
3455 4199 3646 4293 quod
3670 4197 3961 4270 fideliter

3795 4394 3951 4406 ...α-

1233 4511 1316 4589 (a)
1359 4513 1521 4573 Alias
1546 4509 1859 4590 adipsum.

1234 4617 1313 4696 (b)
1357 4619 1523 4679 Alias
1549 4614 1768 4676 eosdem
1794 4622 1996 4687 taxat,
2027 4617 2195 4676 male.

1224 4726 1293 4803 (c)
1334 4727 1447 4802 Ap.
1485 4724 1671 4784 Boset·
1695 4720 1867 4802 quod.
