4842 5802
880 624 1070 685 tunm.
1100 620 1188 704 6.]
1788 615 2177 677 HISTORIA
2225 616 2811 680 mPLouA'rch.
3583 613 3701 677 601

882 757 1087 831 salem
1125 763 1195 827 et
1223 751 1457 826 Sicilie
1481 749 1667 844 regi,
1709 760 1779 822 et
1807 750 2007 823 nobis
2035 752 2302 826 dudum
2335 752 2659 825 exhibuit
2682 762 2752 826 et
2787 753 3203 825 incessanter
3225 752 3475 843 satagit
3495 751 3696 824 exhi-

883 879 1078 969 bere,
1114 884 1469 974 sperantes
1502 875 1788 969 insuper
1822 874 1914 947 ab
1960 895 2044 948 eo
2080 875 2385 969 recipere
2429 876 2751 968 gratiora,
2810 875 2899 949 de
2949 877 3179 948 innata
3215 875 3431 969 gratia
3466 883 3696 947 nostra

882 1001 1387 1075 concefflionem
1411 1006 1480 1072 et
1515 996 1956 1071 donationem
1983 996 2319 1092 quamdiu
2347 999 2606 1073 vixerit
2630 1000 2937 1072 omnium
2963 1008 3421 1094 proventuum
3438 1052 3458 1091 ,
3489 999 3703 1091 juris-

884 1124 1261 1199 dictionum
1286 1131 1357 1197 et
1382 1122 1819 1217 justiciarum
1845 1120 2156 1194 omnium
2181 1122 2556 1196 Judeorum
2600 1122 2999 1217 degentium
3031 1132 3102 1194 et
3128 1121 3585 1196 habitantium
3629 1124 3704 1195 in

883 1249 1253 1344 Ratispona
1288 1268 1449 1320 cum
1479 1245 1670 1318 omni
1714 1247 1875 1338 jure
1922 1254 1991 1316 et
2033 1245 2455 1339 integritate,
2492 1246 3080 1340 quemadmodum
3132 1245 3226 1318 ad
3289 1255 3589 1319 nostram
3636 1258 3706 1320 et

885 1371 1153 1467 imperii
1182 1391 1530 1443 cameram
1554 1377 1864 1464 spectare
1894 1378 2303 1460 noscuntur,
2354 1377 2619 1463 gratam
2649 1379 2866 1441 ratam
2899 1370 3236 1442 habemus
3279 1380 3349 1442 et
3384 1368 3650 1442 firmam
3677 1397 3698 1461 3

885 1494 1304 1590 presentium
1347 1492 1752 1566 auctoritate
1803 1491 2212 1566 mandantes
2257 1502 2602 1587 quatenus
2648 1492 2970 1566 ammodo
3016 1494 3207 1565 nulla
3253 1515 3543 1588 persona
3584 1516 3707 1566 su-

886 1618 1117 1692 blimis
1148 1617 1262 1691 vel
1292 1616 1606 1705 humilis,
1633 1615 2097 1688 ecclesiastica
2120 1617 2232 1689 vel
2255 1615 2645 1706 mundana,
2685 1624 2920 1688 contra
2948 1615 3279 1711 presentis
3320 1615 3709 1689 donationis

892 1750 962 1816 et
990 1740 1449 1814 concessionis
1483 1747 1713 1812 nostre
1748 1739 2073 1834 paginam
2106 1739 2343 1813 venire
2374 1748 2749 1836 presumat.
2795 1739 2999 1825 Quod
3037 1741 3158 1834 qui
3189 1743 3702 1837 presumpserit,

896 1873 1121 1961 preter
1143 1863 1477 1937 offensam
1502 1871 1735 1934 nostre
1767 1862 2109 1954 majestati
2138 1862 2428 1952 illatam,
2465 1863 2593 1934 XX
2639 1862 2848 1934 libras
2882 1864 3031 1936 auri
3069 1864 3225 1958 puri
3261 1885 3337 1936 se
3372 1865 3711 1960 composi-

894 2000 1122 2061 turum
1163 1994 1516 2082 agnoscat.
1566 1986 1879 2071 Quarum
1922 1985 2256 2058 medietas
2294 2007 2565 2059 camere
2607 1998 2837 2058 nostre
2875 1996 2944 2059 et
2990 1987 3252 2080 reliqua
3298 1987 3472 2082 parti
3512 2011 3711 2084 passe

893 2111 1216 2205 injuriam
1265 2110 1712 2204 persolvetur.
1766 2107 1877 2180 Ad
1933 2110 2143 2201 hujus
2196 2109 2431 2203 itaque
2484 2109 2924 2204 gratitudinis
2970 2120 3041 2183 et
3095 2112 3223 2183 rati
3273 2113 3702 2201 memoriam,

896 2245 1278 2332 presentem
1330 2234 1626 2306 litteram
1680 2232 2017 2305 conscribi
2071 2243 2141 2305 et
2192 2232 2570 2325 majestatis
2622 2242 2851 2305 nostre
2898 2233 3124 2327 sigillo
3157 2234 3495 2325 Jussimus
3524 2257 3711 2308 com-

897 2360 1168 2432 muniri.

990 2468 1213 2575 Hujus
1247 2480 1349 2554 rei
1389 2488 1599 2554 testes
1625 2489 1787 2552 sunt
1820 2506 1838 2550 ε
1876 2478 2280 2554 Cuonradus
2307 2478 2398 2552 de
2431 2479 2873 2571 Smidelvelt,
2923 2478 3364 2553 Eberhardus
3414 2479 3502 2553 de
3538 2481 3720 2555 Her-

899 2607 1349 2703 tingisperge,
1404 2604 1772 2676 Heinricus
1816 2604 1991 2675 inter
2019 2602 2328 2693 Latinos,
2364 2603 2689 2676 Albertus
2724 2603 3263 2676 triscamerarius
3299 2603 3387 2677 de
3415 2604 3715 2677 Rabins-

903 2731 1113 2817 taine,
1170 2727 1561 2803 Hawardus
1605 2725 1693 2800 de
1721 2727 2151 2818 Holtzwanc,
2196 2726 2533 2799 Rudolfus
2571 2728 2661 2799 de
2694 2727 3172 2819 Fuenenberc,
3210 2737 3279 2801 et
3315 2728 3431 2800 alii
3461 2750 3718 2822 quam-

902 2855 1152 2949 plures.

996 2978 1247 3050 Actum
1311 2996 1494 3049 anno
1552 2975 1898 3048 dominice
1957 2973 2444 3047 incarnationis
2476 2975 2837 3047 millesimo
2868 2974 3335 3048 ducentesimo
3373 2975 3715 3049 tricesimo

910 3102 1146 3194 terci0,
1184 3101 1369 3173 XIIII
1406 3099 1738 3173 kalendas
1777 3099 2052 3190 marcii,
2095 3099 2471 3172 indictione
2501 3100 2646 3189 V1·‚
2698 3110 3030 3191 regnante
3075 3100 3357 3173 domino
3400 3101 3716 3175 Heinrico

908 3224 1362 3297 Romanorum
1400 3245 1563 3318 rege
1589 3223 2080 3312 illustrissimo,
2124 3244 2307 3296 anno
2342 3224 2539 3317 regni
2572 3225 2721 3317 ejus
2756 3222 3150 3296 undecimo.

910 3416 917 3430 ,
1000 3348 1288 3442 Signum
1339 3346 1604 3420 domini
1649 3346 1956 3419 Heinrici
2001 3347 2272 3442 septimi
2313 3348 2436 3420 Dei
2491 3347 2707 3442 gratia
2770 3346 3197 3419 invictissimi
3261 3349 3718 3422 Romanorum

912 3471 1083 3564 regis
1118 3490 1387 3566 semper
1413 3469 1719 3563 augusti.

998 3594 1248 3666 Datum
1281 3592 1467 3690 apud
1495 3591 1991 3686 Nuoremberc‚
2033 3614 2217 3666 anno
2236 3647 2256 3686 ,
2299 3613 2536 3665 mense
2563 3602 2633 3665 et
2667 3593 3040 3667 indictione
3066 3590 3496 3687 pretitulatis.

1393 3884 1451 3897 —
3139 3884 3226 3897 '¹-

1009 4149 1377 4237 Henricus
1393 4215 1417 4261 ‚
1457 4153 1978 4237 Romanorum
2021 4177 2151 4234 rex
2169 4214 2192 4258 ,
2239 4160 2502 4234 notam
2537 4149 2717 4234 facit
2775 4149 3105 4234 formam
3159 4152 3721 4262 compositionis
3882 4174 4095 4281 Avggm'

915 4286 1299 4368 accedente
1345 4312 1486 4369 suo
1522 4310 1900 4368 consensu
1937 4283 2133 4366 inter
2165 4283 2578 4366 Henricum
2611 4283 3248 4367 Wormatiensem
3285 4286 3722 4395 episcopum
3788 4228 4102 4331 mmm·

916 4436 1080 4496 cum
1118 4417 1434 4500 ecclesia
1487 4417 1653 4527 ejus
1707 4427 1783 4499 et
1824 4415 2023 4500 cives
2064 4416 2657 4501 Wormatienses
2712 4416 2953 4499 factae
2975 4479 2997 4524 ‚
3041 4417 3323 4499 scilicet
3373 4419 3469 4500 de
3520 4444 3719 4502 novo

918 4554 1108 4630 statu
1160 4548 1484 4633 civitatis
1537 4549 1964 4633 ordinando
2016 4574 2151 4658 per
2205 4548 2609 4632 consilium
2662 4548 2785 4630 cui
2847 4546 3385 4657 praesidebunt
3446 4576 3719 4636 novem

921 4676 1104 4762 cives
1142 4682 1242 4765 ab
1278 4682 1630 4792 episcopo
1665 4692 1739 4766 et
1777 4710 1909 4767 sex
1943 4683 2222 4765 milites
2258 4681 2357 4765 ab
2393 4682 2679 4766 eisdem
2714 4682 3006 4768 civibus
3040 4681 3279 4765 electi.

1065 4814 1171 4877 IV.
1213 4833 1328 4877 Pu·
1349 4834 1394 4875 2.
2533 4825 2536 4828 '
3329 4829 3405 4880 76

3979 5797 4152 5802 .--..-,-.
4191 5793 4362 5802 --ῴ-ιιι
