4842 5802
1759 630 2012 690 INDEX
2061 630 2755 695 DOCUMENTORUM.
3554 628 3677 691 987

872 841 1095 917 1235

1696 961 1930 1022 dericus
1952 961 2264 1024 Ravennas
2291 963 2783 1041 archiepiscopus,
2818 962 3188 1040 Apostolicae
3211 959 3381 1021 Sedis
3417 961 3670 1039 legatus,

1696 1061 1760 1119 in
1786 1060 2086 1120 civitatem
2112 1059 2513 1121 Acconensem
2538 1061 2892 1121 sententiam
2927 1058 3225 1119 interdicti
3250 1058 3680 1136 promulgave-

1699 1158 1809 1235 rit,
1845 1158 1972 1233 ipse
1999 1157 2378 1219 interdictum
2414 1159 2742 1232 relaxavit3
2773 1173 2911 1219 eum
2936 1172 3185 1218 monens
3211 1155 3433 1233 quibus
3469 1155 3678 1216 condi-

1699 1254 1960 1314 tionibus
1989 1270 2110 1331 pax
2133 1257 2450 1316 restaurari
2475 1272 2646 1332 posse
2668 1255 2962 1316 videatur.
3563 1261 3678 1314 772

864 1370 938 1422 22
968 1369 1117 1438 εερῑ.
1258 1361 1491 1424 Assisii.
1619 1390 1701 1403 —-
1738 1360 2023 1437 Magistro
2044 1359 2256 1421 domus
2278 1361 2779 1421 'theutonicorum
2804 1361 3040 1419 nuntiat
3065 1358 3213 1436 quid
3238 1374 3376 1418 cum
3402 1357 3579 1419 Petro
3605 1358 3680 1418 de

1700 1454 1890 1516 Vinea
1924 1457 2243 1532 imperialis
2282 1459 2480 1518 curiae
2511 1457 2715 1535 judice
2739 1457 3081 1517 tractaverit
3119 1455 3196 1516 de
3234 1455 3555 1516 relaxando
3591 1458 3679 1515 in-

1700 1551 1946 1611 terdicto
1979 1553 2043 1612 in
2068 1552 2363 1613 Acconem
2390 1559 2611 1613 temere
2643 1551 3013 1629 promulgato
3038 1556 3100 1611 et
3123 1550 3199 1610 de
3232 1552 3469 1626 negotlo
3496 1551 3678 1613 Lom-

1698 1647 2019 1708 bardorum
2045 1649 2206 1726 quod
2232 1650 2365 1710 vult
2396 1651 2715 1726 imperator
2749 1648 2904 1709 infra
2944 1647 3165 1708 festum
3205 1647 3550 1710 Nativitatis
3574 1666 3683 1727 per

1701 1745 2055 1805 sententiam
2090 1744 2368 1822 compleri
2381 1790 2398 1818 ,
2428 1745 2574 1806 dum
2603 1746 2871 1822 alloquin
2903 1744 3062 1805 idem
3087 1760 3225 1806 cum
3252 1746 3518 1806 exercitu
3542 1762 3682 1822 par-

1701 1848 1792 1902 tes
1816 1843 2041 1920 ingredi
2069 1843 2461 1904 Lombardlae
2488 1850 2726 1920 paratus
2751 1845 2852 1916 sit,
2882 1847 2998 1904 etc.
3564 1852 3679 1907 776

863 1961 936 2013 23
970 1959 1122 2029 sept,
1260 1951 1491 2014 Assisii.
1621 1981 1701 1994 —
1742 1949 2042 2010 Friderico
2079 1951 2418 2027 imperatori
2446 1949 2652 2009 scribit
2676 1955 2744 2010 ut
2770 1948 2884 2008 sibi
2919 1948 3119 2008 mittat
3150 1949 3500 2026 magistrum
3536 1948 3678 2010 hos-

1699 2046 1906 2124 pitalis
1939 2046 2190 2109 Sanctae
2220 2047 2446 2107 Mariae
2473 2046 2975 2107 Theutonicorum
3011 2061 3119 2122 pro
3150 2045 3525 2106 terminanda
3556 2046 3680 2108 dis-

1700 2141 1902 2202 cordia
1928 2144 2306 2218 interipsum
2330 2147 2394 2201 et
2417 2140 2799 2201 Lombardos.
3288 2148 3360 2200 77
3369 2149 3428 2212 6,
3459 2146 3585 2204 not.
3621 2152 3678 2203 1.

847 2251 922 2302 24
970 2249 1120 2321 sept.
1258 2250 1487 2313 Assisii.
1619 2281 1701 2294 —
1740 2249 2154 2324 Ratisponensi
2194 2253 2255 2308 et
2293 2246 2721 2307 Hildesemensi
2759 2245 3050 2322 episcopis
3109 2245 3357 2305 mandat
3401 2251 3471 2306 ut
3509 2248 3684 2323 juxta

1699 2347 1964 2422 priorum
1998 2346 2417 2406 continentiam
2445 2344 2774 2404 litterarum
2802 2357 3068 2417 suarum,
3100 2345 3162 2402 in
3191 2344 3495 2421 episcopos
3529 2344 3680 2406 Her-

1700 2440 2061 2517 bipolensem
2099 2447 2159 2501 et
2199 2440 2633 2518 Augustensem
2651 2481 2668 2512 ,
2718 2439 3073 2499 Fuldensem
3118 2437 3392 2499 abbatem
3432 2446 3493 2499 et
3536 2442 3681 2502 alios

1701 2554 1932 2598 necnon
1959 2539 2024 2597 in
2049 2539 2548 2599 wormatiensem
2588 2537 2839 2596 electum
2871 2542 2931 2596 et
2966 2535 3306 2595 Devardum
3333 2540 3683 2598 canonicum

1700 2635 2204 2710 Herblpolensem,
2225 2636 2385 2694 omni
2412 2633 2803 2710 appellatione
2830 2632 3173 2709 postposita,
3192 2631 3534 2707 procedant.
3568 2641 3683 2694 777

867 2745 941 2798 26
967 2744 1117 2816 sept·
1255 2744 1489 2808 Assisii.
1620 2771 1700 2785 —
1740 2740 2118 2802 Patriarchae
2172 2739 2544 2800 Antiocheno
2597 2738 2843 2798 mandat
2893 2742 2964 2797 ut
3014 2737 3339 2798 rectoribus
3389 2739 3685 2799 societatis

1699 2837 2087 2899 Lombardiae
2109 2835 2393 2897 kalendas
2411 2834 2737 2894 decembris
2760 2835 3029 2911 proximo
3049 2832 3281 2894 futuras
3300 2850 3408 2912 pro
3435 2837 3686 2895 termino

1700 2935 2015 3013 praefigat,
2045 2951 2165 3012 quo
2190 2950 2295 3011 per
2318 2938 2725 3009 procuratores
2756 2931 3001 2991 idoneos
3027 2946 3226 2991 coram
3258 2946 3321 2992 se
3346 2946 3685 3008 comparere

873 3010 1094 3087 1256
1696 3032 1973 3094 debeant.
3391 3037 3531 3103 778,
3564 3038 3680 3091 779

865 3146 932 3197 21
969 3139 1113 3199 febr.
1237 3141 1505 3206 viterbii.
1622 3171 1701 3183 —
1740 3138 2040 3199 Friderico
2053 3137 2459 3199 Romanorum
2476 3135 2816 3211 imperatori
2840 3134 3045 3194 scribit
3070 3132 3145 3193 de
3169 3133 3486 3194 concordia
3502 3151 3684 3212 quam

1700 3237 1834 3295 iniit
1857 3236 2012 3296 inter
2027 3236 2225 3312 ipsum
2249 3238 2310 3293 et
2335 3234 2495 3292 cives
2519 3231 2896 3291 Acconenses
2924 3231 3185 3308 aliosque
3209 3233 3380 3309 regni
3404 3231 3681 3293 Hierom-

1698 3331 1994 3408 lymitani,
2030 3337 2321 3408 quantum
2349 3328 2426 3389 ad
2450 3331 2588 3405 jura
2611 3330 2797 3405 ipsius
2824 3328 3015 3405 regni;
3048 3342 3231 3404 quam
3253 3327 3683 3389 observandam

1700 3427 1965 3487 mandat.
3564 3432 3681 3485 808

864 3545 939 3598 23
967 3538 1115 3600 febr.
1237 3546 1509 3608 Viterbii.
1621 3573 1703 3586 —
1742 3540 2197 3616 Archieplscopo
2242 3538 2545 3600 Nazareno
2588 3542 2649 3598 et
2693 3538 2965 3615 episcopo
3008 3535 3334 3598 Acconensi
3387 3535 3683 3615 significat

1702 3635 2056 3696 discordiam
2081 3649 2234 3712 quae
2258 3640 2386 3693 erat
2416 3635 2570 3692 inter
2606 3633 2969 3693 Fridericum
3000 3634 3412 3711 imperatorem
3438 3640 3498 3694 et
3523 3635 3682 3696 cives

1703 3733 2074 3795 Acconenses
2100 3729 2360 3806 aliosque
2389 3728 2657 3788 homines
2683 3730 2850 3806 regni
2873 3729 3238 3789 Hierusalem
3251 3772 3270 3803 ‚
3309 3729 3601 3790 amicabili
3642 3747 3682 3791 a

1699 3844 1765 3889 se
1793 3827 1974 3888 ruisse
2000 3826 2426 3902 compositione
2453 3826 2724 3900 sopitam.
3283 3834 3425 3902 808,
3456 3832 3582 3889 not.
3617 3837 3675 3889 1.

864 3949 939 4001 28
965 3939 1116 4003 febr.
1239 3946 1508 4010 viterbii.
1619 3975 1702 3991 —-
1739 3941 2037 4003 Friderico
2062 3939 2401 4015 imperatori
2428 3940 2803 4013 conqueritur
2827 3938 2989 4013 quod
3013 3938 3077 3998 in
3102 3954 3284 4016 regno
3309 3937 3544 4001 Siciliae
3582 3958 3680 4002 ec-

1698 4039 1911 4100 clesiae
1942 4052 1982 4096 a
2016 4036 2300 4095 ministris
2338 4032 2740 4110 imperialibus
2776 4034 3096 4111 privilegiis
3133 4035 3412 4111 spoliatae
3445 4043 3505 4098 et
3537 4054 3678 4115 pas-

1698 4134 1924 4196 toribus
1948 4133 2165 4193 viduae
2189 4136 2553 4192 remaneant.
2570 4130 2874 4190 Praeterea
2899 4146 2962 4190 se
2989 4146 3279 4192 excusans
3307 4149 3485 4210 super
3505 4150 3676 4194 reno-

1696 4238 1934 4297 vatione
1973 4234 2270 4294 societatis
2310 4229 2700 4292 Lombardiae
2728 4234 2787 4290 et
2813 4245 3001 4306 poena
3029 4231 3094 4289 in
3118 4231 3486 4293 Veronenses
3513 4237 3678 4309 pacis

1696 4332 2014 4392 violatores
2049 4331 2344 4406 imposita,
2372 4333 2577 4387 monet
2617 4333 2689 4387 ut
2722 4342 2999 4387 excessus
3023 4328 3233 4405 con-igi
3257 4326 3457 4404 faciat,
3486 4347 3676 4408 quum

1696 4445 1798 4490 eos
1822 4428 2067 4489 ulterius
2091 4426 2462 4486 dissimulare
2488 4440 2609 4484 non
2633 4425 2842 4501 possit.
3558 4435 3673 4487 810

843 4549 912 4603 21
940 4550 1114 4606 mart.
1240 4543 1504 4605 Viterbii.
1630 4575 1695 4589 -
1737 4543 2033 4604 Friderico
2059 4542 2457 4603 Romanorum
2499 4539 2835 4615 imperatori
2876 4537 3080 4598 scribit
3117 4553 3482 4614 conquerens
3514 4542 3677 4616 quod

1697 4642 1976 4718 magister
2001 4638 2215 4699 domus
2249 4636 2750 4699 'theutonicorum
2761 4677 2780 4708 ,
2815 4633 3037 4694 frustra
3072 4640 3379 4712 expectato
3420 4636 3679 4699 adventu

1694 4738 2035 4797 nuntiorum
2073 4736 2364 4796 societatis
2401 4732 2808 4806 Lombardiae,
2839 4748 2875 4792 a
2901 4748 2966 4793 se
2993 4732 3323 4795 discesserit
3347 4750 3541 4813 neque
3581 4754 3676 4798 re-
