<?xml version="1.0" encoding="UTF-8"?>
<!DOCTYPE html PUBLIC "-//W3C//DTD XHTML 1.0 Transitional//EN"
    "http://www.w3.org/TR/xhtml1/DTD/xhtml1-transitional.dtd">
<html xmlns="http://www.w3.org/1999/xhtml" xml:lang="en" lang="en">
 <head>
  <title>
</title>
<meta http-equiv="Content-Type" content="text/html;charset=utf-8" />
  <meta name='ocr-system' content='tesseract 3.04.00' />
  <meta name='ocr-capabilities' content='ocr_page ocr_carea ocr_par ocr_line ocrx_word'/>
</head>
<body>
  <div class='ocr_page' id='page_1' title='image "./historiadiploma01degoog_0148.png"; bbox 0 0 4842 5802; ppageno 0'>
   <div class='ocr_carea' id='block_1_1' title="bbox 1139 540 3952 623">
    <p class='ocr_par' dir='ltr' id='par_1_1' title="bbox 1139 540 3952 623">
     <span class='ocr_line' id='line_1_1' title="bbox 1139 540 3952 623; baseline 0.002 -19"><span class='ocrx_word' id='word_1_1' title='bbox 1139 541 1260 604; x_wconf 86' lang='grc'><strong>666</strong></span> <span class='ocrx_word' id='word_1_2' title='bbox 2177 542 2522 602; x_wconf 82' lang='lat' dir='ltr'>HENRICI</span> <span class='ocrx_word' id='word_1_3' title='bbox 2574 540 2907 601; x_wconf 78' lang='lat' dir='ltr'><strong>SEPTml</strong></span> <span class='ocrx_word' id='word_1_4' title='bbox 3581 547 3743 623; x_wconf 71' lang='lat' dir='ltr'><strong>[Anu.</strong></span> <span class='ocrx_word' id='word_1_5' title='bbox 3784 548 3952 610; x_wconf 75' lang='lat'><strong>1234.</strong></span> 
     </span>
    </p>
   </div>
   <div class='ocr_carea' id='block_1_2' title="bbox 1304 671 3959 864">
    <p class='ocr_par' dir='ltr' id='par_1_2' title="bbox 1304 671 3959 864">
     <span class='ocr_line' id='line_1_2' title="bbox 1304 671 3956 758; baseline 0.003 -24"><span class='ocrx_word' id='word_1_6' title='bbox 1304 673 1510 752; x_wconf 84' lang='lat' dir='ltr'><strong>(Edld.</strong></span> <span class='ocrx_word' id='word_1_7' title='bbox 1542 675 1828 747; x_wconf 75' lang='lat' dir='ltr'><strong>LnrsruS,</strong></span> <span class='ocrx_word' id='word_1_8' title='bbox 1861 673 2053 737; x_wconf 69' lang='lat' dir='ltr'><strong>Gesclt.</strong></span> <span class='ocrx_word' id='word_1_9' title='bbox 2077 673 2180 734; x_wconf 80' lang='lat' dir='ltr'><strong>der</strong></span> <span class='ocrx_word' id='word_1_10' title='bbox 2205 672 2446 754; x_wconf 60' lang='lat' dir='ltr'><strong>bischop</strong></span> <span class='ocrx_word' id='word_1_11' title='bbox 2482 691 2595 734; x_wconf 73' lang='lat' dir='ltr'><strong>von</strong></span> <span class='ocrx_word' id='word_1_12' title='bbox 2627 671 2990 753; x_wconf 71' lang='lat' dir='ltr'><strong>Naumburq,</strong></span> <span class='ocrx_word' id='word_1_13' title='bbox 3020 682 3063 735; x_wconf 86' lang='lat' dir='ltr'><strong>t.</strong></span> <span class='ocrx_word' id='word_1_14' title='bbox 3096 676 3160 749; x_wconf 83' lang='grc' dir='ltr'><strong>Ι,</strong></span> <span class='ocrx_word' id='word_1_15' title='bbox 3190 692 3252 752; x_wconf 87' lang='lat' dir='ltr'><strong>p.</strong></span> <span class='ocrx_word' id='word_1_16' title='bbox 3286 686 3428 756; x_wconf 79' lang='lat'><strong>276,</strong></span> <span class='ocrx_word' id='word_1_17' title='bbox 3463 694 3543 739; x_wconf 83' lang='lat' dir='ltr'><strong>ex</strong></span> <span class='ocrx_word' id='word_1_18' title='bbox 3586 682 3859 758; x_wconf 74' lang='lat' dir='ltr'><strong>originali</strong></span> <span class='ocrx_word' id='word_1_19' title='bbox 3894 685 3956 743; x_wconf 86' lang='lat' dir='ltr'><strong>in</strong></span> 
     </span>
     <span class='ocr_line' id='line_1_3' title="bbox 1383 780 3959 864; baseline 0.003 -23"><span class='ocrx_word' id='word_1_20' title='bbox 1383 781 1625 841; x_wconf 78' lang='lat' dir='ltr'><strong>archivo</strong></span> <span class='ocrx_word' id='word_1_21' title='bbox 1651 783 2066 842; x_wconf 80' lang='lat' dir='ltr'><strong>Weimariensi</strong></span> <span class='ocrx_word' id='word_1_22' title='bbox 2109 787 2437 859; x_wconf 84' lang='lat' dir='ltr'><strong>asservato,</strong></span> <span class='ocrx_word' id='word_1_23' title='bbox 2477 781 2603 852; x_wconf 81' lang='lat' dir='ltr'><strong>sed,</strong></span> <span class='ocrx_word' id='word_1_24' title='bbox 2634 786 2704 841; x_wconf 89' lang='lat' dir='ltr'><strong>ut</strong></span> <span class='ocrx_word' id='word_1_25' title='bbox 2747 780 3118 851; x_wconf 76' lang='lat' dir='ltr'><strong>arbitramur,</strong></span> <span class='ocrx_word' id='word_1_26' title='bbox 3163 798 3282 842; x_wconf 89' lang='lat' dir='ltr'><strong>non</strong></span> <span class='ocrx_word' id='word_1_27' title='bbox 3325 783 3401 843; x_wconf 87' lang='lat' dir='ltr'><strong>ad</strong></span> <span class='ocrx_word' id='word_1_28' title='bbox 3445 800 3708 864; x_wconf 85' lang='lat' dir='ltr'><strong>unguem</strong></span> <span class='ocrx_word' id='word_1_29' title='bbox 3749 792 3959 849; x_wconf 79' lang='lat' dir='ltr'><strong>trans-</strong></span> 
     </span>
    </p>
   </div>
   <div class='ocr_carea' id='block_1_3' title="bbox 1384 887 1625 965">
    <p class='ocr_par' dir='ltr' id='par_1_3' title="bbox 1384 887 1625 965">
     <span class='ocr_line' id='line_1_4' title="bbox 1384 887 1625 965; baseline 0.004 -18"><span class='ocrx_word' id='word_1_30' title='bbox 1384 887 1625 965; x_wconf 83' lang='lat' dir='ltr'><strong>cripte.)</strong></span> 
     </span>
    </p>
   </div>
   <div class='ocr_carea' id='block_1_4' title="bbox 1124 1073 3954 3270">
    <p class='ocr_par' dir='ltr' id='par_1_4' title="bbox 1124 1073 3954 3270">
     <span class='ocr_line' id='line_1_5' title="bbox 1239 1073 3954 1169; baseline 0.003 -27"><span class='ocrx_word' id='word_1_31' title='bbox 1239 1073 1612 1158; x_wconf 75' lang='lat' dir='ltr'><strong>HenricuS‚</strong></span> <span class='ocrx_word' id='word_1_32' title='bbox 1677 1073 1798 1145; x_wconf 91' lang='lat' dir='ltr'><strong>Dei</strong></span> <span class='ocrx_word' id='word_1_33' title='bbox 1851 1074 2069 1166; x_wconf 86' lang='lat' dir='ltr'><strong>gratia</strong></span> <span class='ocrx_word' id='word_1_34' title='bbox 2121 1074 2582 1145; x_wconf 89' lang='lat' dir='ltr'><strong>Romanorum</strong></span> <span class='ocrx_word' id='word_1_35' title='bbox 2638 1092 2765 1143; x_wconf 86' lang='lat' dir='ltr'><strong>rex</strong></span> <span class='ocrx_word' id='word_1_36' title='bbox 2832 1080 2901 1142; x_wconf 86' lang='lat' dir='ltr'><strong>et</strong></span> <span class='ocrx_word' id='word_1_37' title='bbox 2952 1093 3223 1167; x_wconf 78' lang='lat' dir='ltr'><strong>semper</strong></span> <span class='ocrx_word' id='word_1_38' title='bbox 3268 1086 3641 1169; x_wconf 89' lang='lat' dir='ltr'><strong>augustus,</strong></span> <span class='ocrx_word' id='word_1_39' title='bbox 3705 1078 3954 1152; x_wconf 88' lang='lat' dir='ltr'><strong>dilecto</strong></span> 
     </span>
     <span class='ocr_line' id='line_1_6' title="bbox 1140 1194 3954 1292; baseline 0.003 -27"><span class='ocrx_word' id='word_1_40' title='bbox 1140 1194 1494 1268; x_wconf 80' lang='lat' dir='ltr'><strong>fidelisuo</strong></span> <span class='ocrx_word' id='word_1_41' title='bbox 1521 1195 1849 1283; x_wconf 82' lang='lat' dir='ltr'><strong>Iohanni,</strong></span> <span class='ocrx_word' id='word_1_42' title='bbox 1889 1196 2121 1268; x_wconf 89' lang='lat' dir='ltr'><strong>abbati</strong></span> <span class='ocrx_word' id='word_1_43' title='bbox 2170 1195 2397 1268; x_wconf 82' lang='lat' dir='ltr'><strong>Sancti</strong></span> <span class='ocrx_word' id='word_1_44' title='bbox 2446 1194 2720 1287; x_wconf 88' lang='lat' dir='ltr'><strong>Georgii</strong></span> <span class='ocrx_word' id='word_1_45' title='bbox 2742 1195 3295 1289; x_wconf 89' lang='lat' dir='ltr'><strong>Nuenburgensi,</strong></span> <span class='ocrx_word' id='word_1_46' title='bbox 3335 1200 3626 1292; x_wconf 80' lang='lat' dir='ltr'><strong>gratiam</strong></span> <span class='ocrx_word' id='word_1_47' title='bbox 3661 1222 3854 1273; x_wconf 89' lang='lat' dir='ltr'><strong>suam</strong></span> <span class='ocrx_word' id='word_1_48' title='bbox 3886 1215 3954 1276; x_wconf 86' lang='lat' dir='ltr'><strong>et</strong></span> 
     </span>
     <span class='ocr_line' id='line_1_7' title="bbox 1140 1317 3953 1415; baseline 0.002 -24"><span class='ocrx_word' id='word_1_49' title='bbox 1140 1339 1346 1391; x_wconf 91' lang='lat' dir='ltr'><strong>omne</strong></span> <span class='ocrx_word' id='word_1_50' title='bbox 1375 1319 1663 1391; x_wconf 88' lang='lat' dir='ltr'><strong>bonum.</strong></span> <span class='ocrx_word' id='word_1_51' title='bbox 1706 1321 2012 1393; x_wconf 87' lang='lat' dir='ltr'><strong>Inclinati</strong></span> <span class='ocrx_word' id='word_1_52' title='bbox 2044 1319 2367 1415; x_wconf 90' lang='lat' dir='ltr'><strong>precibus</strong></span> <span class='ocrx_word' id='word_1_53' title='bbox 2394 1328 2464 1390; x_wconf 86' lang='lat' dir='ltr'><strong>et</strong></span> <span class='ocrx_word' id='word_1_54' title='bbox 2488 1317 2969 1414; x_wconf 82' lang='lat' dir='ltr'><strong>supplicationi</strong></span> <span class='ocrx_word' id='word_1_55' title='bbox 3000 1319 3231 1393; x_wconf 90' lang='lat' dir='ltr'><strong>dilecti</strong></span> <span class='ocrx_word' id='word_1_56' title='bbox 3261 1319 3483 1394; x_wconf 86' lang='lat' dir='ltr'><strong>fidelis</strong></span> <span class='ocrx_word' id='word_1_57' title='bbox 3506 1335 3573 1396; x_wconf 86' lang='lat' dir='ltr'><strong>et</strong></span> <span class='ocrx_word' id='word_1_58' title='bbox 3601 1324 3953 1399; x_wconf 80' lang='lat' dir='ltr'><strong>familiaris</strong></span> 
     </span>
     <span class='ocr_line' id='line_1_8' title="bbox 1138 1440 3950 1544; baseline 0.002 -31"><span class='ocrx_word' id='word_1_59' title='bbox 1138 1442 1350 1514; x_wconf 87' lang='lat' dir='ltr'><strong>nostri</strong></span> <span class='ocrx_word' id='word_1_60' title='bbox 1390 1442 1783 1514; x_wconf 82' lang='lat' dir='ltr'><strong>Theoderici</strong></span> <span class='ocrx_word' id='word_1_61' title='bbox 1832 1441 1932 1538; x_wconf 82' lang='lat' dir='ltr'><strong>(a)</strong></span> <span class='ocrx_word' id='word_1_62' title='bbox 1981 1442 2348 1536; x_wconf 88' lang='lat' dir='ltr'><strong>imperialis</strong></span> <span class='ocrx_word' id='word_1_63' title='bbox 2399 1442 2558 1515; x_wconf 90' lang='lat' dir='ltr'><strong>aule</strong></span> <span class='ocrx_word' id='word_1_64' title='bbox 2598 1440 3123 1535; x_wconf 87' lang='lat' dir='ltr'><strong>prothonotarii,</strong></span> <span class='ocrx_word' id='word_1_65' title='bbox 3166 1465 3248 1516; x_wconf 90' lang='lat' dir='ltr'><strong>ac</strong></span> <span class='ocrx_word' id='word_1_66' title='bbox 3278 1444 3481 1517; x_wconf 89' lang='lat' dir='ltr'><strong>etiam</strong></span> <span class='ocrx_word' id='word_1_67' title='bbox 3517 1446 3769 1520; x_wconf 85' lang='lat' dir='ltr'><strong>intuitu</strong></span> <span class='ocrx_word' id='word_1_68' title='bbox 3801 1450 3950 1544; x_wconf 92' lang='lat' dir='ltr'><strong>pie-</strong></span> 
     </span>
     <span class='ocr_line' id='line_1_9' title="bbox 1137 1565 3954 1663; baseline 0.002 -25"><span class='ocrx_word' id='word_1_69' title='bbox 1137 1566 1296 1638; x_wconf 85' lang='lat' dir='ltr'><strong>tatis</strong></span> <span class='ocrx_word' id='word_1_70' title='bbox 1323 1575 1403 1637; x_wconf 87' lang='lat' dir='ltr'><strong>ut</strong></span> <span class='ocrx_word' id='word_1_71' title='bbox 1432 1567 1851 1639; x_wconf 82' lang='lat' dir='ltr'><strong>meritorium</strong></span> <span class='ocrx_word' id='word_1_72' title='bbox 1890 1566 2009 1640; x_wconf 87' lang='lat' dir='ltr'><strong>fiat</strong></span> <span class='ocrx_word' id='word_1_73' title='bbox 2044 1567 2274 1658; x_wconf 90' lang='lat' dir='ltr'><strong>nobis,</strong></span> <span class='ocrx_word' id='word_1_74' title='bbox 2317 1567 2639 1639; x_wconf 87' lang='lat' dir='ltr'><strong>volumus</strong></span> <span class='ocrx_word' id='word_1_75' title='bbox 2681 1565 2802 1637; x_wconf 89' lang='lat' dir='ltr'><strong>tibi</strong></span> <span class='ocrx_word' id='word_1_76' title='bbox 2835 1575 2903 1639; x_wconf 88' lang='lat' dir='ltr'><strong>et</strong></span> <span class='ocrx_word' id='word_1_77' title='bbox 2932 1567 3220 1639; x_wconf 86' lang='lat' dir='ltr'><strong>ecclesie</strong></span> <span class='ocrx_word' id='word_1_78' title='bbox 3263 1577 3381 1640; x_wconf 87' lang='lat' dir='ltr'><strong>tue</strong></span> <span class='ocrx_word' id='word_1_79' title='bbox 3407 1570 3697 1663; x_wconf 81' lang='lat' dir='ltr'><strong>gratiam</strong></span> <span class='ocrx_word' id='word_1_80' title='bbox 3731 1572 3954 1645; x_wconf 82' lang='lat' dir='ltr'><strong>facero</strong></span> 
     </span>
     <span class='ocr_line' id='line_1_10' title="bbox 1134 1689 3942 1786; baseline 0.002 -25"><span class='ocrx_word' id='word_1_81' title='bbox 1134 1691 1523 1785; x_wconf 86' lang='lat' dir='ltr'><strong>specialem.</strong></span> <span class='ocrx_word' id='word_1_82' title='bbox 1559 1692 1734 1762; x_wconf 89' lang='lat' dir='ltr'><strong>Hinc</strong></span> <span class='ocrx_word' id='word_1_83' title='bbox 1755 1700 1858 1763; x_wconf 75' lang='lat' dir='ltr'><strong>est</strong></span> <span class='ocrx_word' id='word_1_84' title='bbox 1892 1691 2082 1784; x_wconf 91' lang='lat' dir='ltr'><strong>quod</strong></span> <span class='ocrx_word' id='word_1_85' title='bbox 2108 1713 2267 1763; x_wconf 90' lang='lat' dir='ltr'><strong>cum</strong></span> <span class='ocrx_word' id='word_1_86' title='bbox 2303 1700 2376 1761; x_wconf 90' lang='lat' dir='ltr'><strong>tu</strong></span> <span class='ocrx_word' id='word_1_87' title='bbox 2401 1690 2687 1762; x_wconf 86' lang='lat' dir='ltr'><strong>liberam</strong></span> <span class='ocrx_word' id='word_1_88' title='bbox 2715 1689 2972 1762; x_wconf 87' lang='lat' dir='ltr'><strong>habeas</strong></span> <span class='ocrx_word' id='word_1_89' title='bbox 3002 1690 3433 1764; x_wconf 88' lang='lat' dir='ltr'><strong>advocatiam</strong></span> <span class='ocrx_word' id='word_1_90' title='bbox 3470 1694 3755 1766; x_wconf 87' lang='lat' dir='ltr'><strong>ecclesie</strong></span> <span class='ocrx_word' id='word_1_91' title='bbox 3790 1704 3942 1786; x_wconf 88' lang='lat' dir='ltr'><strong>tuo,</strong></span> 
     </span>
     <span class='ocr_line' id='line_1_11' title="bbox 1136 1813 3952 1907; baseline 0.003 -23"><span class='ocrx_word' id='word_1_92' title='bbox 1136 1814 1261 1885; x_wconf 91' lang='lat' dir='ltr'><strong>tibi</strong></span> <span class='ocrx_word' id='word_1_93' title='bbox 1298 1814 1391 1887; x_wconf 90' lang='lat' dir='ltr'><strong>de</strong></span> <span class='ocrx_word' id='word_1_94' title='bbox 1426 1813 1893 1887; x_wconf 85' lang='lat' dir='ltr'><strong>munificentie</strong></span> <span class='ocrx_word' id='word_1_95' title='bbox 1928 1824 2157 1887; x_wconf 91' lang='lat' dir='ltr'><strong>nostre</strong></span> <span class='ocrx_word' id='word_1_96' title='bbox 2211 1814 2431 1907; x_wconf 87' lang='lat' dir='ltr'><strong>gratia</strong></span> <span class='ocrx_word' id='word_1_97' title='bbox 2462 1813 2904 1905; x_wconf 81' lang='lat' dir='ltr'><strong>indulgemus</strong></span> <span class='ocrx_word' id='word_1_98' title='bbox 2936 1824 3015 1885; x_wconf 87' lang='lat' dir='ltr'><strong>ut</strong></span> <span class='ocrx_word' id='word_1_99' title='bbox 3049 1815 3330 1887; x_wconf 90' lang='lat' dir='ltr'><strong>liberam</strong></span> <span class='ocrx_word' id='word_1_100' title='bbox 3370 1815 3627 1889; x_wconf 88' lang='lat' dir='ltr'><strong>babeas</strong></span> <span class='ocrx_word' id='word_1_101' title='bbox 3662 1818 3952 1892; x_wconf 77' lang='lat' dir='ltr'><strong>faculta-</strong></span> 
     </span>
     <span class='ocr_line' id='line_1_12' title="bbox 1135 1934 3946 2035; baseline 0.001 -25"><span class='ocrx_word' id='word_1_102' title='bbox 1135 1945 1271 2010; x_wconf 90' lang='lat' dir='ltr'><strong>tem</strong></span> <span class='ocrx_word' id='word_1_103' title='bbox 1291 1938 1593 2031; x_wconf 82' lang='lat' dir='ltr'><strong>eligendi</strong></span> <span class='ocrx_word' id='word_1_104' title='bbox 1613 1960 1822 2032; x_wconf 92' lang='lat' dir='ltr'><strong>quem</strong></span> <span class='ocrx_word' id='word_1_105' title='bbox 1852 1939 2151 2010; x_wconf 86' lang='lat' dir='ltr'><strong>volueris</strong></span> <span class='ocrx_word' id='word_1_106' title='bbox 2179 1937 2592 2009; x_wconf 88' lang='lat' dir='ltr'><strong>advocatum</strong></span> <span class='ocrx_word' id='word_1_107' title='bbox 2612 1958 2694 2009; x_wconf 90' lang='lat' dir='ltr'><strong>ac</strong></span> <span class='ocrx_word' id='word_1_108' title='bbox 2719 1934 2982 2035; x_wconf 91' lang='lat' dir='ltr'><strong>et[iam]</strong></span> <span class='ocrx_word' id='word_1_109' title='bbox 3013 1939 3415 2011; x_wconf 84' lang='lat' dir='ltr'><strong>removendi</strong></span> <span class='ocrx_word' id='word_1_110' title='bbox 3444 1948 3512 2011; x_wconf 89' lang='lat' dir='ltr'><strong>et</strong></span> <span class='ocrx_word' id='word_1_111' title='bbox 3538 1940 3946 2013; x_wconf 90' lang='lat' dir='ltr'><strong>immutandi</strong></span> 
     </span>
     <span class='ocr_line' id='line_1_13' title="bbox 1132 2060 3948 2156; baseline 0.001 -23"><span class='ocrx_word' id='word_1_112' title='bbox 1132 2063 1481 2153; x_wconf 89' lang='lat' dir='ltr'><strong>eumdem,</strong></span> <span class='ocrx_word' id='word_1_113' title='bbox 1512 2063 2070 2156; x_wconf 89' lang='lat' dir='ltr'><strong>quandocunque</strong></span> <span class='ocrx_word' id='word_1_114' title='bbox 2099 2070 2169 2133; x_wconf 90' lang='lat' dir='ltr'><strong>et</strong></span> <span class='ocrx_word' id='word_1_115' title='bbox 2196 2060 2741 2154; x_wconf 74' lang='lat' dir='ltr'><strong>quotiescunque</strong></span> <span class='ocrx_word' id='word_1_116' title='bbox 2778 2068 2896 2133; x_wconf 88' lang='lat' dir='ltr'><strong>tue</strong></span> <span class='ocrx_word' id='word_1_117' title='bbox 2923 2062 3255 2155; x_wconf 89' lang='lat' dir='ltr'><strong>placuerit</strong></span> <span class='ocrx_word' id='word_1_118' title='bbox 3286 2062 3650 2135; x_wconf 84' lang='lat' dir='ltr'><strong>voluntati.</strong></span> <span class='ocrx_word' id='word_1_119' title='bbox 3684 2063 3798 2136; x_wconf 91' lang='lat' dir='ltr'><strong>Ad</strong></span> <span class='ocrx_word' id='word_1_120' title='bbox 3821 2064 3948 2137; x_wconf 91' lang='lat' dir='ltr'><strong>hec</strong></span> 
     </span>
     <span class='ocr_line' id='line_1_14' title="bbox 1131 2184 3948 2280; baseline 0.001 -23"><span class='ocrx_word' id='word_1_121' title='bbox 1131 2194 1208 2257; x_wconf 90' lang='lat' dir='ltr'><strong>ut</strong></span> <span class='ocrx_word' id='word_1_122' title='bbox 1240 2186 1456 2280; x_wconf 87' lang='lat' dir='ltr'><strong>gratia</strong></span> <span class='ocrx_word' id='word_1_123' title='bbox 1494 2186 1800 2279; x_wconf 88' lang='lat' dir='ltr'><strong>gaudeas</strong></span> <span class='ocrx_word' id='word_1_124' title='bbox 1835 2186 2182 2280; x_wconf 86' lang='lat' dir='ltr'><strong>ampliori,</strong></span> <span class='ocrx_word' id='word_1_125' title='bbox 2223 2184 2492 2276; x_wconf 87' lang='lat' dir='ltr'><strong>regium</strong></span> <span class='ocrx_word' id='word_1_126' title='bbox 2531 2185 2840 2256; x_wconf 88' lang='lat' dir='ltr'><strong>bannum</strong></span> <span class='ocrx_word' id='word_1_127' title='bbox 2873 2184 2994 2256; x_wconf 90' lang='lat' dir='ltr'><strong>tibi</strong></span> <span class='ocrx_word' id='word_1_128' title='bbox 3028 2197 3098 2258; x_wconf 86' lang='lat' dir='ltr'><strong>et</strong></span> <span class='ocrx_word' id='word_1_129' title='bbox 3136 2186 3421 2259; x_wconf 91' lang='lat' dir='ltr'><strong>ecclesie</strong></span> <span class='ocrx_word' id='word_1_130' title='bbox 3467 2195 3584 2259; x_wconf 91' lang='lat' dir='ltr'><strong>tue</strong></span> <span class='ocrx_word' id='word_1_131' title='bbox 3615 2186 3948 2261; x_wconf 88' lang='lat' dir='ltr'><strong>duximus</strong></span> 
     </span>
     <span class='ocr_line' id='line_1_15' title="bbox 1129 2308 3941 2404; baseline 0 -23"><span class='ocrx_word' id='word_1_132' title='bbox 1129 2309 1685 2396; x_wconf 89' lang='lat' dir='ltr'><strong>concedendum,</strong></span> <span class='ocrx_word' id='word_1_133' title='bbox 1724 2309 2162 2404; x_wconf 82' lang='lat' dir='ltr'><strong>indulgentes</strong></span> <span class='ocrx_word' id='word_1_134' title='bbox 2200 2319 2279 2379; x_wconf 89' lang='lat' dir='ltr'><strong>ut</strong></span> <span class='ocrx_word' id='word_1_135' title='bbox 2316 2308 2375 2380; x_wconf 91' lang='lat' dir='ltr'><strong>is</strong></span> <span class='ocrx_word' id='word_1_136' title='bbox 2416 2329 2625 2402; x_wconf 90' lang='lat' dir='ltr'><strong>quem</strong></span> <span class='ocrx_word' id='word_1_137' title='bbox 2667 2329 2793 2403; x_wconf 86' lang='lat' dir='ltr'><strong>pro</strong></span> <span class='ocrx_word' id='word_1_138' title='bbox 2837 2317 3141 2403; x_wconf 90' lang='lat' dir='ltr'><strong>tempore</strong></span> <span class='ocrx_word' id='word_1_139' title='bbox 3179 2310 3466 2403; x_wconf 90' lang='lat' dir='ltr'><strong>elegeris</strong></span> <span class='ocrx_word' id='word_1_140' title='bbox 3500 2310 3941 2399; x_wconf 87' lang='lat' dir='ltr'><strong>advocatum,</strong></span> 
     </span>
     <span class='ocr_line' id='line_1_16' title="bbox 1124 2432 3941 2527; baseline 0 -22"><span class='ocrx_word' id='word_1_141' title='bbox 1124 2435 1527 2507; x_wconf 82' lang='lat' dir='ltr'><strong>auctoritate</strong></span> <span class='ocrx_word' id='word_1_142' title='bbox 1560 2443 1679 2507; x_wconf 91' lang='lat' dir='ltr'><strong>tua</strong></span> <span class='ocrx_word' id='word_1_143' title='bbox 1706 2435 2016 2506; x_wconf 91' lang='lat' dir='ltr'><strong>bannum</strong></span> <span class='ocrx_word' id='word_1_144' title='bbox 2047 2433 2297 2505; x_wconf 87' lang='lat' dir='ltr'><strong>habeat</strong></span> <span class='ocrx_word' id='word_1_145' title='bbox 2331 2441 2400 2504; x_wconf 89' lang='lat' dir='ltr'><strong>et</strong></span> <span class='ocrx_word' id='word_1_146' title='bbox 2428 2432 2894 2505; x_wconf 88' lang='lat' dir='ltr'><strong>omnimodam</strong></span> <span class='ocrx_word' id='word_1_147' title='bbox 2929 2442 3331 2527; x_wconf 87' lang='lat' dir='ltr'><strong>potestatem</strong></span> <span class='ocrx_word' id='word_1_148' title='bbox 3366 2434 3728 2525; x_wconf 87' lang='lat' dir='ltr'><strong>judicandi</strong></span> <span class='ocrx_word' id='word_1_149' title='bbox 3774 2457 3941 2507; x_wconf 90' lang='lat' dir='ltr'><strong>cau-</strong></span> 
     </span>
     <span class='ocr_line' id='line_1_17' title="bbox 1127 2555 3946 2653; baseline 0.001 -23"><span class='ocrx_word' id='word_1_150' title='bbox 1127 2580 1239 2630; x_wconf 92' lang='lat' dir='ltr'><strong>sas</strong></span> <span class='ocrx_word' id='word_1_151' title='bbox 1264 2567 1420 2631; x_wconf 88' lang='lat' dir='ltr'><strong>tuas</strong></span> <span class='ocrx_word' id='word_1_152' title='bbox 1460 2569 1528 2631; x_wconf 86' lang='lat' dir='ltr'><strong>et</strong></span> <span class='ocrx_word' id='word_1_153' title='bbox 1563 2557 1997 2653; x_wconf 87' lang='lat' dir='ltr'><strong>proponendi</strong></span> <span class='ocrx_word' id='word_1_154' title='bbox 2027 2578 2109 2628; x_wconf 92' lang='lat' dir='ltr'><strong>ac</strong></span> <span class='ocrx_word' id='word_1_155' title='bbox 2149 2555 2559 2630; x_wconf 86' lang='lat' dir='ltr'><strong>terminandi</strong></span> <span class='ocrx_word' id='word_1_156' title='bbox 2594 2556 2908 2644; x_wconf 88' lang='lat' dir='ltr'><strong>easdem,</strong></span> <span class='ocrx_word' id='word_1_157' title='bbox 2951 2567 3282 2650; x_wconf 85' lang='lat' dir='ltr'><strong>tanquam</strong></span> <span class='ocrx_word' id='word_1_158' title='bbox 3314 2567 3497 2630; x_wconf 88' lang='lat' dir='ltr'><strong>tutor</strong></span> <span class='ocrx_word' id='word_1_159' title='bbox 3526 2569 3594 2630; x_wconf 87' lang='lat' dir='ltr'><strong>et</strong></span> <span class='ocrx_word' id='word_1_160' title='bbox 3621 2568 3809 2632; x_wconf 86' lang='lat' dir='ltr'><strong>actor</strong></span> <span class='ocrx_word' id='word_1_161' title='bbox 3834 2581 3946 2632; x_wconf 89' lang='lat' dir='ltr'><strong>ec·</strong></span> 
     </span>
     <span class='ocr_line' id='line_1_18' title="bbox 1128 2677 3946 2774; baseline 0 -21"><span class='ocrx_word' id='word_1_162' title='bbox 1128 2682 1335 2754; x_wconf 86' lang='lat' dir='ltr'><strong>clesie</strong></span> <span class='ocrx_word' id='word_1_163' title='bbox 1365 2703 1446 2754; x_wconf 87' lang='lat' dir='ltr'><strong>ac</strong></span> <span class='ocrx_word' id='word_1_164' title='bbox 1470 2682 1818 2773; x_wconf 87' lang='lat' dir='ltr'><strong>legitimus</strong></span> <span class='ocrx_word' id='word_1_165' title='bbox 1849 2679 2338 2752; x_wconf 89' lang='lat' dir='ltr'><strong>mundiburtus</strong></span> <span class='ocrx_word' id='word_1_166' title='bbox 2373 2679 2616 2774; x_wconf 80' lang='lat' dir='ltr'><strong>ipsine.</strong></span> <span class='ocrx_word' id='word_1_167' title='bbox 2645 2677 2783 2750; x_wconf 89' lang='lat' dir='ltr'><strong>Sed</strong></span> <span class='ocrx_word' id='word_1_168' title='bbox 2817 2687 2885 2750; x_wconf 88' lang='lat' dir='ltr'><strong>et</strong></span> <span class='ocrx_word' id='word_1_169' title='bbox 2920 2700 3079 2750; x_wconf 90' lang='lat' dir='ltr'><strong>cum</strong></span> <span class='ocrx_word' id='word_1_170' title='bbox 3120 2680 3212 2752; x_wconf 91' lang='lat' dir='ltr'><strong>ab</strong></span> <span class='ocrx_word' id='word_1_171' title='bbox 3239 2679 3604 2753; x_wconf 87' lang='lat' dir='ltr'><strong>advocatia</strong></span> <span class='ocrx_word' id='word_1_172' title='bbox 3644 2692 3946 2754; x_wconf 87' lang='lat' dir='ltr'><strong>remotus</strong></span> 
     </span>
     <span class='ocr_line' id='line_1_19' title="bbox 1125 2802 3944 2898; baseline -0.001 -21"><span class='ocrx_word' id='word_1_173' title='bbox 1125 2806 1353 2897; x_wconf 83' lang='lat' dir='ltr'><strong>fuerit,</strong></span> <span class='ocrx_word' id='word_1_174' title='bbox 1388 2806 1463 2875; x_wconf 89' lang='lat' dir='ltr'><strong>in</strong></span> <span class='ocrx_word' id='word_1_175' title='bbox 1500 2805 1731 2877; x_wconf 88' lang='lat' dir='ltr'><strong>banno</strong></span> <span class='ocrx_word' id='word_1_176' title='bbox 1761 2805 1907 2898; x_wconf 90' lang='lat' dir='ltr'><strong>ipso</strong></span> <span class='ocrx_word' id='word_1_177' title='bbox 1945 2804 2119 2875; x_wconf 92' lang='lat' dir='ltr'><strong>nihil</strong></span> <span class='ocrx_word' id='word_1_178' title='bbox 2158 2804 2337 2895; x_wconf 87' lang='lat' dir='ltr'><strong>juris</strong></span> <span class='ocrx_word' id='word_1_179' title='bbox 2373 2802 2654 2897; x_wconf 90' lang='lat' dir='ltr'><strong>penitus</strong></span> <span class='ocrx_word' id='word_1_180' title='bbox 2681 2802 3022 2893; x_wconf 90' lang='lat' dir='ltr'><strong>retinebit,</strong></span> <span class='ocrx_word' id='word_1_181' title='bbox 3064 2802 3229 2896; x_wconf 88' lang='lat' dir='ltr'><strong>quia</strong></span> <span class='ocrx_word' id='word_1_182' title='bbox 3260 2803 3546 2875; x_wconf 88' lang='lat' dir='ltr'><strong>ecclesie</strong></span> <span class='ocrx_word' id='word_1_183' title='bbox 3575 2813 3694 2875; x_wconf 88' lang='lat' dir='ltr'><strong>tue</strong></span> <span class='ocrx_word' id='word_1_184' title='bbox 3719 2814 3787 2876; x_wconf 91' lang='lat' dir='ltr'><strong>et</strong></span> <span class='ocrx_word' id='word_1_185' title='bbox 3819 2805 3944 2875; x_wconf 88' lang='lat' dir='ltr'><strong>tibi</strong></span> 
     </span>
     <span class='ocr_line' id='line_1_20' title="bbox 1124 2926 3947 3023; baseline -0.001 -23"><span class='ocrx_word' id='word_1_186' title='bbox 1124 2930 1402 3023; x_wconf 87' lang='lat' dir='ltr'><strong>tuisque</strong></span> <span class='ocrx_word' id='word_1_187' title='bbox 1452 2929 1965 3001; x_wconf 90' lang='lat' dir='ltr'><strong>successoribus</strong></span> <span class='ocrx_word' id='word_1_188' title='bbox 2009 2929 2334 2999; x_wconf 88' lang='lat' dir='ltr'><strong>volumus</strong></span> <span class='ocrx_word' id='word_1_189' title='bbox 2398 2927 2628 3021; x_wconf 90' lang='lat' dir='ltr'><strong>ipsum</strong></span> <span class='ocrx_word' id='word_1_190' title='bbox 2684 2926 2991 2998; x_wconf 90' lang='lat' dir='ltr'><strong>bannum</strong></span> <span class='ocrx_word' id='word_1_191' title='bbox 3051 2935 3386 3021; x_wconf 89' lang='lat' dir='ltr'><strong>perpetuo</strong></span> <span class='ocrx_word' id='word_1_192' title='bbox 3443 2927 3804 3021; x_wconf 89' lang='lat' dir='ltr'><strong>pertinere.</strong></span> <span class='ocrx_word' id='word_1_193' title='bbox 3861 2929 3947 3000; x_wconf 90' lang='lat' dir='ltr'><strong>Ut</strong></span> 
     </span>
     <span class='ocr_line' id='line_1_21' title="bbox 1127 3046 3941 3145; baseline -0.001 -20"><span class='ocrx_word' id='word_1_194' title='bbox 1127 3052 1340 3142; x_wconf 89' lang='lat' dir='ltr'><strong>igitur</strong></span> <span class='ocrx_word' id='word_1_195' title='bbox 1373 3052 1503 3123; x_wconf 93' lang='lat' dir='ltr'><strong>hec</strong></span> <span class='ocrx_word' id='word_1_196' title='bbox 1524 3051 1801 3124; x_wconf 82' lang='lat' dir='ltr'><strong>libertas</strong></span> <span class='ocrx_word' id='word_1_197' title='bbox 1826 3060 1896 3123; x_wconf 87' lang='lat' dir='ltr'><strong>et</strong></span> <span class='ocrx_word' id='word_1_198' title='bbox 1924 3051 2140 3145; x_wconf 88' lang='lat' dir='ltr'><strong>gratia</strong></span> <span class='ocrx_word' id='word_1_199' title='bbox 2179 3050 2300 3122; x_wconf 90' lang='lat' dir='ltr'><strong>tibi</strong></span> <span class='ocrx_word' id='word_1_200' title='bbox 2339 3052 2512 3122; x_wconf 79' lang='lat' dir='ltr'><strong>facta</strong></span> <span class='ocrx_word' id='word_1_201' title='bbox 2541 3059 2938 3144; x_wconf 89' lang='lat' dir='ltr'><strong>perpetuam</strong></span> <span class='ocrx_word' id='word_1_202' title='bbox 2963 3048 3269 3122; x_wconf 87' lang='lat' dir='ltr'><strong>obtineat</strong></span> <span class='ocrx_word' id='word_1_203' title='bbox 3300 3046 3686 3121; x_wconf 85' lang='lat' dir='ltr'><strong>firmitatem</strong></span> <span class='ocrx_word' id='word_1_204' title='bbox 3709 3103 3730 3143; x_wconf 90' lang='lat'>,</span> <span class='ocrx_word' id='word_1_205' title='bbox 3785 3070 3941 3144; x_wconf 88' lang='lat' dir='ltr'><strong>pre·</strong></span> 
     </span>
     <span class='ocr_line' id='line_1_22' title="bbox 1128 3171 3946 3270; baseline -0.001 -24"><span class='ocrx_word' id='word_1_206' title='bbox 1128 3176 1300 3246; x_wconf 87' lang='lat' dir='ltr'><strong>senti</strong></span> <span class='ocrx_word' id='word_1_207' title='bbox 1363 3174 1725 3270; x_wconf 87' lang='lat' dir='ltr'><strong>privilegio</strong></span> <span class='ocrx_word' id='word_1_208' title='bbox 1770 3195 1927 3247; x_wconf 90' lang='lat' dir='ltr'><strong>eam</strong></span> <span class='ocrx_word' id='word_1_209' title='bbox 1976 3174 2101 3245; x_wconf 86' lang='lat' dir='ltr'><strong>tibi</strong></span> <span class='ocrx_word' id='word_1_210' title='bbox 2155 3182 2224 3246; x_wconf 92' lang='lat' dir='ltr'><strong>et</strong></span> <span class='ocrx_word' id='word_1_211' title='bbox 2272 3172 2559 3246; x_wconf 88' lang='lat' dir='ltr'><strong>ecclesie</strong></span> <span class='ocrx_word' id='word_1_212' title='bbox 2609 3181 2725 3246; x_wconf 89' lang='lat' dir='ltr'><strong>tue</strong></span> <span class='ocrx_word' id='word_1_213' title='bbox 2784 3172 3057 3267; x_wconf 89' lang='lat' dir='ltr'><strong>tuisque</strong></span> <span class='ocrx_word' id='word_1_214' title='bbox 3118 3172 3636 3245; x_wconf 86' lang='lat' dir='ltr'><strong>successoribus</strong></span> <span class='ocrx_word' id='word_1_215' title='bbox 3682 3171 3946 3245; x_wconf 89' lang='lat' dir='ltr'><strong>confir—</strong></span> 
     </span>
    </p>
   </div>
   <div class='ocr_carea' id='block_1_5' title="bbox 1129 3319 3944 3516">
    <p class='ocr_par' dir='ltr' id='par_1_5' title="bbox 1129 3319 3944 3516">
     <span class='ocr_line' id='line_1_23' title="bbox 1129 3319 1427 3370; baseline -0.007 0"><span class='ocrx_word' id='word_1_216' title='bbox 1129 3319 1427 3370; x_wconf 89' lang='lat' dir='ltr'><strong>mamus.</strong></span> 
     </span>
     <span class='ocr_line' id='line_1_24' title="bbox 1227 3417 3944 3516; baseline -0.001 -23"><span class='ocrx_word' id='word_1_217' title='bbox 1227 3421 1474 3494; x_wconf 89' lang='lat' dir='ltr'><strong>Actum</strong></span> <span class='ocrx_word' id='word_1_218' title='bbox 1531 3420 1721 3516; x_wconf 89' lang='lat' dir='ltr'><strong>apud</strong></span> <span class='ocrx_word' id='word_1_219' title='bbox 1763 3421 2177 3515; x_wconf 87' lang='lat' dir='ltr'><strong>Altenburg,</strong></span> <span class='ocrx_word' id='word_1_220' title='bbox 2234 3441 2417 3494; x_wconf 90' lang='lat' dir='ltr'><strong>anno</strong></span> <span class='ocrx_word' id='word_1_221' title='bbox 2470 3420 2688 3516; x_wconf 88' lang='lat' dir='ltr'><strong>gratie</strong></span> <span class='ocrx_word' id='word_1_222' title='bbox 2736 3418 3094 3492; x_wconf 88' lang='lat' dir='ltr'><strong>millesimo</strong></span> <span class='ocrx_word' id='word_1_223' title='bbox 3143 3418 3268 3491; x_wconf 91' lang='lat' dir='ltr'><strong>CC.</strong></span> <span class='ocrx_word' id='word_1_224' title='bbox 3296 3417 3644 3512; x_wconf 86' lang='lat' dir='ltr'>XXXIIII,</span> <span class='ocrx_word' id='word_1_225' title='bbox 3700 3428 3944 3512; x_wconf 86' lang='lat' dir='ltr'><strong>quarto</strong></span> 
     </span>
    </p>
   </div>
   <div class='ocr_carea' id='block_1_6' title="bbox 1133 3544 2414 3642">
    <p class='ocr_par' dir='ltr' id='par_1_6' title="bbox 1133 3544 2414 3642">
     <span class='ocr_line' id='line_1_25' title="bbox 1133 3544 2414 3642; baseline -0.001 -24"><span class='ocrx_word' id='word_1_226' title='bbox 1133 3546 1295 3619; x_wconf 90' lang='lat' dir='ltr'><strong>idus</strong></span> <span class='ocrx_word' id='word_1_227' title='bbox 1330 3544 1438 3642; x_wconf 74' lang='lat'><strong>(⁴)</strong></span> <span class='ocrx_word' id='word_1_228' title='bbox 1461 3546 1653 3639; x_wconf 88' lang='lat' dir='ltr'><strong>julii,</strong></span> <span class='ocrx_word' id='word_1_229' title='bbox 1696 3545 2073 3620; x_wconf 88' lang='lat' dir='ltr'><strong>indictione</strong></span> <span class='ocrx_word' id='word_1_230' title='bbox 2099 3546 2414 3641; x_wconf 87' lang='lat' dir='ltr'><strong>septima.</strong></span> 
     </span>
    </p>
   </div>
   <div class='ocr_carea' id='block_1_7' title="bbox 846 4121 3942 4237">
    <p class='ocr_par' dir='ltr' id='par_1_7' title="bbox 846 4121 3942 4237">
     <span class='ocr_line' id='line_1_26' title="bbox 846 4121 3942 4237; baseline -0.004 -24"><span class='ocrx_word' id='word_1_231' title='bbox 846 4170 971 4225; x_wconf 75' lang='lat' dir='ltr'><strong>Apud</strong></span> <span class='ocrx_word' id='word_1_232' title='bbox 1239 4131 1647 4237; x_wconf 79' lang='lat' dir='ltr'><strong>HenricuS‚</strong></span> <span class='ocrx_word' id='word_1_233' title='bbox 1704 4129 2225 4214; x_wconf 88' lang='lat' dir='ltr'><strong>Romanorum</strong></span> <span class='ocrx_word' id='word_1_234' title='bbox 2278 4154 2441 4235; x_wconf 84' lang='lat' dir='ltr'><strong>rex,</strong></span> <span class='ocrx_word' id='word_1_235' title='bbox 2482 4127 2838 4210; x_wconf 89' lang='lat' dir='ltr'><strong>ecclesiae</strong></span> <span class='ocrx_word' id='word_1_236' title='bbox 2881 4124 3340 4212; x_wconf 88' lang='lat' dir='ltr'><strong>Goslariensi</strong></span> <span class='ocrx_word' id='word_1_237' title='bbox 3384 4121 3860 4231; x_wconf 83' lang='lat' dir='ltr'><strong>privilegium</strong></span> <span class='ocrx_word' id='word_1_238' title='bbox 3896 4146 3942 4201; x_wconf 87' lang='lat' dir='ltr'><strong>a</strong></span> 
     </span>
    </p>
   </div>
   <div class='ocr_carea' id='block_1_8' title="bbox 773 4225 2844 4400">
    <p class='ocr_par' dir='ltr' id='par_1_8' title="bbox 773 4225 2844 4400">
     <span class='ocr_line' id='line_1_27' title="bbox 773 4225 1043 4272; baseline 0.022 -6"><span class='ocrx_word' id='word_1_239' title='bbox 773 4225 967 4268; x_wconf 58' lang='lat' dir='ltr'><strong>insensu</strong></span> <span class='ocrx_word' id='word_1_240' title='bbox 1032 4254 1043 4272; x_wconf 89' lang='lat'><strong>.</strong></span> 
     </span>
     <span class='ocr_line' id='line_1_28' title="bbox 826 4234 2844 4400; baseline -0.001 -20"><span class='ocrx_word' id='word_1_241' title='bbox 826 4234 1018 4332; x_wconf 49' lang='lat' dir='ltr'><strong>Mune</strong></span> <span class='ocrx_word' id='word_1_242' title='bbox 1218 4319 1307 4400; x_wconf 83' lang='lat' dir='ltr'><strong>(a)</strong></span> <span class='ocrx_word' id='word_1_243' title='bbox 1350 4320 1448 4381; x_wconf 79' lang='lat' dir='ltr'><strong>Sic</strong></span> <span class='ocrx_word' id='word_1_244' title='bbox 1478 4338 1494 4379; x_wconf 73' lang='grc' dir='ltr'><strong><em>ε</em></strong></span> <span class='ocrx_word' id='word_1_245' title='bbox 1529 4318 1825 4379; x_wconf 78' lang='lat' dir='ltr'><strong>evidenter</strong></span> <span class='ocrx_word' id='word_1_246' title='bbox 1848 4323 2048 4378; x_wconf 86' lang='lat' dir='ltr'><strong>tamen</strong></span> <span class='ocrx_word' id='word_1_247' title='bbox 2074 4316 2391 4394; x_wconf 80' lang='lat' dir='ltr'><strong>legendum</strong></span> <span class='ocrx_word' id='word_1_248' title='bbox 2427 4313 2844 4397; x_wconf 75' lang='lat' dir='ltr'><strong>Theqenlmrdi.</strong></span> 
     </span>
    </p>
   </div>
   <div class='ocr_carea' id='block_1_9' title="bbox 3543 4455 3927 4466">
    <p class='ocr_par' dir='ltr' id='par_1_9' title="bbox 3543 4455 3927 4466">
     <span class='ocr_line' id='line_1_29' title="bbox 3543 4455 3927 4466; baseline 0 1336"><span class='ocrx_word' id='word_1_249' title='bbox 3543 4455 3927 4466; x_wconf 95' lang='lat' dir='ltr'><strong> </strong></span> 
     </span>
    </p>
   </div>
   <div class='ocr_carea' id='block_1_10' title="bbox 2601 4462 3150 4474">
    <p class='ocr_par' dir='ltr' id='par_1_10' title="bbox 2601 4462 3150 4474">
     <span class='ocr_line' id='line_1_30' title="bbox 2601 4462 3150 4474; baseline 0 1328"><span class='ocrx_word' id='word_1_250' title='bbox 2601 4462 3150 4474; x_wconf 95' lang='lat' dir='ltr'><strong> </strong></span> 
     </span>
    </p>
   </div>
   <div class='ocr_carea' id='block_1_11' title="bbox 1133 4543 3940 4728">
    <p class='ocr_par' dir='ltr' id='par_1_11' title="bbox 1133 4543 3940 4728">
     <span class='ocr_line' id='line_1_31' title="bbox 1210 4543 3940 4630; baseline -0.005 -18"><span class='ocrx_word' id='word_1_251' title='bbox 1210 4555 1283 4630; x_wconf 77' lang='lat' dir='ltr'><strong>(l)</strong></span> <span class='ocrx_word' id='word_1_252' title='bbox 1319 4556 1594 4626; x_wconf 68' lang='lat' dir='ltr'><strong>mendose,</strong></span> <span class='ocrx_word' id='word_1_253' title='bbox 1622 4553 1745 4612; x_wconf 88' lang='lat' dir='ltr'><strong>licet</strong></span> <span class='ocrx_word' id='word_1_254' title='bbox 1767 4570 1833 4611; x_wconf 87' lang='lat' dir='ltr'><strong>ex</strong></span> <span class='ocrx_word' id='word_1_255' title='bbox 1861 4551 2097 4625; x_wconf 81' lang='lat' dir='ltr'><strong>originali</strong></span> <span class='ocrx_word' id='word_1_256' title='bbox 2120 4558 2512 4626; x_wconf 87' lang='lat' dir='ltr'><strong>transumptum</strong></span> <span class='ocrx_word' id='word_1_257' title='bbox 2544 4552 2764 4610; x_wconf 87' lang='lat' dir='ltr'><strong>dicatur.</strong></span> <span class='ocrx_word' id='word_1_258' title='bbox 2802 4550 2917 4607; x_wconf 85' lang='lat' dir='ltr'><strong>Rex</strong></span> <span class='ocrx_word' id='word_1_259' title='bbox 2946 4564 3139 4622; x_wconf 86' lang='lat' dir='ltr'><strong>nempe</strong></span> <span class='ocrx_word' id='word_1_260' title='bbox 3167 4553 3358 4623; x_wconf 87' lang='lat' dir='ltr'><strong>quarto</strong></span> <span class='ocrx_word' id='word_1_261' title='bbox 3388 4547 3508 4604; x_wconf 89' lang='lat' dir='ltr'><strong>idus</strong></span> <span class='ocrx_word' id='word_1_262' title='bbox 3531 4545 3648 4621; x_wconf 84' lang='lat' dir='ltr'><strong>julii</strong></span> <span class='ocrx_word' id='word_1_263' title='bbox 3680 4545 3776 4620; x_wconf 61' lang='grc' dir='ltr'><strong>(ΑΞ</strong></span> <span class='ocrx_word' id='word_1_264' title='bbox 3801 4543 3940 4617; x_wconf 86' lang='lat' dir='ltr'><strong>julii)</strong></span> 
     </span>
     <span class='ocr_line' id='line_1_32' title="bbox 1133 4647 3197 4728; baseline -0.003 -19"><span class='ocrx_word' id='word_1_265' title='bbox 1133 4653 1278 4728; x_wconf 90' lang='lat' dir='ltr'><strong>apud</strong></span> <span class='ocrx_word' id='word_1_266' title='bbox 1302 4653 1499 4725; x_wconf 81' lang='lat' dir='ltr'><strong>Egram</strong></span> <span class='ocrx_word' id='word_1_267' title='bbox 1522 4651 1847 4710; x_wconf 86' lang='lat' dir='ltr'><strong>morabatur.</strong></span> <span class='ocrx_word' id='word_1_268' title='bbox 1868 4650 2024 4711; x_wconf 86' lang='lat' dir='ltr'><strong>Unde</strong></span> <span class='ocrx_word' id='word_1_269' title='bbox 2041 4650 2160 4709; x_wconf 78' lang='lat' dir='ltr'><strong>vice</strong></span> <span class='ocrx_word' id='word_1_270' title='bbox 2185 4650 2310 4708; x_wconf 76' lang='lat' dir='ltr'><strong>idus</strong></span> <span class='ocrx_word' id='word_1_271' title='bbox 2332 4650 2614 4723; x_wconf 82' lang='lat' dir='ltr'><strong>legendum</strong></span> <span class='ocrx_word' id='word_1_272' title='bbox 2639 4665 2812 4706; x_wconf 69' lang='lat' dir='ltr'><strong>nonas</strong></span> <span class='ocrx_word' id='word_1_273' title='bbox 2835 4647 3197 4722; x_wconf 87' lang='lat' dir='ltr'><strong>proponimus.</strong></span> 
     </span>
    </p>
   </div>
  </div>
 </body>
</html>
