4842 5802
846 840 1122 961 Q

867 1168 930 1219 1⁰
948 1161 1104 1238 julii.
1265 1157 1472 1219 Reate.

886 1557 918 1610 3
933 1549 1091 1624 julii.
1265 1543 1472 1606 Reate.

871 2038 906 2088 5
932 2030 1089 2106 julii.
1265 2030 1472 2092 Reate.

848 2617 917 2670 13
957 2610 1111 2689 julii.
1263 2614 1469 2676 Reate.

1765 636 2023 697 INDEX
2070 632 2770 697 DochEN'ronnM.
3557 633 3679 697 985

1694 981 1820 1025 rem
1844 967 1907 1024 ln
1935 972 2222 1042 apparatu
2246 965 2492 1044 pacifico
2516 970 2718 1028 venire
2736 973 3073 1046 properant,
3091 966 3342 1029 liberum
3359 970 3677 1030 transitum

1693 1064 2055 1139 permittant.
3554 1073 3671 1126 470

1615 1192 1698 1203 -
1735 1158 1832 1218 Ad
1859 1159 2342 1234 supplicationem
2369 1160 2608 1221 Hem-ici
2638 1168 2699 1222 et
2737 1160 2991 1223 Conradi
3026 1160 3278 1221 fratrum
3315 1161 3675 1239 lantgravio-

1695 1272 1828 1315 rnm
1863 1255 2222 1333 ThurIngiae
2239 1300 2259 1335 ,
2297 1257 2587 1335 hospitale
2623 1257 2824 1319 Sancti
2859 1258 3156 1318 Francisci
3192 1258 3352 1334 apud
3390 1259 3678 1338 Mas-purg

1696 1368 1832 1412 cum
1860 1352 2136 1412 omnibus
2160 1356 2294 1430 ejus
2322 1355 2559 1430 juribus
2585 1355 2789 1416 domui
2831 1355 3139 1432 hospitalis
3175 1354 3422 1416 Sanctae
3454 1355 3676 1418 Mariae

1696 1449 2194 1516 'theutonicorum
2221 1452 2470 1512 confert.
3269 1461 3419 1531 478,
3446 1459 3574 1514 ιιοι.
3612 1464 3669 1515 1.

1617 1577 1697 1590 —
1734 1546 2084 1607 Lombardis
2108 1547 2311 1607 scribit
2337 1549 2519 1625 quod,
2536 1550 2588 1608 si
2613 1550 2697 1610 eis
2714 1548 3089 1609 mandaverit
3114 1554 3183 1609 ιιι
3208 1548 3458 1610 liberum
3484 1555 3675 1612 trans-

1695 1645 1848 1704 itum
1887 1644 2095 1704 darent
2127 1644 2413 1705 militibus
2455 1646 2531 1705 ad
2563 1647 2976 1722 imperatorem
3019 1662 3126 1722 pro
3163 1646 3428 1707 subsidio
3468 1647 3673 1709 Eccle-

1696 1742 1816 1801 sIae
1869 1748 2072 1800 contra
2130 1742 2430 1802 Romanos
2482 1743 2854 1804 venientibus
2869 1785 2888 1816 ,
2940 1759 3060 1802 non
3117 1744 3182 1802 in
3235 1743 3433 1819 aliquo
3496 1745 3675 1805 modo

1695 1844 2065 1911 moveantur,
2087 1837 2229 1898 dum
2251 1855 2368 1898 non
2390 1846 2575 1899 cesset
2598 1856 2706 1916 pro
2727 1856 2934 1900 eorum
2955 1844 3114 1900 statu
3141 1841 3541 1900 conservando
3564 1857 3676 1917 op-

1695 1939 1948 2009 portuna
1969 1934 2212 1993 consilia
2237 1936 2516 2011 cogitare.
3384 1944 3524 2010 471,
3558 1946 3673 1998 472

1615 2063 1698 2074 -
1736 2031 2151 2091 Treverensem
2199 2029 2699 2108 archiepiscopum
2741 2036 2943 2091 monet
2993 2048 3057 2092 se
3098 2032 3353 2093 Henrico
3395 2033 3680 2094 Friderici

1694 2129 2094 2188 Rornanorum
2131 2128 2504 2202 imperatoris
2534 2126 2659 2186 filio
2694 2128 2992 2203 scripsisse
3027 2135 3097 2187 ut
3116 2131 3295 2205 juxta
3334 2132 3677 2205 promissio-

1692 2241 1830 2283 nem
1869 2239 2039 2283 suam
2073 2225 2227 2299 patri
2266 2238 2375 2282 suo
2417 2222 2670 2283 devotus
2711 2228 2772 2283 et
2806 2222 3088 2284 obediens
3124 2228 3363 2285 existat.
3394 2225 3678 2302 Alioquin

1692 2323 2128 2399 archiepiscopo
2176 2322 2424 2382 mandat
2465 2327 2534 2381 ut
2582 2321 2855 2382 eumdem
2899 2323 3220 2383 Henricnm
3263 2339 3370 2399 pro
3423 2327 3678 2401 perjurio

1692 2420 2272 2480 excommunicatum
2316 2435 2421 2495 per
2477 2419 2831 2479 Teutoniam
2873 2421 3118 2480 nunciet
3158 2425 3218 2479 et
3262 2422 3529 2480 nunciarl
3582 2421 3676 2481 fa-

1691 2519 1832 2579 ciat.
3558 2525 3673 2578 478

1613 2645 1694 2656 —-
1731 2612 1827 2672 Ad
1852 2628 2054 2688 preces
2067 2612 2350 2672 Friderici
2371 2614 2775 2673 Romanorum
2795 2612 3188 2688 imperatoris,
3203 2612 3386 2673 electo
3408 2612 3675 2674 Curiensi

1690 2710 1959 2770 concedit
1983 2714 2053 2770 ιιι
2089 2708 2317 2769 fructus
2353 2707 2771 2768 beneficiorum
2806 2723 2959 2785 quae
2995 2711 3161 2785 prins
3198 2711 3480 2771 canonice
3518 2710 3676 2770 obti-

1691 2807 1888 2878 nebat,
1916 2822 2103 2883 usque
2130 2805 2206 2866 ad
2234 2822 2409 2867 snum
2437 2805 2870 2881 beneplacitum
2898 2807 3150 2866 retinere
3175 2808 3382 2883 possit.
3555 2812 3673 2867 476

881 2911 914 2961 7
944 2918 1086 2983 aug.
1144 2903 1576 2981 Ap.Arronem.
1610 2936 1694 2947 —
1733 2903 2005 2963 Nobilem
2034 2905 2230 2962 virum
2266 2903 2603 2962 Johannem
2641 2900 2716 2960 de
2755 2899 2983 2961 Ibelino
3023 2903 3219 2980 arguit
3258 2901 3419 2978 quod
3453 2900 3677 2962 Fride-

863 3194 1067 3278 81aug.
1237 3195 1482 3273 Spoleti.

876 3683 911 3735 8
937 3691 1077 3755 aug.
1236 3673 1479 3751 Spoleti.

857 4166 894 4217 4
924 4163 1077 4237 sept.
1228 4152 1473 4230 Spoleti.

863 4551 934 4604 27
957 4550 1075 4607 oct.
1222 4540 1471 4602 Perusii.

984 4842 1093 4905 IV·
1135 4857 1248 4903 Pars
1272 4859 1318 4903 2.

1691 3003 1879 3062 ricum
1907 3003 2309 3062 Romanorum
2337 3003 2747 3076 imperatorem
2772 2997 3107 3073 offenderit,
3133 3002 3304 3077 eique
3328 2999 3577 3059 mandat
3604 3006 3675 3059 ut

1687 3099 2031 3161 satisfaciat.
3314 3104 3421 3156 481
3460 3103 3522 3157 et
3551 3104 3665 3157 948

1608 3227 1691 3242 -
1729 3195 2020 3257 Omnibus
2066 3193 2340 3270 praelatis
2383 3192 2899 3270 Hierosolymitani
2938 3194 3104 3270 regni
3133 3194 3398 3265 nuntiat,
3429 3209 3493 3253 se
3531 3209 3669 3254 cum

1686 3295 1905 3354 Terrae
1928 3293 2179 3353 Sanctae
2205 3290 2467 3351 subsidio
2494 3289 2963 3350 subveniendum
2988 3290 3340 3366 providerit,
3371 3289 3446 3349 ad
3473 3296 3667 3367 partes

1688 3392 1820 3451 illas
1838 3390 2135 3449 destinare
2161 3387 2589 3448 Theodericum
2616 3388 2934 3447 Ravennae
2955 3386 3477 3463 archiepiscopum,
3508 3387 3668 3462 Apo-

1688 3485 1929 3544 stolicae
1953 3482 2121 3543 Sedis
2145 3482 2403 3559 legatum
2417 3524 2435 3553 ‚
2467 3483 2565 3540 cui
2592 3496 2770 3556 super
2795 3497 2940 3558 pace
2964 3480 3047 3539 ibi
3073 3481 3445 3542 reformanda
3469 3485 3663 3543 inten-

1687 3580 1825 3639 dere
1851 3583 2188 3654 procurent.
3544 3586 3654 3637 481

1608 3706 1691 3721 -
1725 3673 2008 3734 Praelatis
2033 3676 2093 3731 et
2118 3670 2404 3731 universis
2438 3671 2600 3747 regni
2636 3669 3153 3747 Hierosolymitani
3180 3669 3421 3730 mandat
3453 3676 3522 3732 ιιι
3553 3688 3662 3749 pa-

1685 3787 1815 3833 cem
1842 3772 1998 3829 inter
2022 3771 2180 3845 ipsos
2221 3772 2282 3827 et
2317 3769 2732 3843 imperatorem
2772 3768 2979 3826 initam
3014 3766 3430 3827 inviolabiliter
3460 3768 3663 3828 obser-

1682 3875 1855 3938 vent3
1914 3865 2174 3941 alioquin
2223 3879 2287 3923 se
2337 3862 2774 3939 archiepiscopo
2824 3862 3157 3922 Ravennati
3209 3865 3540 3940 injunxisse
3590 3871 3660 3925 ut

1682 3964 1882 4025 omnia
1906 3963 1971 4021 in
1996 3977 2136 4022 enm
2175 3964 2393 4020 statum
2430 3960 2671 4019 reducat
2698 3960 2763 4018 in
2799 3974 2919 4037 quo
2946 3965 3082 4018 ante
3106 3958 3409 4020 subortam
3436 3962 3657 4023 discor-

1681 4061 1842 4121 diam
1866 4059 2050 4119 fuisse
2074 4062 2421 4117 noscuntur.
3359 4065 3500 4129 482,
3534 4067 3648 4120 483

1598 4190 1680 4203 -
1717 4157 2037 4218 Universos
2079 4153 2282 4213 fideles
2327 4168 2433 4229 per
2480 4151 2759 4229 Angliam
2824 4151 3175 4212 constitutos
3231 4159 3432 4212 monet
3490 4156 3653 4231 quod

1677 4271 1865 4334 quum
1908 4255 2141 4313 vicinus
2183 4252 2262 4311 sit
2301 4251 2591 4310 terminus
2626 4255 2965 4327 treugarum
3004 4248 3082 4309 ab
3120 4251 3469 4327 imperatore
3512 4269 3651 4315 cum

1675 4352 1920 4412 soldano
1955 4352 2234 4409 initarum
2248 4391 2266 4420 ,
2296 4349 2549 4425 quisque
2574 4346 2650 4406 ad
2677 4346 2890 4407 Terrae
2913 4345 3161 4408 Sanctae
3195 4347 3524 4409 subsidium
3552 4354 3649 4410 vi-

1675 4450 1859 4508 riliter
1883 4463 1949 4506 se
1974 4448 2263 4523 aecIngat.
3255 4451 3395 4517 482,
3423 4452 3551 4509 not.
3588 4456 3614 4507 1
3630 4493 3646 4509 .

1597 4576 1675 4588 —
1714 4541 2060 4603 Rectoribus
2098 4540 2402 4601 Societatis
2445 4537 2834 4599 LombardIae
2867 4537 3070 4598 scribit
3107 4540 3521 4615 imperatorem
3552 4548 3648 4603 to-

1673 4646 1805 4700 tum
1832 4641 2133 4715 negotium
2160 4637 2322 4713 quod
2345 4638 2500 4696 inter
2523 4637 2717 4712 ipsum
2739 4641 2799 4695 et
2821 4634 3183 4695 Lombardos
3210 4638 3476 4711 vertitur,
3510 4656 3649 4716 pro-

1674 4736 1886 4796 visioni
1910 4735 2203 4795 Ecclesiae
2242 4734 2502 4811 praecise
2539 4732 2899 4793 commisisse
2911 4749 2931 4808 3
2961 4732 3122 4793 unde
3144 4734 3291 4810 petit
3315 4740 3385 4795 ιιι
3407 4735 3520 4797 sibi
3547 4753 3649 4814 pa-

3219 4847 3334 4899 124
