4842 5802
873 667 1067 724 inmcr.
1100 663 1194 741 8.]
1775 661 2170 722 msromA
2220 661 2803 723 mrsouarnca,
3575 664 3695 726 729

877 794 1180 904 speciali
1246 788 1554 903 recipit,
1630 794 2010 877 mandans
2081 821 2178 878 ne
2254 794 2533 905 aliquis
2604 819 2732 877 eas
2802 793 2882 874 in
2951 792 3211 904 aliquo
3289 793 3692 879 molestare

869 936 1335 1035 praesumat.

1038 1139 1284 1218 (Inedit.
1325 1157 1400 1201 ex
1439 1142 1683 1217 origin„
1713 1142 1864 1200 inter
1889 1157 2154 1219 pergam.
2195 1141 2525 1212 Dusseren,
2568 1147 2638 1198 n·
2679 1147 2748 1209 2,
2778 1140 2842 1198 in
2875 1137 3102 1198 archiv.
3133 1153 3258 1216 reg.
3289 1140 3556 1214 provinc.
3586 1155 3685 1216 ap.

1111 1245 1477 1307 Dusseldorf.
1513 1245 1740 1308 Pendet
1782 1245 1977 1307 adhuc
2003 1247 2262 1324 sigilium
2289 1246 2459 1306 albae
2500 1261 2668 1306 cerae
2693 1260 2831 1305 cum
2856 1243 2974 1304 filis
3000 1246 3201 1304 scricis
3235 1244 3381 1305 flavi
3421 1250 3482 1304 et
3526 1243 3690 1305 rubri

1110 1348 1373 1430 coloriS.)

968 1539 1370 1611 Fredericus
1391 1591 1411 1628 ,
1447 1539 1572 1612 Dei
1606 1539 1826 1633 gratia
1855 1540 2317 1611 Romanorum
2350 1539 2719 1633 imperator
2750 1559 3021 1632 semper
3064 1544 3439 1630 augustus,
3477 1538 3689 1610 Jeru-

875 1663 1085 1735 salem
1120 1671 1189 1734 et
1215 1663 1446 1735 Sicilie
1500 1684 1653 1734 rex.
1696 1663 1822 1734 Per
1853 1684 2142 1757 presens
2172 1662 2503 1757 scriptum
2541 1670 2779 1736 notum
2813 1661 2961 1734 fieri
2997 1662 3320 1733 volumus
3348 1662 3692 1734 universis

876 1784 1197 1858 fidelibus
1241 1786 1492 1857 nostris
1549 1794 1618 1858 et
1665 1786 1934 1880 imperii
1983 1794 2123 1858 tam
2168 1786 2596 1879 presentibus
2626 1808 2838 1881 quam
2895 1784 3145 1856 futuris
3177 1784 3369 1878 quod
3424 1837 3443 1855 .
3503 1839 3522 1857 .
3584 1840 3602 1858 .
3662 1840 3682 1858 .

876 1911 1290 1983 venerabilis
1347 1910 1694 1983 abbatissa
1748 1920 1817 1983 et
1870 1919 2251 1983 conventus
2315 1911 2709 1983 monasterii
2762 1908 2852 1982 de
2897 1911 3241 1981 Dusseren
3274 1906 3410 2005 (i),
3453 1909 3691 1984 fideles

878 2040 1129 2125 nostre,
1157 2035 1495 2126 majestati
1521 2042 1749 2107 nostre
1775 2034 2127 2106 humiliter
2159 2035 2634 2130 supplicarunt
2664 2043 2743 2105 ut
2769 2041 2906 2105 tam
2945 2034 3132 2128 ipsas
3168 2055 3377 2125 quam
3406 2041 3475 2105 et
3509 2034 3691 2106 bona

876 2158 1269 2231 monasterii
1308 2157 1623 2250 ejusdem
1659 2159 1792 2230 sub
1817 2166 2052 2231 nostra
2087 2166 2158 2231 et
2182 2158 2456 2254 imperii
2486 2157 2907 2254 protectione
2937 2156 3029 2230 de
3060 2165 3287 2229 nostra
3316 2156 3534 2250 gratia
3565 2179 3689 2229 re-

877 2280 1103 2375 cipere
1139 2280 1606 2375 dignaremur.
1641 2282 1781 2354 Nos
1818 2282 2029 2376 igitur
2065 2282 2688 2378 supplicationibus
2734 2281 2880 2353 suis
2907 2280 3205 2374 benigne
3233 2288 3303 2352 et
3331 2281 3690 2353 favorabi-

875 2403 1033 2475 liter
1095 2403 1436 2495 inclinati,
1503 2403 1853 2499 predictas
1906 2405 2322 2478 abbatissam
2381 2416 2453 2478 et
2505 2414 2925 2477 conventum
2988 2403 3227 2478 fideles
3281 2413 3553 2477 nostras
3624 2414 3695 2478 et

879 2528 1370 2600 monasterium
1428 2528 1655 2623 ipsum
1710 2551 1871 2602 cum
1922 2530 2246 2602 omnihus
2281 2530 2485 2602 honis
2536 2529 2683 2600 suis
2712 2549 2850 2621 que
2885 2528 2960 2599 in
2992 2526 3488 2623 presentiarum
3510 2527 3696 2618 juste

881 2657 1065 2722 tenet
1099 2658 1169 2722 et
1201 2650 1508 2745 possidet
1542 2661 1611 2725 et
1642 2674 1781 2747 que
1821 2654 1893 2724 in
1926 2663 2126 2727 antea
2150 2656 2339 2747 justo
2374 2654 2575 2725 titulo
2605 2652 2854 2747 poterit
2884 2651 3210 2747 adipisci,
3248 2653 3381 2723 snb
3416 2659 3698 2746 proteo-

884 2773 1067 2847 tione
1095 2783 1326 2847 nostra
1357 2786 1429 2848 et
1458 2776 1727 2872 imperii
1753 2778 2139 2872 recepimus
2182 2778 2490 2873 speciali.
2532 2776 2959 2849 Presentinm
3002 2776 3212 2870 igitur
3238 2784 3473 2848 tenore
3502 2796 3701 2847 man-

884 2896 1134 2970 damus
1169 2897 1453 2972 firmiter
1484 2900 1875 2974 inhibentes
1905 2901 2233 2995 quatinus
2265 2901 2499 2973 nullus
2534 2901 2619 2973 sit
2666 2901 2784 2994 qui
2824 2901 3118 2996 prefatas
3161 2899 3580 2972 abbatissam
3632 2909 3703 2972 et

882 3032 1296 3096 conventum
1330 3021 1574 3097 fideles
1595 3034 1861 3098 nostras
1888 3048 1969 3098 ac
1994 3025 2224 3121 ipsum
2250 3025 2739 3097 monasterium
2770 3033 3003 3096 contra
3027 3024 3238 3114 hujus
3263 3022 3703 3117 protectionis

879 3155 1108 3219 nostre
1159 3148 1487 3241 paginam
1535 3170 1711 3221 ausu
1759 3149 2123 3222 temerario
2170 3149 2243 3220 in
2289 3149 2524 3242 aliquo
2574 3149 2934 3222 molestare
2966 3147 3307 3233 indebite,
3366 3146 3702 3242 impedire

881 3268 992 3339 vel
1032 3268 1417 3362 inquietare
1465 3281 1841 3364 presumat.
1900 3270 2103 3357 Quod
2164 3271 2287 3365 qui
2332 3270 2824 3367 presumpserit
2882 3270 3426 3364 indignationem
3491 3269 3702 3343 nostri

883 3391 1201 3463 culminis
1253 3413 1329 3463 se
1379 3394 1645 3465 noverit
1689 3395 2157 3467 incursurum.
2211 3393 2320 3468 Ad
2363 3395 2574 3487 hujus
2601 3394 2835 3489 itaque
2867 3394 2967 3467 rei
3003 3394 3401 3467 memoriam
3441 3404 3511 3466 et
3546 3414 3700 3489 per-

888 3522 1161 3606 petuam
1187 3512 1599 3604 firmitatem,
1623 3537 1905 3611 presens
1935 3519 2270 3612 scriptum
2294 3516 2443 3589 fieri
2465 3517 2802 3608 iussimus
2827 3517 3193 3608 majestatis
3224 3524 3452 3589 nostre
3476 3516 3702 3609 sigillo

888 3634 1254 3705 munitum.

983 3758 1232 3828 Datum
1260 3767 1433 3850 aput
1476 3758 1935 3833 Wormaciam
1957 3816 1977 3851 ,
2032 3783 2215 3833 anno
2251 3761 2596 3836 dominice
2640 3762 3131 3837 incarnationis
3154 3761 3517 3836 millesimo
3553 3761 3701 3836 du-

893 3879 1262 3952 centesimo
1298 3881 1639 3954 tricesimo
1660 3884 1899 3976 quinto
1919 3941 1935 3972 ‚
1977 3906 2215 3958 mense
2243 3887 2444 3978 julii,
2486 3897 2728 3961 octave
2762 3886 3184 3960 indictionis.

2855 4191 3254 4206 -ffl

1001 4461 1429 4569 ConraduS,
1460 4463 2104 4552 Hildeshemensis
2140 4470 2567 4579 episcopuS,
2612 4471 2973 4581 Gregorio
3007 4499 3247 4582 papae
3282 4473 3709 4585 gratulatur
3833 4496 4042 4603 {affl

968 4750 1039 4823 (4)
1076 4753 1235 4810 Juxta
1258 4753 1553 4831 Duisburg‚
1582 4759 1637 4815 in
1666 4758 2022 4834 westphalia.
2600 4815 2607 4821 .

1085 4852 1193 4914 IV.
1235 4870 1347 4913 Pan
1369 4872 1413 4914 2.
3310 4876 3386 4928 92
