4842 5802
899 599 1093 659 lumer-
1127 594 1214 678 8.]
1787 594 2184 656 HISTORIA
2237 596 2745 657 MPLOMATIC
2760 595 2823 656 A.
3601 596 3721 659 '103

898 730 1091 825 quod
1124 730 1287 804 etati
1327 750 1455 802 sue
1485 750 1772 824 parcere
1797 731 2138 804 vellemus
2162 741 2231 805 et
2263 732 2460 826 quod
2489 732 2790 826 aliquem
2812 731 3169 822 honorem,
3195 742 3271 801 ut
3294 730 3577 823 dejure
3610 744 3712 805 ta-

900 874 1207 942 ceamus,
1237 853 1324 925 ‘in
1367 853 1726 926 advocatia
1762 856 2024 949 prefata
2066 858 2150 928 ei*
2171 854 2317 954 [de]
2349 857 2806 930 confratribus
2844 856 3091 927 nostris
3125 856 3356 927 Sancti
3391 856 3720 930 Iohannis

898 986 1579 1071 recognosceremus,
1640 977 1965 1051 videlicet
2005 980 2203 1074 quod
2233 983 2474 1054 saltem
2507 980 2775 1052 nudum
2831 980 3189 1052 servitium
3238 979 3594 1053 advocatis
3625 983 3716 1054 ab

898 1101 1186 1195 antiquo
1217 1101 1309 1174 ad
1363 1101 1692 1173 honorem
1742 1111 1811 1173 et
1853 1099 2198 1181 modicam
2251 1120 2629 1199 expensam
2661 1104 3141 1193 constitutum,
3194 1103 3261 1175 ei
3313 1106 3502 1176 omni
3535 1127 3719 1180 anno

896 1225 1477 1317 relinqueremuS,
1518 1233 1589 1297 et
1616 1225 1677 1295 si
1722 1225 1876 1320 ipsew
1928 1225 2022 1298 de
2061 1235 2289 1300 cetero
2332 1228 2449 1300 vel
2482 1226 2774 1300 heredes
2816 1227 2931 1298 vel
2969 1227 3221 1319 posteri
3265 1229 3373 1300 sui
3425 1231 3716 1303 eandem

898 1347 1338 1420 advocatiam
1363 1347 1685 1443 adepturi
1707 1366 1929 1445 ‘supra
1961 1350 2095 1423 hoc
2124 1359 2455 1422 statutum
2497 1351 2764 1443 aliquid
2799 1350 3159 1444 exigerent
3189 1350 3301 1423 vel
3338 1350 3721 1448 dampnum

901 1471 1160 1543 colonis
1215 1470 1574 1555 inferrent,
1613 1471 2082 1546 'advocatiam‘
2103 1474 2254 1545 sine
2288 1475 2479 1546 omni
2512 1474 3029 1566 recuperatione
3068 1472 3460 1567 perderent.
3523 1477 3721 1548 Com·

900 1593 1093 1664 muni
1128 1592 1365 1687 itaque
1393 1595 1683 1668 consilio
1722 1597 2011 1669 ecclesie
2041 1606 2267 1669 nostre
2303 1607 2374 1669 et
2405 1597 2846 1670 concessione
2880 1598 3163 1669 fratrum
3193 1598 3422 1669 Sancti
3456 1600 3726 1673 Iohan-

899 1717 1005 1788 nis
1035 1725 1103 1788 et
1138 1739 1263 1812 pro
1302 1719 1627 1813 precibus
1670 1729 1743 1793 et
1767 1720 2110 1816 peticione
2148 1718 2785 1794 inbeneficiatorum
2832 1730 2903 1792 et
2932 1722 3552 1794 ministerialiorum
3584 1722 3723 1822 (sic)

898 1847 1282 1913 nostrorum
1302 1893 1322 1932 ,
1359 1842 1727 1915 statuimus
1758 1843 1952 1938 quod
1998 1845 2263 1938 prefato
2300 1844 2755 1938 Regenhardo
2785 1865 2909 1917 sex
2941 1846 3201 1916 talenta-
3241 1845 3331 1918 de
3360 1851 3721 1943 preposito

897 1964 1126 2038 Sancti
1149 1965 1482 2038 Iohannis
1512 1968 1622 2039 vel
1651 1968 1804 2058 ejus
1837 1967 2308 2063 dispensatore
2329 1990 2458 2063 pro
2480 1969 2759 2040 servitio
2795 1990 2925 2040 suo
2951 1968 3144 2040 nudo
3181 1971 3310 2040 sibi
3337 1972 3572 2043 relicto
3596 1972 3722 2046 da-

900 2098 1171 2183 nentur,
1215 2087 1670 2162 ita‘videlicet
1700 2090 1895 2183 quod
1931 2091 2002 2162 in
2030 2110 2456 2186 unoquoque
2476 2092 2735 2186 ‘placito
2764 2112 2894 2163 suo
2927 2090 3067 2163 duo
3098 2093 3353 2165 talenta
3387 2094 3723 2189 reciperet

899 2220 968 2283 et
999 2221 1142 2283 tres
1174 2211 1496 2286 karratas¹
1518 2214 1902 2307 lignorum,
1941 2236 2153 2286 unam
2176 2214 2266 2287 de
2297 2213 2517 2288 aridis
2554 2223 2620 2286 et
2663 2213 2840 2285 duas
2877 2213 2968 2288 de
3001 2213 3375 2306 viridibus,
3426 2226 3493 2288 et
3530 2217 3719 2310 quod

899 2341 1034 2406 tres
1063 2335 1353 2408 culcitra
1382 2345 1453 2408 et
1479 2336 1622 2409 duo
1649 2337 2044 2432 pulvinaria
2071 2357 2197 2432 per
2227 2337 2535 2410 triduum
2563 2336 2695 2408 sibi
2721 2336 3424 2409 accommodarentur.
3457 2340 3716 2431 Siquis

900 2456 1109 2550 igitur
1148 2458 1281 2531 hoc
1314 2469 1644 2532 statutum
1683 2464 1757 2531 in
1802 2470 2152 2556 posterum
2191 2461 2562 2555 infringere
2610 2461 2723 2532 vel
2781 2457 3129 2531 infirmare
3184 2463 3716 2556 presumpserit,

899 2584 1302 2656 auctoritate
1331 2585 1510 2658 beati
1536 2585 1721 2658 Petri
1750 2594 1820 2657 et
1851 2593 2085 2658 nostra
2112 2590 2440 2681 perpetuo
2466 2584 2885 2659 anathemati
2912 2584 3266 2677 subjaceat
3286 2595 3357 2657 et
3383 2586 3719 2669 visionem

900 2724 1065 2780 vere
1096 2718 1165 2780 et
1195 2716 1428 2782 eterne
1449 2710 1650 2799 lucis,
1684 2709 1818 2781 nisi
1841 2709 1980 2782 cito
2012 2709 2397 2804 resipiscat,
2441 2709 2730 2782 amittata
2762 2708 2849 2781 Ut
2881 2716 3114 2781 autem
3149 2730 3431 2804 presens
3467 2710 3721 2804 pagina

902 2827 1409 2905 firmamentum
1458 2842 1527 2905 et
1580 2833 2051 2908 auctoritatem
2109 2855 2153 2907 a
2197 2833 2401 2906 nobis
2455 2832 2647 2929 apud
2702 2852 2944 2906 omnes
2984 2854 3413 2906 successores
3461 2844 3725 2907 nostros

901 2956 1234 3049 optineat,
1271 2978 1424 3030 eam
1450 2957 1900 3053 impressione
1928 2958 2135 3054 sigilli
2168 2959 2382 3032 nostri
2410 2958 2845 3050 signavimus
2873 2965 2943 3030 et
2975 2957 3038 3028 ei
3076 2967 3485 3052 perpetuum
3519 2959 3728 3031 robur

903 3080 1344 3154 multitudine
1374 3082 1649 3154 testium
1677 3083 2210 3177 prescriptorum
2243 3080 2594 3153 dedimus.

1002 3228 1038 3271 n
1064 3204 1296 3277 Testes
1330 3214 1479 3278 acte
1509 3205 1607 3276 rei
1643 3205 1774 3276 viri
1802 3205 2190 3301 probabiles
2214 3205 2313 3274 hii
2344 3213 2506 3277 sunt
2545 3229 2562 3272 :
2602 3204 2758 3275 Otto
2787 3202 3200 3297 prepositus,
3228 3204 3388 3274 Bru.
3407 3257 3454 3274 ..
3486 3226 3727 3298 prepo-

898 3326 1107 3414 situs,
1144 3327 1532 3421 Sige'fridus
1565 3327 1986 3422 prepositus,
2025 3325 2379 3399 Conradus
2417 3326 2839 3421 preposituS,
2892 3323 3085 3397 'Babo
3118 3324 3461 3412 decanuS,
3496 3327 3728 3397 Hum-

899 3450 1051 3523 bret
1078 3451 1424 3538 decanus,
1453 3450 1893 3526 *Wortwinus
1923 3450 2267 3540 decanus,
2309 3433 3301 3540 Gebehardu5,1‘Bereugerus,
3341 3449 3674 3521 Swibodo
3697 3503 3717 3540 ,

901 3569 1279 3665 Wortwin,
1332 3572 1656 3665 Marholt,
1711 3575 2027 3664 Winant,
2085 3575 2460 3666 Berenger,
2516 3571 2922 3661 Embricho,
2969 3570 3348 3663 Adelbero,
3401 3571 3716 3664 Adelrat,

905 3697 1243 3787 Dietmar3
1305 3699 1534 3787 liberi,
1586 3697 1923 3772 Godebolt
1971 3719 2202 3771 comes
2253 3706 2321 3768 et
2356 3695 2482 3767 filii
2517 3697 2703 3787 ejus,
2752 3696 3026 3790 Bopp0,
3063 3696 3423 3790 Ruopreit,
3467 3697 3725 3768 Erken·

904 3820 1112 3911 breit,
1151 3820 1472 3912 Gozwin,
1516 3823 1710 3913 Otto,
1756 3822 2037 3911 Conrat,
2070 3820 2389 3894 Gerwich
2419 3819 2710 3891 Burkart
2736 3827 2805 3891 et
2850 3819 3093 3890 fratres
3123 3819 3307 3909 ejus,
3359 3820 3718 3908 Heinrich,

900 3946 1225 4037 Burkart,
1259 3948 1541 4035 Conrat3
1573 3947 2086 4036 ministeriales,
2125 3945 2451 4041 Eispreit,
2482 3946 2758 4039 Lupper
2788 3943 3130 4039 (Lupert),
3167 3940 3618 4040 Eber[hard],
3657 3955 3724 4014 et

900 4065 1015 4136 alii
1050 4067 1520 4160 quamplures
1663 4143 1667 4147 ,

1007 4215 1042 4259 ι)
1064 4187 1237 4263 Acta
1272 4189 1619 4263 dominice
1651 4189 2140 4264 incarnationis
2181 4210 2365 4261 anno
2400 4188 2496 4260 Μ’
2536 4189 2615 4260 C⁰
2647 4187 2893 4279 XXX0,
2933 4188 3309 4260 indictione
3338 4187 3529 4279 v111,
3567 4210 3724 4281 reg-

901 4321 1105 4386 nante
1141 4314 1436 4406 glorioso
1476 4315 1938 4387 Romanorum
1982 4333 2149 4408 rege
2186 4312 2589 4404 Luothario,
2631 4333 2816 4385 anno
2861 4314 3057 4406 regni
3089 4314 3307 4407 ipsius
3333 4315 3454 4405 V⁰,
3501 4314 3725 4386 Gode·

902 4435 1107 4508 boldo
1131 4437 1475 4509 existente
1493 4437 1761 4509 urbano
1790 4437 2070 4510 comite.
2111 4460 2153 4505 n

997 4559 1259 4631 Tenore
1285 4580 1449 4653 ergo
1492 4559 1720 4653 ipsius,
1737 4558 2087 4654 privilegii
2121 4557 2397 4654 plenius
2419 4558 2786 4649 intellecto,
2822 4558 3114 4631 dilectus
3132 4540 3341 4631 'nobis
3385 4560 3724 4660 Theg[en·

906 4677 1198 4776 hardus]
1231 4682 1786 4776 prothonotarius
1818 4692 2049 4756 noster
2072 4691 2143 4754 et
2177 4682 2569 4778 prepositus
2606 4682 2825 4776 ipsius
2850 4682 3135 4755 ecclesie
3165 4704 3304 4754 una
3332 4705 3491 4756 cum
3535 4690 3726 4782 capi-
