<?xml version="1.0" encoding="UTF-8"?>
<!DOCTYPE html PUBLIC "-//W3C//DTD XHTML 1.0 Transitional//EN"
    "http://www.w3.org/TR/xhtml1/DTD/xhtml1-transitional.dtd">
<html xmlns="http://www.w3.org/1999/xhtml" xml:lang="en" lang="en">
 <head>
  <title>
</title>
<meta http-equiv="Content-Type" content="text/html;charset=utf-8" />
  <meta name='ocr-system' content='tesseract 3.04.00' />
  <meta name='ocr-capabilities' content='ocr_page ocr_carea ocr_par ocr_line ocrx_word'/>
</head>
<body>
  <div class='ocr_page' id='page_1' title='image "./historiadiploma01degoog_0257.png"; bbox 0 0 4842 5802; ppageno 0'>
   <div class='ocr_carea' id='block_1_1' title="bbox 896 682 3715 770">
    <p class='ocr_par' dir='ltr' id='par_1_1' title="bbox 896 682 3715 770">
     <span class='ocr_line' id='line_1_1' title="bbox 896 682 3715 770; baseline -0.002 -20"><span class='ocrx_word' id='word_1_1' title='bbox 896 692 1093 750; x_wconf 58' lang='lat' dir='ltr'><strong>lauret.</strong></span> <span class='ocrx_word' id='word_1_2' title='bbox 1125 686 1208 770; x_wconf 75' lang='lat'><strong>8.]</strong></span> <span class='ocrx_word' id='word_1_3' title='bbox 1800 685 2197 746; x_wconf 80' lang='lat' dir='ltr'>HISTORIA</span> <span class='ocrx_word' id='word_1_4' title='bbox 2247 683 2833 744; x_wconf 77' lang='lat' dir='ltr'><strong>DlPLoMATch.</strong></span> <span class='ocrx_word' id='word_1_5' title='bbox 3604 682 3715 743; x_wconf 77' lang='lat'><strong>741</strong></span> 
     </span>
    </p>
   </div>
   <div class='ocr_carea' id='block_1_2' title="bbox 900 817 3718 915">
    <p class='ocr_par' dir='ltr' id='par_1_2' title="bbox 900 817 3718 915">
     <span class='ocr_line' id='line_1_2' title="bbox 900 817 3718 915; baseline -0.001 -20"><span class='ocrx_word' id='word_1_6' title='bbox 900 833 1136 895; x_wconf 89' lang='lat' dir='ltr'><strong>contra</strong></span> <span class='ocrx_word' id='word_1_7' title='bbox 1173 833 1706 915; x_wconf 69' lang='lat' dir='ltr'><strong>transgressores</strong></span> <span class='ocrx_word' id='word_1_8' title='bbox 1738 842 2084 893; x_wconf 89' lang='lat' dir='ltr'><strong>sacrarum</strong></span> <span class='ocrx_word' id='word_1_9' title='bbox 2140 819 2703 893; x_wconf 78' lang='lat' dir='ltr'><strong>constitutionum</strong></span> <span class='ocrx_word' id='word_1_10' title='bbox 2749 817 2936 891; x_wconf 89' lang='lat' dir='ltr'><strong>edita</strong></span> <span class='ocrx_word' id='word_1_11' title='bbox 2951 870 2971 908; x_wconf 91' lang='lat'><strong><em>‚</em></strong></span> <span class='ocrx_word' id='word_1_12' title='bbox 3015 826 3217 910; x_wconf 87' lang='lat' dir='ltr'><strong>prout</strong></span> <span class='ocrx_word' id='word_1_13' title='bbox 3261 817 3516 890; x_wconf 85' lang='lat' dir='ltr'><strong>violate</strong></span> <span class='ocrx_word' id='word_1_14' title='bbox 3554 839 3718 891; x_wconf 89' lang='lat' dir='ltr'><strong>ma-</strong></span> 
     </span>
    </p>
   </div>
   <div class='ocr_carea' id='block_1_3' title="bbox 890 942 3716 1159">
    <p class='ocr_par' dir='ltr' id='par_1_3' title="bbox 890 942 3716 1159">
     <span class='ocr_line' id='line_1_3' title="bbox 890 942 2606 1037; baseline -0.005 -17"><span class='ocrx_word' id='word_1_15' title='bbox 890 946 1159 1037; x_wconf 84' lang='lat' dir='ltr'><strong>jestatis</strong></span> <span class='ocrx_word' id='word_1_16' title='bbox 1190 945 1408 1019; x_wconf 91' lang='lat' dir='ltr'><strong>decus</strong></span> <span class='ocrx_word' id='word_1_17' title='bbox 1440 954 1511 1018; x_wconf 89' lang='lat' dir='ltr'><strong>et</strong></span> <span class='ocrx_word' id='word_1_18' title='bbox 1545 944 1838 1017; x_wconf 83' lang='lat' dir='ltr'><strong>facilitas</strong></span> <span class='ocrx_word' id='word_1_19' title='bbox 1874 945 2096 1037; x_wconf 80' lang='lat' dir='ltr'><strong>exigit</strong></span> <span class='ocrx_word' id='word_1_20' title='bbox 2119 942 2606 1037; x_wconf 89' lang='lat' dir='ltr'><strong>delinquentis.</strong></span> 
     </span>
     <span class='ocr_line' id='line_1_4' title="bbox 997 1064 3716 1159; baseline -0.001 -19"><span class='ocrx_word' id='word_1_21' title='bbox 997 1073 1068 1142; x_wconf 77' lang='lat' dir='ltr'><strong>l.</strong></span> <span class='ocrx_word' id='word_1_22' title='bbox 1122 1073 1218 1141; x_wconf 85' lang='lat' dir='ltr'><strong>De</strong></span> <span class='ocrx_word' id='word_1_23' title='bbox 1253 1070 1704 1141; x_wconf 84' lang='lat' dir='ltr'><strong>ecclesiasticis</strong></span> <span class='ocrx_word' id='word_1_24' title='bbox 1744 1068 2074 1140; x_wconf 78' lang='lat' dir='ltr'><strong>sententiis</strong></span> <span class='ocrx_word' id='word_1_25' title='bbox 2125 1069 2201 1138; x_wconf 86' lang='lat' dir='ltr'><strong>in</strong></span> <span class='ocrx_word' id='word_1_26' title='bbox 2239 1067 2462 1137; x_wconf 83' lang='lat' dir='ltr'><strong>causis</strong></span> <span class='ocrx_word' id='word_1_27' title='bbox 2506 1065 2965 1159; x_wconf 66' lang='lat' dir='ltr'><strong>spiritualibus</strong></span> <span class='ocrx_word' id='word_1_28' title='bbox 3004 1064 3438 1136; x_wconf 79' lang='lat' dir='ltr'><strong>observandis.</strong></span> <span class='ocrx_word' id='word_1_29' title='bbox 3470 1064 3716 1136; x_wconf 88' lang='lat' dir='ltr'><strong>Liber-</strong></span> 
     </span>
    </p>
   </div>
   <div class='ocr_carea' id='block_1_4' title="bbox 876 1187 3713 4871">
    <p class='ocr_par' dir='ltr' id='par_1_4' title="bbox 894 1187 3713 2007">
     <span class='ocr_line' id='line_1_5' title="bbox 897 1187 3712 1283; baseline -0.002 -18"><span class='ocrx_word' id='word_1_30' title='bbox 897 1201 1072 1265; x_wconf 88' lang='lat' dir='ltr'><strong>tates</strong></span> <span class='ocrx_word' id='word_1_31' title='bbox 1111 1194 1557 1265; x_wconf 89' lang='lat' dir='ltr'><strong>ecclesiarum</strong></span> <span class='ocrx_word' id='word_1_32' title='bbox 1609 1201 1678 1265; x_wconf 89' lang='lat' dir='ltr'><strong>et</strong></span> <span class='ocrx_word' id='word_1_33' title='bbox 1716 1193 1875 1283; x_wconf 89' lang='lat' dir='ltr'><strong>jura</strong></span> <span class='ocrx_word' id='word_1_34' title='bbox 1925 1199 2114 1263; x_wconf 89' lang='lat' dir='ltr'><strong>tanto</strong></span> <span class='ocrx_word' id='word_1_35' title='bbox 2154 1190 2508 1265; x_wconf 84' lang='lat' dir='ltr'><strong>liberalius</strong></span> <span class='ocrx_word' id='word_1_36' title='bbox 2539 1199 2771 1262; x_wconf 90' lang='lat' dir='ltr'><strong>nostra</strong></span> <span class='ocrx_word' id='word_1_37' title='bbox 2822 1187 3025 1260; x_wconf 87' lang='lat' dir='ltr'><strong>debet</strong></span> <span class='ocrx_word' id='word_1_38' title='bbox 3076 1189 3309 1261; x_wconf 86' lang='lat' dir='ltr'><strong>fovere</strong></span> <span class='ocrx_word' id='word_1_39' title='bbox 3356 1190 3712 1260; x_wconf 84' lang='lat' dir='ltr'><strong>clementia</strong></span> 
     </span>
     <span class='ocr_line' id='line_1_6' title="bbox 896 1312 3712 1410; baseline -0.001 -23"><span class='ocrx_word' id='word_1_40' title='bbox 896 1326 1154 1410; x_wconf 88' lang='lat' dir='ltr'><strong>quanto</strong></span> <span class='ocrx_word' id='word_1_41' title='bbox 1185 1315 1505 1389; x_wconf 89' lang='lat' dir='ltr'><strong>devotius</strong></span> <span class='ocrx_word' id='word_1_42' title='bbox 1541 1316 1741 1388; x_wconf 91' lang='lat' dir='ltr'><strong>nobis</strong></span> <span class='ocrx_word' id='word_1_43' title='bbox 1772 1316 1862 1387; x_wconf 90' lang='lat' dir='ltr'><strong>ab</strong></span> <span class='ocrx_word' id='word_1_44' title='bbox 1892 1315 2153 1387; x_wconf 90' lang='lat' dir='ltr'><strong>eisdem</strong></span> <span class='ocrx_word' id='word_1_45' title='bbox 2199 1326 2267 1386; x_wconf 88' lang='lat' dir='ltr'><strong>et</strong></span> <span class='ocrx_word' id='word_1_46' title='bbox 2319 1337 2558 1387; x_wconf 86' lang='lat' dir='ltr'><strong>earum</strong></span> <span class='ocrx_word' id='word_1_47' title='bbox 2600 1313 2979 1385; x_wconf 88' lang='lat' dir='ltr'><strong>rectoribus</strong></span> <span class='ocrx_word' id='word_1_48' title='bbox 3021 1314 3091 1384; x_wconf 94' lang='lat' dir='ltr'><strong>in</strong></span> <span class='ocrx_word' id='word_1_49' title='bbox 3137 1312 3609 1406; x_wconf 88' lang='lat' dir='ltr'><strong>spiritualibus</strong></span> <span class='ocrx_word' id='word_1_50' title='bbox 3643 1322 3712 1385; x_wconf 87' lang='lat' dir='ltr'><strong>et</strong></span> 
     </span>
     <span class='ocr_line' id='line_1_7' title="bbox 897 1434 3713 1534; baseline -0 -22"><span class='ocrx_word' id='word_1_51' title='bbox 897 1440 1391 1534; x_wconf 83' lang='lat' dir='ltr'><strong>temporalibus</strong></span> <span class='ocrx_word' id='word_1_52' title='bbox 1430 1440 1801 1512; x_wconf 85' lang='lat' dir='ltr'><strong>servicium</strong></span> <span class='ocrx_word' id='word_1_53' title='bbox 1852 1440 2243 1512; x_wconf 80' lang='lat' dir='ltr'><strong>exhibetur.</strong></span> <span class='ocrx_word' id='word_1_54' title='bbox 2310 1440 2690 1509; x_wconf 90' lang='lat' dir='ltr'><strong>Statuimus</strong></span> <span class='ocrx_word' id='word_1_55' title='bbox 2724 1437 2936 1529; x_wconf 91' lang='lat' dir='ltr'><strong>igitur</strong></span> <span class='ocrx_word' id='word_1_56' title='bbox 2979 1434 3263 1508; x_wconf 89' lang='lat' dir='ltr'><strong>firmiter</strong></span> <span class='ocrx_word' id='word_1_57' title='bbox 3292 1446 3362 1509; x_wconf 90' lang='lat' dir='ltr'><strong>et</strong></span> <span class='ocrx_word' id='word_1_58' title='bbox 3411 1437 3713 1510; x_wconf 86' lang='lat' dir='ltr'><strong>districte</strong></span> 
     </span>
     <span class='ocr_line' id='line_1_8' title="bbox 899 1560 3711 1658; baseline -0.001 -24"><span class='ocrx_word' id='word_1_59' title='bbox 899 1564 1314 1658; x_wconf 88' lang='lat' dir='ltr'><strong>precipimus</strong></span> <span class='ocrx_word' id='word_1_60' title='bbox 1349 1574 1430 1635; x_wconf 90' lang='lat' dir='ltr'><strong>ut</strong></span> <span class='ocrx_word' id='word_1_61' title='bbox 1474 1565 1546 1634; x_wconf 93' lang='lat' dir='ltr'><strong>in</strong></span> <span class='ocrx_word' id='word_1_62' title='bbox 1586 1564 2021 1654; x_wconf 89' lang='lat' dir='ltr'><strong>civitatibus,</strong></span> <span class='ocrx_word' id='word_1_63' title='bbox 2062 1561 2323 1657; x_wconf 90' lang='lat' dir='ltr'><strong>opidis,</strong></span> <span class='ocrx_word' id='word_1_64' title='bbox 2369 1562 2555 1636; x_wconf 87' lang='lat' dir='ltr'><strong>villis</strong></span> <span class='ocrx_word' id='word_1_65' title='bbox 2589 1570 2660 1634; x_wconf 89' lang='lat' dir='ltr'><strong>et</strong></span> <span class='ocrx_word' id='word_1_66' title='bbox 2709 1561 3036 1631; x_wconf 90' lang='lat' dir='ltr'><strong>omnibus</strong></span> <span class='ocrx_word' id='word_1_67' title='bbox 3073 1561 3241 1632; x_wconf 90' lang='lat' dir='ltr'><strong>locis</strong></span> <span class='ocrx_word' id='word_1_68' title='bbox 3287 1560 3462 1631; x_wconf 88' lang='lat' dir='ltr'><strong>sacri</strong></span> <span class='ocrx_word' id='word_1_69' title='bbox 3499 1561 3711 1633; x_wconf 89' lang='lat' dir='ltr'><strong>nostri</strong></span> 
     </span>
     <span class='ocr_line' id='line_1_9' title="bbox 897 1683 3711 1783; baseline 0.001 -28"><span class='ocrx_word' id='word_1_70' title='bbox 897 1687 1204 1781; x_wconf 86' lang='lat' dir='ltr'><strong>imperii,</strong></span> <span class='ocrx_word' id='word_1_71' title='bbox 1238 1688 1717 1783; x_wconf 86' lang='lat' dir='ltr'><strong>episcoporum</strong></span> <span class='ocrx_word' id='word_1_72' title='bbox 1760 1697 1830 1759; x_wconf 91' lang='lat' dir='ltr'><strong>et</strong></span> <span class='ocrx_word' id='word_1_73' title='bbox 1859 1685 2500 1760; x_wconf 91' lang='lat' dir='ltr'><strong>archidiaconorum</strong></span> <span class='ocrx_word' id='word_1_74' title='bbox 2531 1683 2991 1775; x_wconf 89' lang='lat' dir='ltr'><strong>jurisdictioni</strong></span> <span class='ocrx_word' id='word_1_75' title='bbox 3033 1684 3268 1755; x_wconf 90' lang='lat' dir='ltr'><strong>nullus</strong></span> <span class='ocrx_word' id='word_1_76' title='bbox 3304 1684 3555 1775; x_wconf 89' lang='lat' dir='ltr'><strong>injuste</strong></span> <span class='ocrx_word' id='word_1_77' title='bbox 3584 1708 3711 1757; x_wconf 88' lang='lat' dir='ltr'><strong>re·-</strong></span> 
     </span>
     <span class='ocr_line' id='line_1_10' title="bbox 895 1808 3712 1901; baseline 0.001 -21"><span class='ocrx_word' id='word_1_78' title='bbox 895 1810 1122 1898; x_wconf 85' lang='lat' dir='ltr'><strong>sistat,</strong></span> <span class='ocrx_word' id='word_1_79' title='bbox 1156 1811 1282 1883; x_wconf 87' lang='lat' dir='ltr'><strong>sed</strong></span> <span class='ocrx_word' id='word_1_80' title='bbox 1316 1833 1556 1883; x_wconf 91' lang='lat' dir='ltr'><strong>eorum</strong></span> <span class='ocrx_word' id='word_1_81' title='bbox 1608 1811 2073 1884; x_wconf 87' lang='lat' dir='ltr'><strong>ordinationes</strong></span> <span class='ocrx_word' id='word_1_82' title='bbox 2119 1819 2188 1882; x_wconf 88' lang='lat' dir='ltr'><strong>et</strong></span> <span class='ocrx_word' id='word_1_83' title='bbox 2227 1812 2417 1901; x_wconf 87' lang='lat' dir='ltr'><strong>juste</strong></span> <span class='ocrx_word' id='word_1_84' title='bbox 2456 1809 2794 1880; x_wconf 86' lang='lat' dir='ltr'><strong>sententie</strong></span> <span class='ocrx_word' id='word_1_85' title='bbox 2847 1808 2919 1878; x_wconf 93' lang='lat' dir='ltr'><strong>in</strong></span> <span class='ocrx_word' id='word_1_86' title='bbox 2964 1808 3191 1881; x_wconf 88' lang='lat' dir='ltr'><strong>causis</strong></span> <span class='ocrx_word' id='word_1_87' title='bbox 3236 1809 3712 1882; x_wconf 86' lang='lat' dir='ltr'><strong>ecclesiasticis</strong></span> 
     </span>
     <span class='ocr_line' id='line_1_11' title="bbox 894 1934 1368 2007; baseline -0.002 -1"><span class='ocrx_word' id='word_1_88' title='bbox 894 1934 1368 2007; x_wconf 88' lang='lat' dir='ltr'><strong>observentur.</strong></span> 
     </span>
    </p>

    <p class='ocr_par' dir='ltr' id='par_1_5' title="bbox 886 2055 3710 3515">
     <span class='ocr_line' id='line_1_12' title="bbox 993 2055 3710 2150; baseline 0.001 -21"><span class='ocrx_word' id='word_1_89' title='bbox 993 2058 1064 2129; x_wconf 80' lang='lat'><strong>2.</strong></span> <span class='ocrx_word' id='word_1_90' title='bbox 1123 2061 1218 2129; x_wconf 83' lang='lat' dir='ltr'><strong>De</strong></span> <span class='ocrx_word' id='word_1_91' title='bbox 1241 2058 1573 2129; x_wconf 81' lang='lat' dir='ltr'><strong>advocatis</strong></span> <span class='ocrx_word' id='word_1_92' title='bbox 1604 2058 2043 2129; x_wconf 77' lang='lat' dir='ltr'><strong>ecclesiarum.</strong></span> <span class='ocrx_word' id='word_1_93' title='bbox 2088 2056 2471 2129; x_wconf 90' lang='lat' dir='ltr'><strong>Statuimus</strong></span> <span class='ocrx_word' id='word_1_94' title='bbox 2505 2056 2788 2150; x_wconf 89' lang='lat' dir='ltr'><strong>insuper</strong></span> <span class='ocrx_word' id='word_1_95' title='bbox 2818 2065 2888 2128; x_wconf 87' lang='lat' dir='ltr'><strong>et</strong></span> <span class='ocrx_word' id='word_1_96' title='bbox 2924 2055 3227 2130; x_wconf 86' lang='lat' dir='ltr'><strong>districte</strong></span> <span class='ocrx_word' id='word_1_97' title='bbox 3266 2060 3595 2149; x_wconf 88' lang='lat' dir='ltr'><strong>jubemus</strong></span> <span class='ocrx_word' id='word_1_98' title='bbox 3635 2070 3710 2132; x_wconf 90' lang='lat' dir='ltr'><strong>ut</strong></span> 
     </span>
     <span class='ocr_line' id='line_1_13' title="bbox 893 2180 3708 2275; baseline 0 -21"><span class='ocrx_word' id='word_1_99' title='bbox 893 2204 1132 2256; x_wconf 70' lang='lat' dir='ltr'><strong>omnoe</strong></span> <span class='ocrx_word' id='word_1_100' title='bbox 1155 2183 1596 2257; x_wconf 54' lang='lat' dir='ltr'><strong>ecclesiarum</strong></span> <span class='ocrx_word' id='word_1_101' title='bbox 1649 2182 1966 2255; x_wconf 88' lang='lat' dir='ltr'><strong>advocati</strong></span> <span class='ocrx_word' id='word_1_102' title='bbox 2012 2180 2303 2254; x_wconf 88' lang='lat' dir='ltr'><strong>fideliter</strong></span> <span class='ocrx_word' id='word_1_103' title='bbox 2343 2202 2463 2253; x_wconf 89' lang='lat' dir='ltr'><strong>eas</strong></span> <span class='ocrx_word' id='word_1_104' title='bbox 2508 2201 2633 2274; x_wconf 90' lang='lat' dir='ltr'><strong>pro</strong></span> <span class='ocrx_word' id='word_1_105' title='bbox 2681 2180 2950 2252; x_wconf 89' lang='lat' dir='ltr'><strong>viribus</strong></span> <span class='ocrx_word' id='word_1_106' title='bbox 2980 2191 3049 2252; x_wconf 89' lang='lat' dir='ltr'><strong>et</strong></span> <span class='ocrx_word' id='word_1_107' title='bbox 3072 2204 3271 2275; x_wconf 90' lang='lat' dir='ltr'><strong>posse</strong></span> <span class='ocrx_word' id='word_1_108' title='bbox 3300 2204 3427 2255; x_wconf 90' lang='lat' dir='ltr'><strong>suo</strong></span> <span class='ocrx_word' id='word_1_109' title='bbox 3464 2184 3708 2256; x_wconf 86' lang='lat' dir='ltr'><strong>defen-</strong></span> 
     </span>
     <span class='ocr_line' id='line_1_14' title="bbox 895 2304 3704 2401; baseline 0 -21"><span class='ocrx_word' id='word_1_110' title='bbox 895 2308 1095 2394; x_wconf 86' lang='lat' dir='ltr'><strong>dant,</strong></span> <span class='ocrx_word' id='word_1_111' title='bbox 1150 2309 1330 2381; x_wconf 88' lang='lat' dir='ltr'><strong>sicut</strong></span> <span class='ocrx_word' id='word_1_112' title='bbox 1365 2310 1676 2382; x_wconf 89' lang='lat' dir='ltr'><strong>divinam</strong></span> <span class='ocrx_word' id='word_1_113' title='bbox 1713 2308 2000 2401; x_wconf 82' lang='lat' dir='ltr'><strong>gratiam</strong></span> <span class='ocrx_word' id='word_1_114' title='bbox 2028 2316 2098 2378; x_wconf 90' lang='lat' dir='ltr'><strong>et</strong></span> <span class='ocrx_word' id='word_1_115' title='bbox 2129 2317 2437 2378; x_wconf 89' lang='lat' dir='ltr'><strong>nostrum</strong></span> <span class='ocrx_word' id='word_1_116' title='bbox 2469 2304 2769 2398; x_wconf 89' lang='lat' dir='ltr'><strong>diligunt</strong></span> <span class='ocrx_word' id='word_1_117' title='bbox 2802 2306 3131 2377; x_wconf 82' lang='lat' dir='ltr'><strong>favorem.</strong></span> <span class='ocrx_word' id='word_1_118' title='bbox 3170 2307 3247 2377; x_wconf 91' lang='lat' dir='ltr'><strong>In</strong></span> <span class='ocrx_word' id='word_1_119' title='bbox 3279 2308 3479 2379; x_wconf 91' lang='lat' dir='ltr'><strong>bonis</strong></span> <span class='ocrx_word' id='word_1_120' title='bbox 3500 2309 3704 2380; x_wconf 86' lang='lat' dir='ltr'><strong>etiam</strong></span> 
     </span>
     <span class='ocr_line' id='line_1_15' title="bbox 892 2429 3705 2505; baseline 0.001 -2"><span class='ocrx_word' id='word_1_121' title='bbox 892 2431 1407 2505; x_wconf 87' lang='lat' dir='ltr'><strong>advocatiarum</strong></span> <span class='ocrx_word' id='word_1_122' title='bbox 1443 2454 1727 2504; x_wconf 86' lang='lat' dir='ltr'><strong>suarum</strong></span> <span class='ocrx_word' id='word_1_123' title='bbox 1765 2433 1860 2503; x_wconf 90' lang='lat' dir='ltr'><strong>ita</strong></span> <span class='ocrx_word' id='word_1_124' title='bbox 1891 2453 1966 2503; x_wconf 88' lang='lat' dir='ltr'><strong>se</strong></span> <span class='ocrx_word' id='word_1_125' title='bbox 2000 2429 2446 2502; x_wconf 89' lang='lat' dir='ltr'><strong>rationabiles</strong></span> <span class='ocrx_word' id='word_1_126' title='bbox 2481 2439 2550 2502; x_wconf 88' lang='lat' dir='ltr'><strong>et</strong></span> <span class='ocrx_word' id='word_1_127' title='bbox 2581 2429 2927 2501; x_wconf 90' lang='lat' dir='ltr'><strong>modestos</strong></span> <span class='ocrx_word' id='word_1_128' title='bbox 2954 2430 3328 2502; x_wconf 84' lang='lat' dir='ltr'><strong>exhibeant</strong></span> <span class='ocrx_word' id='word_1_129' title='bbox 3357 2441 3433 2502; x_wconf 89' lang='lat' dir='ltr'><strong>ut</strong></span> <span class='ocrx_word' id='word_1_130' title='bbox 3453 2431 3545 2505; x_wconf 85' lang='lat' dir='ltr'><strong>ad</strong></span> <span class='ocrx_word' id='word_1_131' title='bbox 3582 2455 3705 2505; x_wconf 90' lang='lat' dir='ltr'><strong>nos</strong></span> 
     </span>
     <span class='ocr_line' id='line_1_16' title="bbox 894 2552 3702 2649; baseline 0.001 -23"><span class='ocrx_word' id='word_1_132' title='bbox 894 2556 981 2627; x_wconf 92' lang='lat' dir='ltr'><strong>de</strong></span> <span class='ocrx_word' id='word_1_133' title='bbox 1018 2556 1184 2649; x_wconf 90' lang='lat' dir='ltr'><strong>ipsis</strong></span> <span class='ocrx_word' id='word_1_134' title='bbox 1217 2557 1450 2649; x_wconf 87' lang='lat' dir='ltr'><strong>gravis</strong></span> <span class='ocrx_word' id='word_1_135' title='bbox 1475 2556 1755 2648; x_wconf 88' lang='lat' dir='ltr'><strong>querela</strong></span> <span class='ocrx_word' id='word_1_136' title='bbox 1784 2576 1923 2626; x_wconf 94' lang='lat' dir='ltr'><strong>non</strong></span> <span class='ocrx_word' id='word_1_137' title='bbox 1961 2553 2233 2643; x_wconf 89' lang='lat' dir='ltr'><strong>veniat;</strong></span> <span class='ocrx_word' id='word_1_138' title='bbox 2274 2554 2609 2647; x_wconf 89' lang='lat' dir='ltr'><strong>alioquin,</strong></span> <span class='ocrx_word' id='word_1_139' title='bbox 2639 2552 2731 2624; x_wconf 91' lang='lat' dir='ltr'><strong>ad</strong></span> <span class='ocrx_word' id='word_1_140' title='bbox 2765 2554 3296 2629; x_wconf 85' lang='lat' dir='ltr'><strong>satisfactionem</strong></span> <span class='ocrx_word' id='word_1_141' title='bbox 3335 2557 3702 2648; x_wconf 88' lang='lat' dir='ltr'><strong>querelan-</strong></span> 
     </span>
     <span class='ocr_line' id='line_1_17' title="bbox 892 2676 3701 2773; baseline 0.002 -26"><span class='ocrx_word' id='word_1_142' title='bbox 892 2679 1072 2771; x_wconf 28' lang='lat' dir='ltr'><strong>tium·</strong></span> <span class='ocrx_word' id='word_1_143' title='bbox 1120 2679 1210 2752; x_wconf 90' lang='lat' dir='ltr'><strong>de</strong></span> <span class='ocrx_word' id='word_1_144' title='bbox 1260 2679 1429 2773; x_wconf 90' lang='lat' dir='ltr'><strong>ipsis</strong></span> <span class='ocrx_word' id='word_1_145' title='bbox 1479 2700 1834 2752; x_wconf 89' lang='lat' dir='ltr'><strong>sumemus</strong></span> <span class='ocrx_word' id='word_1_146' title='bbox 1882 2688 1961 2750; x_wconf 88' lang='lat' dir='ltr'><strong>ut</strong></span> <span class='ocrx_word' id='word_1_147' title='bbox 1999 2687 2104 2751; x_wconf 88' lang='lat' dir='ltr'><strong>est</strong></span> <span class='ocrx_word' id='word_1_148' title='bbox 2135 2679 2402 2769; x_wconf 86' lang='lat' dir='ltr'><strong>justum</strong></span> <span class='ocrx_word' id='word_1_149' title='bbox 2456 2676 2761 2749; x_wconf 87' lang='lat' dir='ltr'><strong>debitam</strong></span> <span class='ocrx_word' id='word_1_150' title='bbox 2816 2677 3165 2749; x_wconf 89' lang='lat' dir='ltr'><strong>ultionem.</strong></span> <span class='ocrx_word' id='word_1_151' title='bbox 3214 2679 3522 2751; x_wconf 88' lang='lat' dir='ltr'><strong>Preterea</strong></span> <span class='ocrx_word' id='word_1_152' title='bbox 3568 2682 3701 2753; x_wconf 92' lang='lat' dir='ltr'><strong>sub</strong></span> 
     </span>
     <span class='ocr_line' id='line_1_18' title="bbox 890 2781 3705 2899; baseline 0.001 -24"><span class='ocrx_word' id='word_1_153' title='bbox 890 2803 1173 2875; x_wconf 90' lang='lat' dir='ltr'><strong>obtentu</strong></span> <span class='ocrx_word' id='word_1_154' title='bbox 1210 2803 1427 2895; x_wconf 88' lang='lat' dir='ltr'><strong>gratie</strong></span> <span class='ocrx_word' id='word_1_155' title='bbox 1463 2812 1691 2875; x_wconf 89' lang='lat' dir='ltr'><strong>nostre</strong></span> <span class='ocrx_word' id='word_1_156' title='bbox 1724 2813 1794 2876; x_wconf 90' lang='lat' dir='ltr'><strong>et</strong></span> <span class='ocrx_word' id='word_1_157' title='bbox 1825 2781 2092 2899; x_wconf 88' lang='lat' dir='ltr'><strong>imperii</strong></span> <span class='ocrx_word' id='word_1_158' title='bbox 2125 2803 2408 2875; x_wconf 85' lang='lat' dir='ltr'><strong>firmiter</strong></span> <span class='ocrx_word' id='word_1_159' title='bbox 2432 2802 2825 2874; x_wconf 90' lang='lat' dir='ltr'><strong>inhibemus</strong></span> <span class='ocrx_word' id='word_1_160' title='bbox 2852 2824 2941 2874; x_wconf 90' lang='lat' dir='ltr'><strong>ne</strong></span> <span class='ocrx_word' id='word_1_161' title='bbox 2967 2803 3126 2897; x_wconf 89' lang='lat' dir='ltr'><strong>quis</strong></span> <span class='ocrx_word' id='word_1_162' title='bbox 3154 2812 3429 2898; x_wconf 89' lang='lat' dir='ltr'><strong>propter</strong></span> <span class='ocrx_word' id='word_1_163' title='bbox 3447 2827 3705 2898; x_wconf 88' lang='lat' dir='ltr'><strong>quam-</strong></span> 
     </span>
     <span class='ocr_line' id='line_1_19' title="bbox 891 2926 3700 3023; baseline 0.001 -26"><span class='ocrx_word' id='word_1_164' title='bbox 891 2948 1190 3021; x_wconf 88' lang='lat' dir='ltr'><strong>cumque</strong></span> <span class='ocrx_word' id='word_1_165' title='bbox 1242 2928 1557 3023; x_wconf 88' lang='lat' dir='ltr'><strong>culpam,</strong></span> <span class='ocrx_word' id='word_1_166' title='bbox 1597 2928 1908 3001; x_wconf 90' lang='lat' dir='ltr'><strong>debitum</strong></span> <span class='ocrx_word' id='word_1_167' title='bbox 1955 2929 2066 3001; x_wconf 90' lang='lat' dir='ltr'><strong>vel</strong></span> <span class='ocrx_word' id='word_1_168' title='bbox 2111 2949 2428 3023; x_wconf 86' lang='lat' dir='ltr'><strong>guerram</strong></span> <span class='ocrx_word' id='word_1_169' title='bbox 2472 2926 2999 3015; x_wconf 89' lang='lat' dir='ltr'><strong>advocatorum,</strong></span> <span class='ocrx_word' id='word_1_170' title='bbox 3046 2928 3227 3000; x_wconf 91' lang='lat' dir='ltr'><strong>bona</strong></span> <span class='ocrx_word' id='word_1_171' title='bbox 3262 2927 3700 3001; x_wconf 90' lang='lat' dir='ltr'><strong>ecclesiarum</strong></span> 
     </span>
     <span class='ocr_line' id='line_1_20' title="bbox 889 3031 3694 3146; baseline 0.002 -28"><span class='ocrx_word' id='word_1_172' title='bbox 889 3049 1173 3123; x_wconf 88' lang='lat' dir='ltr'><strong>invadat</strong></span> <span class='ocrx_word' id='word_1_173' title='bbox 1208 3052 1321 3124; x_wconf 89' lang='lat' dir='ltr'><strong>vel</strong></span> <span class='ocrx_word' id='word_1_174' title='bbox 1351 3052 1667 3145; x_wconf 88' lang='lat' dir='ltr'><strong>pignoret</strong></span> <span class='ocrx_word' id='word_1_175' title='bbox 1704 3053 1811 3124; x_wconf 91' lang='lat' dir='ltr'><strong>vel</strong></span> <span class='ocrx_word' id='word_1_176' title='bbox 1841 3050 2181 3124; x_wconf 89' lang='lat' dir='ltr'><strong>incendiis</strong></span> <span class='ocrx_word' id='word_1_177' title='bbox 2214 3031 2654 3146; x_wconf 84' lang='lat' dir='ltr'><strong>dampnificet</strong></span> <span class='ocrx_word' id='word_1_178' title='bbox 2683 3059 2805 3121; x_wconf 90' lang='lat' dir='ltr'><strong>aut</strong></span> <span class='ocrx_word' id='word_1_179' title='bbox 2831 3050 3111 3144; x_wconf 88' lang='lat' dir='ltr'><strong>rapinis.</strong></span> <span class='ocrx_word' id='word_1_180' title='bbox 3135 3049 3337 3135; x_wconf 90' lang='lat' dir='ltr'><strong>Quod</strong></span> <span class='ocrx_word' id='word_1_181' title='bbox 3359 3051 3418 3123; x_wconf 91' lang='lat' dir='ltr'><strong>si</strong></span> <span class='ocrx_word' id='word_1_182' title='bbox 3437 3053 3694 3145; x_wconf 85' lang='lat' dir='ltr'><strong>fecerit,</strong></span> 
     </span>
     <span class='ocr_line' id='line_1_21' title="bbox 886 3171 3702 3270; baseline 0.001 -25"><span class='ocrx_word' id='word_1_183' title='bbox 886 3171 1243 3248; x_wconf 87' lang='lat' dir='ltr'><strong>convictus</strong></span> <span class='ocrx_word' id='word_1_184' title='bbox 1281 3176 1585 3270; x_wconf 88' lang='lat' dir='ltr'><strong>legitime</strong></span> <span class='ocrx_word' id='word_1_185' title='bbox 1619 3198 1847 3248; x_wconf 87' lang='lat' dir='ltr'><strong>coram</strong></span> <span class='ocrx_word' id='word_1_186' title='bbox 1868 3199 1995 3249; x_wconf 89' lang='lat' dir='ltr'><strong>suo</strong></span> <span class='ocrx_word' id='word_1_187' title='bbox 2018 3176 2286 3268; x_wconf 85' lang='lat' dir='ltr'><strong>judice,</strong></span> <span class='ocrx_word' id='word_1_188' title='bbox 2328 3175 2816 3269; x_wconf 88' lang='lat' dir='ltr'><strong>proscribatur,</strong></span> <span class='ocrx_word' id='word_1_189' title='bbox 2851 3195 2979 3246; x_wconf 91' lang='lat' dir='ltr'><strong>nec</strong></span> <span class='ocrx_word' id='word_1_190' title='bbox 3006 3175 3406 3268; x_wconf 89' lang='lat' dir='ltr'><strong>proscriptio</strong></span> <span class='ocrx_word' id='word_1_191' title='bbox 3439 3176 3702 3249; x_wconf 86' lang='lat' dir='ltr'><strong>relaxe-</strong></span> 
     </span>
     <span class='ocr_line' id='line_1_22' title="bbox 886 3298 3702 3396; baseline 0.002 -27"><span class='ocrx_word' id='word_1_192' title='bbox 886 3308 996 3370; x_wconf 94' lang='lat' dir='ltr'><strong>tur</strong></span> <span class='ocrx_word' id='word_1_193' title='bbox 1032 3299 1167 3370; x_wconf 92' lang='lat' dir='ltr'><strong>nisi</strong></span> <span class='ocrx_word' id='word_1_194' title='bbox 1206 3299 1485 3393; x_wconf 92' lang='lat' dir='ltr'><strong>triplum</strong></span> <span class='ocrx_word' id='word_1_195' title='bbox 1522 3298 1808 3395; x_wconf 89' lang='lat' dir='ltr'><strong>dampni</strong></span> <span class='ocrx_word' id='word_1_196' title='bbox 1855 3301 2284 3396; x_wconf 89' lang='lat' dir='ltr'><strong>persolvatur</strong></span> <span class='ocrx_word' id='word_1_197' title='bbox 2329 3299 2539 3391; x_wconf 87' lang='lat' dir='ltr'><strong>illati,</strong></span> <span class='ocrx_word' id='word_1_198' title='bbox 2598 3298 2888 3393; x_wconf 92' lang='lat' dir='ltr'><strong>duplum</strong></span> <span class='ocrx_word' id='word_1_199' title='bbox 2935 3298 3223 3370; x_wconf 90' lang='lat' dir='ltr'><strong>ecclesie</strong></span> <span class='ocrx_word' id='word_1_200' title='bbox 3275 3300 3475 3390; x_wconf 89' lang='lat' dir='ltr'><strong>cujus</strong></span> <span class='ocrx_word' id='word_1_201' title='bbox 3522 3301 3702 3374; x_wconf 87' lang='lat' dir='ltr'><strong>bona</strong></span> 
     </span>
     <span class='ocr_line' id='line_1_23' title="bbox 886 3420 1913 3515; baseline 0.003 -24"><span class='ocrx_word' id='word_1_202' title='bbox 886 3429 1049 3491; x_wconf 87' lang='lat' dir='ltr'><strong>sunt</strong></span> <span class='ocrx_word' id='word_1_203' title='bbox 1082 3430 1151 3493; x_wconf 87' lang='lat' dir='ltr'><strong>et</strong></span> <span class='ocrx_word' id='word_1_204' title='bbox 1186 3421 1513 3515; x_wconf 90' lang='lat' dir='ltr'><strong>simplum</strong></span> <span class='ocrx_word' id='word_1_205' title='bbox 1547 3420 1913 3496; x_wconf 83' lang='lat' dir='ltr'><strong>advocatO.</strong></span> 
     </span>
    </p>

    <p class='ocr_par' dir='ltr' id='par_1_6' title="bbox 876 3545 3697 4871">
     <span class='ocr_line' id='line_1_24' title="bbox 985 3545 3697 3642; baseline 0.003 -29"><span class='ocrx_word' id='word_1_206' title='bbox 985 3545 1056 3613; x_wconf 86' lang='lat'><strong>3.</strong></span> <span class='ocrx_word' id='word_1_207' title='bbox 1114 3546 1208 3612; x_wconf 82' lang='lat' dir='ltr'><strong>De</strong></span> <span class='ocrx_word' id='word_1_208' title='bbox 1248 3545 1515 3636; x_wconf 64' lang='lat' dir='ltr'><strong>treuqss.</strong></span> <span class='ocrx_word' id='word_1_209' title='bbox 1569 3547 1816 3641; x_wconf 87' lang='lat' dir='ltr'><strong>Sepius</strong></span> <span class='ocrx_word' id='word_1_210' title='bbox 1879 3545 2129 3619; x_wconf 89' lang='lat' dir='ltr'><strong>accidit</strong></span> <span class='ocrx_word' id='word_1_211' title='bbox 2175 3556 2255 3617; x_wconf 93' lang='lat' dir='ltr'><strong>ut</strong></span> <span class='ocrx_word' id='word_1_212' title='bbox 2305 3546 2665 3642; x_wconf 88' lang='lat' dir='ltr'><strong>presertim</strong></span> <span class='ocrx_word' id='word_1_213' title='bbox 2715 3546 2889 3618; x_wconf 89' lang='lat' dir='ltr'><strong>inter</strong></span> <span class='ocrx_word' id='word_1_214' title='bbox 2941 3546 3271 3619; x_wconf 87' lang='lat' dir='ltr'><strong>militares</strong></span> <span class='ocrx_word' id='word_1_215' title='bbox 3315 3546 3503 3621; x_wconf 82' lang='lat' dir='ltr'><strong>viros</strong></span> <span class='ocrx_word' id='word_1_216' title='bbox 3548 3558 3697 3622; x_wconf 87' lang='lat' dir='ltr'><strong>orta</strong></span> 
     </span>
     <span class='ocr_line' id='line_1_25' title="bbox 885 3667 3688 3765; baseline 0.002 -26"><span class='ocrx_word' id='word_1_217' title='bbox 885 3667 1228 3739; x_wconf 83' lang='lat' dir='ltr'><strong>contentio</strong></span> <span class='ocrx_word' id='word_1_218' title='bbox 1256 3677 1653 3759; x_wconf 87' lang='lat' dir='ltr'><strong>treugarum</strong></span> <span class='ocrx_word' id='word_1_219' title='bbox 1684 3669 2196 3763; x_wconf 88' lang='lat' dir='ltr'><strong>interpositione</strong></span> <span class='ocrx_word' id='word_1_220' title='bbox 2223 3691 2346 3763; x_wconf 89' lang='lat' dir='ltr'><strong>per</strong></span> <span class='ocrx_word' id='word_1_221' title='bbox 2370 3668 2813 3762; x_wconf 88' lang='lat' dir='ltr'><strong>obligationis</strong></span> <span class='ocrx_word' id='word_1_222' title='bbox 2838 3671 3194 3742; x_wconf 89' lang='lat' dir='ltr'><strong>vinculum</strong></span> <span class='ocrx_word' id='word_1_223' title='bbox 3229 3673 3688 3765; x_wconf 89' lang='lat' dir='ltr'><strong>conquiescat.</strong></span> 
     </span>
     <span class='ocr_line' id='line_1_26' title="bbox 884 3788 3697 3890; baseline 0.003 -29"><span class='ocrx_word' id='word_1_224' title='bbox 884 3791 1061 3876; x_wconf 86' lang='lat' dir='ltr'><strong>Quia</strong></span> <span class='ocrx_word' id='word_1_225' title='bbox 1088 3788 1279 3883; x_wconf 91' lang='lat' dir='ltr'><strong>quod</strong></span> <span class='ocrx_word' id='word_1_226' title='bbox 1307 3811 1400 3862; x_wconf 82' lang='lat' dir='ltr'><strong>ex</strong></span> <span class='ocrx_word' id='word_1_227' title='bbox 1433 3790 1757 3862; x_wconf 88' lang='lat' dir='ltr'><strong>humanis</strong></span> <span class='ocrx_word' id='word_1_228' title='bbox 1775 3792 2120 3864; x_wconf 88' lang='lat' dir='ltr'><strong>erroribus</strong></span> <span class='ocrx_word' id='word_1_229' title='bbox 2143 3813 2267 3887; x_wconf 89' lang='lat' dir='ltr'><strong>per</strong></span> <span class='ocrx_word' id='word_1_230' title='bbox 2294 3803 2636 3865; x_wconf 87' lang='lat' dir='ltr'><strong>momenta</strong></span> <span class='ocrx_word' id='word_1_231' title='bbox 2654 3793 3099 3880; x_wconf 86' lang='lat' dir='ltr'><strong>subtrahitur,</strong></span> <span class='ocrx_word' id='word_1_232' title='bbox 3125 3794 3259 3866; x_wconf 92' lang='lat' dir='ltr'><strong>nisi</strong></span> <span class='ocrx_word' id='word_1_233' title='bbox 3280 3796 3495 3866; x_wconf 83' lang='lat' dir='ltr'><strong>nexui</strong></span> <span class='ocrx_word' id='word_1_234' title='bbox 3521 3818 3697 3890; x_wconf 90' lang='lat' dir='ltr'><strong>pene</strong></span> 
     </span>
     <span class='ocr_line' id='line_1_27' title="bbox 882 3915 3695 4010; baseline 0.003 -25"><span class='ocrx_word' id='word_1_235' title='bbox 882 3915 1236 4006; x_wconf 88' lang='lat' dir='ltr'><strong>subjaceat</strong></span> <span class='ocrx_word' id='word_1_236' title='bbox 1284 3915 1358 3985; x_wconf 93' lang='lat' dir='ltr'><strong>in</strong></span> <span class='ocrx_word' id='word_1_237' title='bbox 1407 3915 1780 4009; x_wconf 89' lang='lat' dir='ltr'><strong>perniciem</strong></span> <span class='ocrx_word' id='word_1_238' title='bbox 1833 3916 2187 4010; x_wconf 90' lang='lat' dir='ltr'><strong>pristinam</strong></span> <span class='ocrx_word' id='word_1_239' title='bbox 2239 3915 2620 4007; x_wconf 87' lang='lat' dir='ltr'><strong>recidivat,</strong></span> <span class='ocrx_word' id='word_1_240' title='bbox 2671 3916 2953 3989; x_wconf 85' lang='lat' dir='ltr'><strong>firmiter</strong></span> <span class='ocrx_word' id='word_1_241' title='bbox 3001 3918 3210 4010; x_wconf 89' lang='lat' dir='ltr'><strong>igitur</strong></span> <span class='ocrx_word' id='word_1_242' title='bbox 3261 3928 3332 3990; x_wconf 87' lang='lat' dir='ltr'><strong>et</strong></span> <span class='ocrx_word' id='word_1_243' title='bbox 3387 3918 3695 3993; x_wconf 90' lang='lat' dir='ltr'><strong>districte</strong></span> 
     </span>
     <span class='ocr_line' id='line_1_28' title="bbox 881 4037 3691 4134; baseline 0.002 -24"><span class='ocrx_word' id='word_1_244' title='bbox 881 4037 1299 4134; x_wconf 88' lang='lat' dir='ltr'><strong>precipimus</strong></span> <span class='ocrx_word' id='word_1_245' title='bbox 1347 4047 1425 4109; x_wconf 85' lang='lat' dir='ltr'><strong>ut</strong></span> <span class='ocrx_word' id='word_1_246' title='bbox 1469 4038 1531 4109; x_wconf 90' lang='lat' dir='ltr'><strong>si</strong></span> <span class='ocrx_word' id='word_1_247' title='bbox 1579 4039 1640 4109; x_wconf 93' lang='lat' dir='ltr'><strong>is</strong></span> <span class='ocrx_word' id='word_1_248' title='bbox 1675 4039 1746 4109; x_wconf 91' lang='lat' dir='ltr'><strong>in</strong></span> <span class='ocrx_word' id='word_1_249' title='bbox 1774 4060 1915 4133; x_wconf 89' lang='lat' dir='ltr'><strong>quo</strong></span> <span class='ocrx_word' id='word_1_250' title='bbox 1952 4048 2190 4133; x_wconf 87' lang='lat' dir='ltr'><strong>treuge</strong></span> <span class='ocrx_word' id='word_1_251' title='bbox 2229 4039 2479 4112; x_wconf 90' lang='lat' dir='ltr'><strong>violate</strong></span> <span class='ocrx_word' id='word_1_252' title='bbox 2514 4050 2709 4131; x_wconf 89' lang='lat' dir='ltr'><strong>sunt,</strong></span> <span class='ocrx_word' id='word_1_253' title='bbox 2754 4064 2912 4112; x_wconf 93' lang='lat' dir='ltr'><strong>cum</strong></span> <span class='ocrx_word' id='word_1_254' title='bbox 2939 4063 3022 4113; x_wconf 93' lang='lat' dir='ltr'><strong>eo</strong></span> <span class='ocrx_word' id='word_1_255' title='bbox 3065 4042 3135 4111; x_wconf 90' lang='lat' dir='ltr'><strong>in</strong></span> <span class='ocrx_word' id='word_1_256' title='bbox 3173 4043 3372 4133; x_wconf 88' lang='lat' dir='ltr'><strong>cujus</strong></span> <span class='ocrx_word' id='word_1_257' title='bbox 3412 4066 3691 4116; x_wconf 89' lang='lat' dir='ltr'><strong>manum</strong></span> 
     </span>
     <span class='ocr_line' id='line_1_29' title="bbox 880 4159 3690 4258; baseline 0.003 -27"><span class='ocrx_word' id='word_1_258' title='bbox 880 4160 1212 4255; x_wconf 91' lang='lat' dir='ltr'><strong>promisse</strong></span> <span class='ocrx_word' id='word_1_259' title='bbox 1245 4161 1524 4234; x_wconf 82' lang='lat' dir='ltr'><strong>fuerunt</strong></span> <span class='ocrx_word' id='word_1_260' title='bbox 1548 4170 1619 4232; x_wconf 88' lang='lat' dir='ltr'><strong>et</strong></span> <span class='ocrx_word' id='word_1_261' title='bbox 1650 4159 1931 4233; x_wconf 86' lang='lat' dir='ltr'><strong>duobus</strong></span> <span class='ocrx_word' id='word_1_262' title='bbox 1964 4161 2119 4232; x_wconf 87' lang='lat' dir='ltr'><strong>aliis</strong></span> <span class='ocrx_word' id='word_1_263' title='bbox 2150 4162 2603 4258; x_wconf 80' lang='lat' dir='ltr'><strong>synodalibus</strong></span> <span class='ocrx_word' id='word_1_264' title='bbox 2631 4163 2800 4234; x_wconf 89' lang='lat' dir='ltr'><strong>viris</strong></span> <span class='ocrx_word' id='word_1_265' title='bbox 2829 4164 3078 4257; x_wconf 90' lang='lat' dir='ltr'><strong>integri</strong></span> <span class='ocrx_word' id='word_1_266' title='bbox 3112 4174 3329 4237; x_wconf 89' lang='lat' dir='ltr'><strong>status</strong></span> <span class='ocrx_word' id='word_1_267' title='bbox 3360 4166 3450 4238; x_wconf 89' lang='lat' dir='ltr'><strong>de</strong></span> <span class='ocrx_word' id='word_1_268' title='bbox 3476 4168 3690 4240; x_wconf 91' lang='lat' dir='ltr'><strong>viola-</strong></span> 
     </span>
     <span class='ocr_line' id='line_1_30' title="bbox 880 4283 3693 4381; baseline 0.003 -28"><span class='ocrx_word' id='word_1_269' title='bbox 880 4285 1062 4357; x_wconf 87' lang='lat' dir='ltr'><strong>tione</strong></span> <span class='ocrx_word' id='word_1_270' title='bbox 1118 4293 1514 4377; x_wconf 89' lang='lat' dir='ltr'><strong>treugarum</strong></span> <span class='ocrx_word' id='word_1_271' title='bbox 1557 4304 1785 4356; x_wconf 90' lang='lat' dir='ltr'><strong>coram</strong></span> <span class='ocrx_word' id='word_1_272' title='bbox 1833 4283 2074 4376; x_wconf 89' lang='lat' dir='ltr'><strong>judice</strong></span> <span class='ocrx_word' id='word_1_273' title='bbox 2120 4306 2249 4355; x_wconf 92' lang='lat' dir='ltr'><strong>suo</strong></span> <span class='ocrx_word' id='word_1_274' title='bbox 2289 4306 2412 4380; x_wconf 90' lang='lat' dir='ltr'><strong>per</strong></span> <span class='ocrx_word' id='word_1_275' title='bbox 2459 4297 2883 4358; x_wconf 90' lang='lat' dir='ltr'><strong>sacramenta</strong></span> <span class='ocrx_word' id='word_1_276' title='bbox 2936 4287 3359 4381; x_wconf 88' lang='lat' dir='ltr'><strong>probaverit,</strong></span> <span class='ocrx_word' id='word_1_277' title='bbox 3403 4289 3693 4363; x_wconf 87' lang='lat' dir='ltr'><strong>violator</strong></span> 
     </span>
     <span class='ocr_line' id='line_1_31' title="bbox 879 4408 3688 4505; baseline 0.004 -28"><span class='ocrx_word' id='word_1_278' title='bbox 879 4408 1342 4501; x_wconf 88' lang='lat' dir='ltr'><strong>proscribatur</strong></span> <span class='ocrx_word' id='word_1_279' title='bbox 1392 4429 1521 4480; x_wconf 90' lang='lat' dir='ltr'><strong>nec</strong></span> <span class='ocrx_word' id='word_1_280' title='bbox 1576 4429 1882 4502; x_wconf 87' lang='lat' dir='ltr'><strong>unquam</strong></span> <span class='ocrx_word' id='word_1_281' title='bbox 1927 4408 2325 4480; x_wconf 88' lang='lat' dir='ltr'><strong>absolvatur</strong></span> <span class='ocrx_word' id='word_1_282' title='bbox 2366 4431 2408 4480; x_wconf 99' lang='lat' dir='ltr'><strong>a</strong></span> <span class='ocrx_word' id='word_1_283' title='bbox 2459 4408 2946 4503; x_wconf 89' lang='lat' dir='ltr'><strong>proscriptione</strong></span> <span class='ocrx_word' id='word_1_284' title='bbox 2993 4420 3220 4505; x_wconf 90' lang='lat' dir='ltr'><strong>preter</strong></span> <span class='ocrx_word' id='word_1_285' title='bbox 3273 4414 3688 4488; x_wconf 84' lang='lat' dir='ltr'><strong>voluntatem</strong></span> 
     </span>
     <span class='ocr_line' id='line_1_32' title="bbox 876 4530 3680 4630; baseline 0.003 -30"><span class='ocrx_word' id='word_1_286' title='bbox 876 4530 1124 4600; x_wconf 89' lang='lat' dir='ltr'><strong>actoris</strong></span> <span class='ocrx_word' id='word_1_287' title='bbox 1153 4531 1264 4602; x_wconf 89' lang='lat' dir='ltr'><strong>vel</strong></span> <span class='ocrx_word' id='word_1_288' title='bbox 1298 4552 1578 4602; x_wconf 91' lang='lat' dir='ltr'><strong>manum</strong></span> <span class='ocrx_word' id='word_1_289' title='bbox 1621 4530 1889 4626; x_wconf 87' lang='lat' dir='ltr'><strong>perdat.</strong></span> <span class='ocrx_word' id='word_1_290' title='bbox 1923 4531 1998 4602; x_wconf 92' lang='lat' dir='ltr'><strong>Si</strong></span> <span class='ocrx_word' id='word_1_291' title='bbox 2033 4551 2201 4603; x_wconf 90' lang='lat' dir='ltr'><strong>vero</strong></span> <span class='ocrx_word' id='word_1_292' title='bbox 2238 4531 2300 4601; x_wconf 91' lang='lat' dir='ltr'><strong>is</strong></span> <span class='ocrx_word' id='word_1_293' title='bbox 2331 4530 2405 4602; x_wconf 91' lang='lat' dir='ltr'><strong>in</strong></span> <span class='ocrx_word' id='word_1_294' title='bbox 2443 4533 2643 4622; x_wconf 87' lang='lat' dir='ltr'><strong>cujus</strong></span> <span class='ocrx_word' id='word_1_295' title='bbox 2687 4553 2964 4603; x_wconf 91' lang='lat' dir='ltr'><strong>manum</strong></span> <span class='ocrx_word' id='word_1_296' title='bbox 3004 4544 3240 4623; x_wconf 89' lang='lat' dir='ltr'><strong>treuge</strong></span> <span class='ocrx_word' id='word_1_297' title='bbox 3280 4534 3439 4608; x_wconf 88' lang='lat' dir='ltr'><strong>date</strong></span> <span class='ocrx_word' id='word_1_298' title='bbox 3472 4549 3633 4609; x_wconf 87' lang='lat' dir='ltr'><strong>sunt</strong></span> <span class='ocrx_word' id='word_1_299' title='bbox 3658 4591 3680 4630; x_wconf 87' lang='lat'>,</span> 
     </span>
     <span class='ocr_line' id='line_1_33' title="bbox 879 4653 3686 4749; baseline 0.005 -29"><span class='ocrx_word' id='word_1_300' title='bbox 879 4653 1176 4723; x_wconf 89' lang='lat' dir='ltr'><strong>noluerit</strong></span> <span class='ocrx_word' id='word_1_301' title='bbox 1220 4653 1492 4724; x_wconf 88' lang='lat' dir='ltr'><strong>veritati</strong></span> <span class='ocrx_word' id='word_1_302' title='bbox 1546 4655 2009 4726; x_wconf 90' lang='lat' dir='ltr'><strong>testimonium</strong></span> <span class='ocrx_word' id='word_1_303' title='bbox 2050 4654 2441 4749; x_wconf 85' lang='lat' dir='ltr'><strong>perhibere,</strong></span> <span class='ocrx_word' id='word_1_304' title='bbox 2483 4664 2766 4747; x_wconf 89' lang='lat' dir='ltr'><strong>cogatur</strong></span> <span class='ocrx_word' id='word_1_305' title='bbox 2800 4678 2840 4726; x_wconf 92' lang='lat' dir='ltr'><strong>a</strong></span> <span class='ocrx_word' id='word_1_306' title='bbox 2884 4654 3158 4746; x_wconf 86' lang='lat' dir='ltr'><strong>judice,</strong></span> <span class='ocrx_word' id='word_1_307' title='bbox 3201 4658 3333 4729; x_wconf 92' lang='lat' dir='ltr'><strong>nisi</strong></span> <span class='ocrx_word' id='word_1_308' title='bbox 3385 4659 3686 4737; x_wconf 88' lang='lat' dir='ltr'><strong>declaret</strong></span> 
     </span>
     <span class='ocr_line' id='line_1_34' title="bbox 877 4775 3686 4871; baseline 0.005 -26"><span class='ocrx_word' id='word_1_309' title='bbox 877 4796 1071 4847; x_wconf 91' lang='lat' dir='ltr'><strong>suam</strong></span> <span class='ocrx_word' id='word_1_310' title='bbox 1103 4775 1561 4868; x_wconf 89' lang='lat' dir='ltr'><strong>ignorantiam</strong></span> <span class='ocrx_word' id='word_1_311' title='bbox 1587 4785 2012 4851; x_wconf 86' lang='lat' dir='ltr'><strong>sacramento</strong></span> <span class='ocrx_word' id='word_1_312' title='bbox 2039 4802 2057 4862; x_wconf 89' lang='lat'>;</span> <span class='ocrx_word' id='word_1_313' title='bbox 2114 4776 2418 4870; x_wconf 91' lang='lat' dir='ltr'><strong>alioquin</strong></span> <span class='ocrx_word' id='word_1_314' title='bbox 2452 4778 2809 4851; x_wconf 88' lang='lat' dir='ltr'><strong>convictus</strong></span> <span class='ocrx_word' id='word_1_315' title='bbox 2840 4802 3120 4853; x_wconf 89' lang='lat' dir='ltr'><strong>manum</strong></span> <span class='ocrx_word' id='word_1_316' title='bbox 3157 4784 3448 4857; x_wconf 86' lang='lat' dir='ltr'><strong>amittat.</strong></span> <span class='ocrx_word' id='word_1_317' title='bbox 3481 4785 3686 4871; x_wconf 89' lang='lat' dir='ltr'><strong>Quod</strong></span> 
     </span>
    </p>
   </div>
  </div>
 </body>
</html>
