4842 5802
880 580 1078 642 horor.
1110 578 1195 663 7.]
1785 576 2188 640 HISTORIA
2236 575 2826 640 DlPLOMATICA.
3595 582 3718 645 623

881 714 1260 809 majestatis
1286 694 1519 788 nostre
1549 712 2067 787 concessionem
2097 733 2387 808 gravare
2431 711 2688 786 audeat
2724 712 2840 788 vel
2872 733 2993 786 eos
3018 712 3450 808 aliquatenus
3487 715 3716 811 impe-

884 837 1034 912 dire
1059 839 1178 912 vel
1214 838 1604 912 molestare.
1642 835 1849 922 Quod
1898 835 1961 909 si
2006 836 2169 931 quis
2215 836 2690 929 attentaverit,
2744 836 3025 931 triginta
3083 836 3294 910 libras
3347 839 3499 911 auri
3549 841 3707 934 puri

883 982 1011 1056 pro
1045 982 1228 1056 pena
1263 968 1664 1055 componat,
1708 960 2077 1035 dimidium
2097 980 2366 1034 camere
2393 969 2625 1033 nostre
2646 969 2715 1032 et
2737 959 3083 1054 reliquum
3110 961 3331 1054 passis
3364 962 3708 1055 injuriam.

882 1084 994 1159 Ad
1032 1085 1236 1177 cujus
1268 1083 1371 1156 rei
1421 1092 1679 1157 certam
1712 1085 1796 1154 in·
1819 1091 2166 1179 posterum
2217 1082 2678 1167 evidentiam,
2731 1092 3120 1178 presentem
3175 1084 3502 1178 paginam
3551 1085 3713 1158 inde

886 1208 1229 1281 conscribi
1255 1206 1599 1300 jussimus
1629 1216 1700 1280 et
1732 1208 2112 1301 majestatis
2138 1216 2372 1280 nostre
2407 1207 2636 1301 sigillo
2668 1207 3102 1279 communiri.

977 1332 1204 1425 Hujus
1237 1331 1339 1404 rei
1375 1339 1584 1405 testes
1623 1338 1786 1404 sunt
1819 1358 1836 1403 ε
1880 1330 2283 1425 Magantine
2332 1330 2520 1403 sedis
2564 1340 2634 1403 et
2675 1331 3113 1404 Treverensis
3175 1330 3711 1428 archiepiscopi,

886 1455 1234 1528 Seinensis
1260 1462 1331 1527 et
1362 1454 1714 1528 Clevensis
1747 1453 2066 1547 comites,
2109 1454 2434 1526 Gerlacus
2458 1453 2548 1529 de
2569 1452 2970 1547 Budingen,
3006 1453 3342 1527 Henricus
3366 1455 3457 1528 de
3484 1456 3709 1548 Nisen,

888 1577 1098 1650 etalii
1131 1578 1606 1672 quamplures.

979 1701 1232 1773 Datum
1284 1721 1469 1775 anno
1519 1699 1794 1774 Domini
1837 1698 1934 1771 Μο
1965 1698 2094 1771 CC⁰
2129 1697 2485 1771 tricesimo
2538 1698 2773 1792 terti0‚
2832 1700 3024 1796 apud
3065 1700 3482 1793 Nurinberc,
3535 1700 3714 1772 x111⁰

892 1821 1221 1896 kalendas
1252 1822 1587 1912 octobris,
1628 1820 2008 1895 indictione
2031 1820 2349 1916 septima.

1347 2133 1911 2143 m—m*
1922 2134 2572 2144 *mm—..m
2581 2135 3265 2145 σ--ο--ι--ισι--ῄ--ᾕ

991 2401 1391 2508 HenricuS‚
1423 2403 1944 2487 Romanorum
1980 2429 2145 2512 rex,
2177 2403 2591 2513 burgravio
2626 2404 2722 2485 de
2755 2404 3042 2488 Werda
3075 2413 3150 2485 et
3183 2404 3481 2514 imperii
3513 2406 3712 2489 fide-
3799 2409 4089 2516 maffia,

888 2531 1089 2616 libus
1132 2534 1472 2617 notificat
1534 2561 1616 2618 se
1668 2535 1990 2619 Henrico
2043 2534 2197 2643 maj
2203 2534 2318 2619 ori
2368 2534 2529 2617 filio
2586 2534 2802 2617 ducis
2846 2535 3386 2646 Lotharingiae
3448 2538 3709 2646 depu-
3759 2517 3816 2559 ²⁰
3841 2517 4125 2570 '‘pm'm‘

889 2674 1091 2749 tasse
1124 2666 1493 2750 ducentas
1526 2692 1827 2750 marcas
1863 2667 2331 2751 colonienses
2357 2668 2565 2777 apud
2590 2668 3031 2751 theloneum
3058 2693 3285 2750 suum
3322 2670 3402 2750 in
3426 2671 3714 2756 Werda

890 2798 1283 2880 annuatim
1344 2799 1867 2910 percipiendas
1890 2858 1914 2907 ‚
1973 2798 2183 2883 salvo
2245 2798 2457 2909 quod
2508 2824 2735 2908 super
2793 2798 2942 2882 hoc
3001 2799 3355 2884 voluntas
3418 2802 3709 2886 domini

886 2928 1364 3040 imperatoris
1399 2932 1859 3041 requiratur.

1046 3168 1318 3249 (Edlder.
1347 3172 1653 3247 Burnus,
1689 3168 1909 3251 Troph.
1951 3169 2033 3233 du
2052 3169 2257 3249 Brab.,
2286 3173 2341 3246 Ι,
2379 3180 2474 3233 17.
2497 3171 2830 3246 -Lumm
2866 3170 3002 3235 Cod.
3040 3171 3261 3252 Germ„
3291 3175 3374 3248 ΙΙ,
3420 3183 3595 3237 1098.
3634 3209 3714 3222 —

1126 3277 1449 3359 meus,
1482 3276 1624 3341 Cod.
1666 3275 1928 3360 diplom,
1956 3279 2087 3341 loco
2105 3294 2269 3355 supr.
2299 3279 2502 3352 citat„
2530 3295 2593 3356 p.
2627 3286 2770 3354 637,
2800 3295 2879 3340 ex
2905 3278 3116 3340 eodem
3140 3279 3545 3355 chartulario.)

986 3486 1362 3579 Henricus,
1416 3487 1542 3561 Dei
1582 3488 1805 3582 gratia
1849 3487 2311 3559 Romanorum
2348 3508 2476 3558 rex
2520 3495 2590 3558 et
2625 3508 2899 3581 semper
2942 3493 3312 3579 augustus,
3368 3483 3451 3556 G.
3501 3487 3714 3562 buro-

892 3609 1136 3702 gravio
1162 3610 1252 3682 de
1281 3611 1540 3688 Werda
1572 3620 1641 3684 et
1670 3611 1941 3706 imperii
1973 3609 2295 3683 fidelibus
2338 3610 2596 3704 quibus
2633 3631 2913 3705 presens
2950 3609 3173 3684 littera
3204 3610 3412 3683 fuerit
3442 3620 3714 3685 ostensa

893 3730 1186 3824 gratiam
1221 3754 1417 3807 suam
1459 3744 1527 3809 et
1561 3755 1765 3807 omne
1795 3734 2083 3807 bonum.
2124 3735 2385 3805 Tenore
2416 3733 2841 3827 presentium
2888 3740 3344 3827 protestamur
3366 3732 3558 3828 quod
3583 3755 3713 3808 nos

893 3853 1145 3929 dilecto
1175 3857 1364 3931 affini
1393 3868 1624 3932 nostro
1649 3858 1943 3930 Henrico
1972 3858 2062 3931 de
2083 3855 2392 3929 Lovanio
2429 3853 2536 3951 (l)
2559 3854 3050 3949 deputavimus
3080 3855 3415 3929 ducentas
3445 3879 3714 3931 marcas

892 3980 1320 4055 colonienses
1355 3982 1544 4078 apud
1569 3982 2005 4055 theoloneum
2041 3988 2350 4054 nostrum
2387 3979 2463 4051 in
2495 3979 2751 4052 Werda
2771 3978 3062 4072 singulis
3087 3979 3286 4052 annis
3316 3981 3715 4077 percipien-

893 4102 1055 4194 das;
1102 4103 1237 4178 hoc
1272 4106 1643 4198 subjuncto
1677 4105 1870 4200 quod
1901 4126 1945 4179 a
1982 4105 2187 4177 nobis
2226 4112 2294 4177 et
2348 4104 2439 4177 ab
2492 4104 2644 4200 ipso
2685 4124 2897 4199 super
2943 4102 3344 4196 hujusmodi
3396 4106 3715 4178 voluntas

894 4225 1156 4301 domini
1182 4229 1617 4326 imperatoris
1642 4229 2057 4324 requiratur,
2091 4238 2160 4302 et
2182 4229 2333 4325 ipse
2360 4228 2593 4302 medio
2627 4237 2934 4324 tempore
2969 4227 3190 4322 ipsam
3218 4249 3557 4300 summam
3593 4250 3716 4322 pe-

897 4351 1097 4425 cunie
1124 4353 1416 4449 accipiat
1442 4354 1735 4448 singulis
1757 4353 1984 4447 annis,
2010 4372 2379 4448 quousque
2401 4361 2629 4425 noster
2645 4358 2714 4424 et
2739 4372 2912 4423 suus
2937 4351 3223 4423 nuntius
3248 4350 3341 4423 ad
3360 4350 3718 4425 dominum

3212 4548 3476 4559 ..α-ιω*

965 4657 1037 4732 (t)
1074 4660 1177 4718 Hic
1200 4660 1376 4734 agitur
1394 4660 1464 4721 de
1484 4660 1590 4722 filio
1615 4662 1803 4736 majori
1820 4662 2035 4722 Henrici
2056 4661 2208 4720 ducis
2227 4659 2599 4734 Lotharingiae
2620 4663 2677 4716 et
2698 4656 3042 4727 Brahantiae‚
3070 4655 3139 4713 de
3166 4670 3273 4729 quo
3296 4668 3479 4729 supra.
