4842 5802
941 1940 1011 1984 aa,

817 1988 846 2028 ὓ
868 1984 1033 2041 aprilis.

1172 600 1295 662 648
2207 604 2548 668 HENRICI
2597 608 2931 670 SEPTIMI
3600 614 3758 693 [Ans.
3799 618 3968 680 1234.

1167 738 1296 824 sis,
1337 735 1716 809 Dietericus
1754 738 2172 810 Trevirensis
2211 740 2740 837 archiepiscopi,
2791 744 3096 840 episcopi
3138 767 3298 819 vero
3329 747 3623 821 Sifridus
3664 752 3973 847 Ratispo-

1166 858 1400 932 nensis
1462 861 1903 935 cancellarius
1960 862 2117 935 aule
2186 864 2373 958 regie
2392 917 2414 955 ,
2492 866 2920 940 Hermannns
2975 869 3518 965 HerbipolensiS,
3591 873 3975 948 Eckbertus

1165 982 1788 1078 Babenbergensis,
1823 984 2056 1059 Simon
2089 1007 2318 1058 comes
2341 990 2876 1084 Sarepontanns,
2911 991 3297 1066 Fridericus
3328 1015 3558 1067 comes
3584 995 3676 1069 de
3697 998 3974 1069 Leinin-

1165 1128 1334 1200 gen,
1371 1107 1733 1181 Cunradns
1756 1130 1989 1181 comes
2017 1109 2105 1183 de
2140 1110 2531 1204 Everstein,
2579 1123 2650 1186 et
2677 1114 2887 1188 ceteri
2914 1117 3384 1210 quamplures.

1257 1229 1506 1302 Actum
1555 1231 1745 1326 apud
1803 1232 2112 1323 Lutram,
2172 1256 2354 1307 anno
2403 1236 2620 1330 gratie
2676 1238 3040 1311 millesimo
3101 1239 3572 1315 ducentesimo
3623 1241 3971 1336 trigesimo

1162 1363 1441 1448 quarto,
1479 1354 1857 1429 indictione
1885 1357 2208 1452 septima,
2249 1379 2437 1431 anno
2474 1371 2703 1434 661661
2728 1362 2925 1455 regni
2958 1364 3174 1435 nostri
3200 1362 3636 1438 duodecimo.

1269 1898 1637 1982 Henricus
1658 1960 1682 2006 ,
1721 1898 2239 1981 Romanorum
2292 1924 2464 2006 rex,
2513 1899 2610 1981 de
2665 1899 2980 1983 consilio
3017 1899 3447 2011 principum
3499 1903 3833 1984 decernit
3882 1912 3969 1984 ut

1169 2032 1376 2116 Geba
1405 2032 1681 2115 mulier
1722 2032 1819 2114 de
1859 2029 2264 2113 Diirckeim
2309 2040 2385 2113 et
2426 2056 2691 2114 omnes
2744 2031 3083 2142 ejusdem
3132 2034 3582 2117 conditionis
3619 2034 3966 2116 homines

1156 2164 1514 2248 Volmaro
1552 2162 1815 2246 abbati
1842 2164 1938 2246 de
1980 2162 2350 2272 Limburg
2386 2174 2460 2245 et
2486 2164 2652 2275 ejus
2691 2165 3250 2249 successoribus
3280 2166 3411 2276 jus
3446 2167 3654 2276 quod
3690 2166 3965 2249 dicitur

1158 2297 1436 2378 budteil
1469 2298 1653 2380 dare
1687 2306 2111 2379 teneantur.

1319 2483 1523 2563 (Edid.
1554 2485 1871 2557 limma,
1900 2480 2183 2545 Urhundl.
2219 2480 2413 2545 Gesclz.
2444 2481 2677 2544 dev-abe.
2710 2482 2838 2544 und
2856 2481 3175 2546 Kloeterin
3200 2485 3605 2566 Rheinbayem
3628 2486 3958 2565 (Neustndt.

1400 2589 1601 2669 1838),
1624 2607 1758 2668 pars
1783 2591 1858 2665 1⁸,
1883 2590 2104 2668 Bellag.
2137 2599 2278 2664 314,
2308 2606 2385 2651 ex
2410 2590 2682 2653 Heldelb.
2712 2597 2829 2652 act.
2858 2589 3058 2669 MSS.)

1248 2748 1618 2836 Henricus‚
1681 2746 1803 2817 Dei
1854 2746 2072 2838 gratia
2126 2746 2584 2818 Romanorum
2627 2765 2754 2817 rex
2796 2754 2865 2816 et
2907 2766 3178 2840 semper
3223 2760 3594 2840 augustus,
3644 2750 3964 2823 omnibus

1153 2893 1437 2971 presens
1458 2870 1785 2965 scriptum
1818 2868 2245 2942 intuentibus
2273 2870 2564 2942 salutem
2595 2878 2800 2963 atque
2818 2891 3015 2942 suam
3047 2871 3358 2962 gratiam.
3383 2864 3635 2945 Notum
3662 2894 3814 2946 esse
3842 2894 3963 2946 vo·

1152 2999 1383 3069 161666
1417 2994 1761 3068 universis
1792 2993 1970 3066 hanc
1994 2993 2307 3065 cedulam
2339 2993 2743 3087 inspecturis
2777 2993 2968 3086 qnod
2996 2994 3356 3066 Volmarus
3395 2995 3611 3067 abbas
3650 2996 3959 3089 Limpur-

1152 3119 1384 3216 gensis
1428 3117 1711 3191 ecclesie
1761 3138 1988 3189 coram
2032 3116 2233 3188 nobis
2283 3116 2771 3209 conquerendo
2807 3118 3161 3212 proposuit
3206 3117 3399 3211 quod
3428 3116 3617 3191 Geba
3658 3118 3958 3213 quedam

1156 3243 1405 3316 mulier
1449 3240 1540 3315 de
1582 3241 1972 3336 Dnrckeym
2015 3241 2133 3330 jus
2183 3239 2542 3333 quoddam
2597 3241 2787 3335 quod
2822 3241 3036 3334 vulgo
3073 3241 3324 3313 dicitnr
3375 3242 3631 3338 budeyl
3673 3243 3960 3317 ecclesie

1151 3390 1313 3456 666,
1369 3389 1528 3440 6616
1571 3367 1732 3458 jure
1777 3364 1841 3439 ei
1885 3364 2052 3437 dare
2085 3372 2462 3452 teneretur,
2503 3376 2814 3457 negaret,
2853 3365 3267 3460 pretendens
3300 3367 3490 3460 quod
3529 3388 3653 3462 per
3698 3367 3958 3461 regiam

1151 3492 1433 3567 deberet
1467 3512 1619 3564 esse
1645 3511 1688 3563 a
1721 3489 1838 3560 tali
1864 3489 2021 3579 jure
2056 3487 2269 3559 libera
2295 3495 2721 3580 potestatem.
2761 3487 2902 3561 Nos
2929 3511 3097 3563 vero
3125 3489 3416 3564 consilIo
3442 3491 3825 3586 principum
3848 3491 3958 3563 usi

1149 3617 1605 3700 decernimus,
1633 3635 1794 3685 cum
1818 3611 2194 3703 jamdictus
2218 3609 2433 3683 abbas
2452 3612 2812 3686 Volmarns
2838 3612 3352 3709 Limpurgensis
3378 3615 3739 3688 ecclesiam
3760 3638 3958 3689 suam

1148 3764 1357 3839 snper
1391 3741 1512 3813 illo
1539 3742 1695 3833 jure
1729 3758 1879 3810 esse
1923 3758 1966 3809 6
1996 3736 2594 3831 predecessoribus
2628 3737 2876 3810 nostris
2905 3738 3407 3833 privilegiatam
3444 3740 3843 3830 affirmaret,
3882 3749 3961 3812 61

1146 3868 1406 3964 prefata
1436 3863 1682 3937 mulier
1709 3859 1896 3934 Geba
1932 3859 2022 3932 de
2051 3859 2440 3954 Durckeym
2473 3868 2543 3932 61
2574 3882 2815 3933 omnes
2849 3862 3159 3953 ejusdem
3208 3862 3617 3936 conditionis
3645 3863 3957 3935 homines

1150 3988 1501 4078 sepedicto
1538 3986 1768 4058 abbati
1818 3983 2138 4055 Volmaro
2192 3982 2282 4054 de
2316 3982 2654 4078 Limpurg
2710 3985 2995 4078 suisque
3034 3986 3542 4058 successoribus
3582 3986 3700 4076 jus
3749 4008 3953 4057 suum

1150 4113 1316 4187 dare
1336 4119 1719 4184 teneantur.
1753 4106 1954 4192 Quod
1976 4115 2055 4179 ut
2075 4105 2319 4177 stabile
2333 4113 2403 4176 61
2431 4103 2702 4177 firmum
2730 4117 3150 4201 permaneat,
3178 4109 3403 4201 sigillo
3421 4116 3649 4179 nostro
3666 4107 3953 4179 fecimus

1144 4233 1551 4329 consignari.

1240 4362 1408 4432 Acta
1460 4367 1623 4429 6661
1676 4354 1804 4426 hec
1856 4353 2091 4449 Spire‚
2161 4372 2345 4424 anno
2421 4351 2769 4424 dominice
2822 4350 3311 4423 incarnationis
3359 4350 3456 4423 M⁰
3482 4350 3608 4424 CC⁰
3634 4352 3946 4442 XXVIII,

1141 4481 1293 4557 VIII
1329 4481 1489 4554 idus
1520 4478 1786 4574 aprilis,
1822 4474 2196 4549 indictione
2227 4475 2518 4570 septima
2550 4473 2678 4571 (1).

1217 4703 1293 4777 (4)
1330 4703 1613 4763 Indictioni
1637 4702 1829 4761 litteris
1852 4715 2139 4777 expreoeae
2160 4699 2336 4776 potins
2360 4714 2528 4774 quam
2554 4714 2777 4759 numero
2800 4698 2926 4759 anni
2947 4697 3040 4774 qui
3064 4699 3121 4757 iu
3148 4700 3458 4776 apographo
3493 4700 3634 4761 male
3668 4703 3949 4763 transcribi
