4842 5802
817 3302 997 3361 tutu.)

1165 690 1288 752 852
2154 695 2578 759 amomum
2629 694 2969 756 saeuum
3599 697 3765 775 [Anu.
3803 698 3974 762 1236.

1166 825 1356 899 rifice
1412 850 1773 923 prepareS,
1833 834 2327 926 potestatibuS,
2382 830 2686 905 consiliis
2727 839 2934 923 atque
2978 830 3459 901 communibus
3490 831 3848 904 civitatum
3875 833 3976 929 (a)

1165 951 1732 1042 Mediolanensis‚
1769 955 2232 1043 NovariensiS,
2283 954 2781 1048 Pergamensis,
2835 952 3325 1043 vercellensis,
3373 953 3972 1044 AlexandriensIs,

1160 1075 1537 1148 Brixiensis
1569 1086 1636 1148 et
1666 1078 2047 1152 Laudensis
2086 1102 2181 1152 ex
2231 1089 2419 1173 parte
2466 1086 2697 1151 nostra
2737 1076 3119 1171 precipiens
3154 1086 3232 1147 ut
3264 1077 3755 1151 ambasiatores
3780 1101 3967 1169 suos,

1160 1200 1518 1271 civitatum
1558 1200 1863 1294 ipsarum
1899 1204 2261 1275 autoritate
2300 1202 2640 1290 munitos,
2692 1201 2763 1270 in
2803 1199 2988 1272 dicta
3032 1207 3263 1271 nostra
3313 1201 3503 1273 curia
3542 1200 3636 1273 ad
3673 1210 3973 1276 nostram

1161 1322 1486 1395 studeant
1534 1326 1947 1417 presentiam
2007 1325 2353 1399 destinare
2409 1353 2427 1396 ε
2483 1325 2603 1418 qui
2654 1345 2778 1418 pro
2826 1333 3019 1417 parte
3067 1322 3599 1396 universitatum
3647 1346 3966 1418 suarum,

1162 1455 1297 1518 tam
1336 1466 1544 1541 super
1575 1448 1778 1519 Terre
1807 1449 2051 1522 Sancte
2081 1449 2368 1543 negocio
2404 1469 2612 1542 quam
2646 1468 2853 1540 super
2888 1446 3368 1518 reformatione
3392 1447 3660 1542 imperii
3693 1458 3763 1521 et
3784 1451 3971 1542 justo

1158 1593 1241 1643 ac
1274 1568 1562 1665 pacifico
1588 1579 1767 1642 statu
1797 1581 1996 1662 terre,
2029 1573 2278 1644 nostris
2300 1582 2372 1645 et
2404 1571 2672 1666 imperii
2701 1591 2776 1642 se
2798 1569 3142 1642 mandatis
3164 1580 3543 1665 exponant.
3572 1573 3970 1668 Scripsisse·

1160 1715 1314 1764 mus
1343 1692 1581 1786 utique
1607 1693 2069 1787 predictarum
2097 1694 2658 1766 universitatibus
2686 1693 2977 1787 singulis
3007 1692 3396 1783 civitatum,
3429 1693 3561 1763 nisi
3589 1694 3781 1787 quod
3817 1716 3970 1768 esse

1155 1825 1623 1912 preposterum
1658 1817 2044 1911 principum
2078 1828 2466 1891 nostrorum
2491 1817 2775 1890 consilia
2809 1815 3253 1889 crediderunt
3284 1823 3360 1887 ut
3391 1815 3827 1890 devotionem
3861 1819 3968 1912 ip·

1154 1962 1385 2013 sarum
1418 1940 1876 2035 imperialium
1904 1942 2178 2035 apicum
2204 1942 2540 2035 scriptura
2570 1940 2960 2036 preveniat,
2996 1960 3125 2012 nec
3152 1950 3536 2012 nostrarum
3569 1942 3966 2036 prescriptio

1153 2063 1506 2135 literarum
1539 2063 1782 2136 merito
1818 2074 2078 2157 poterat
2109 2065 2246 2136 illis
2279 2065 2569 2159 gratiam
2609 2072 2903 2135 nostram
2938 2082 3311 2155 exponere,
3340 2062 3460 2155 qui
3500 2083 3652 2134 eam
3689 2066 3964 2158 assequi

1150 2206 1289 2257 non
1328 2187 1661 2258 nituntur.
1701 2187 1843 2258 Nos
1875 2195 2107 2258 autem
2139 2188 2354 2280 gratis
2385 2186 2752 2281 auspiciis,
2802 2186 2872 2255 in
2905 2186 3073 2257 festo
3109 2186 3295 2257 beati
3339 2187 3618 2257 Ioannis
3662 2187 3966 2281 Baptiste

1151 2310 1468 2405 proxime
1511 2330 1694 2380 nunc
1721 2309 1976 2397 futuro,
2012 2310 2401 2403 aquilarum
2434 2310 2740 2382 victricia
2770 2309 2970 2401 signa
3008 2309 3443 2381 movebimus
3468 2310 3558 2381 ab
3588 2309 3905 2403 Augusta
3935 2340 3953 2384 ε

1149 2433 1651 2526 subsequenter
1693 2432 1765 2502 in
1803 2434 1974 2505 festo
2000 2433 2183 2505 beati
2218 2432 2455 2505 Jacobi
2482 2432 2737 2505 dictam
2766 2451 3007 2522 regere
3038 2430 3302 2501 curiam
3333 2431 3802 2525 disponentes,
3844 2433 3962 2506 illo

1147 2556 1347 2628 nobis
1382 2556 1565 2628 viam
1601 2556 1887 2628 feliciter
1920 2555 2352 2644 ostendente,
2395 2556 2516 2649 qui
2551 2556 2744 2628 novit
2780 2575 3181 2650 prosperum
3216 2555 3342 2626 iter
3375 2553 3701 2647 dirigere,
3737 2578 3820 2628 ac
3856 2559 3960 2630 fa-

1147 2680 1369 2752 ciente
1404 2679 1524 2773 qui
1558 2688 1803 2773 potest.

1245 3263 1303 3345 F
1303 3263 1699 3371 ridericuS,
1738 3264 2257 3348 Romanorum
2291 3266 2734 3375 imperator,
2774 3266 2936 3375 regi
2970 3263 3382 3348 Bohemiae
3417 3272 3492 3346 et
3530 3263 3697 3344 aliis
3731 3262 3954 3372 prin-

1138 3395 1434 3505 cipibus
1506 3397 1666 3480 suis
1735 3397 1984 3481 varios
2051 3406 2127 3480 et
2176 3424 2526 3482 enormes
2597 3422 2947 3481 excessus
3021 3423 3068 3477 a
3125 3397 3318 3478 duce
3382 3395 3731 3477 Austriae
3793 3403 3951 3475 tam

1137 3528 1338 3611 circa
1388 3529 1795 3638 imperium
1847 3555 2083 3639 quam
2118 3530 2198 3611 in
2251 3531 2493 3639 ipsius
2545 3542 2747 3614 terra
2799 3539 3265 3639 perpetratos
3317 3527 3563 3610 fusius
3615 3535 3947 3632 enarrat,

1135 3671 1546 3772 monetque
1583 3673 1670 3744 ut
1704 3663 1783 3743 in
1832 3661 1998 3771 ejus
2033 3664 2575 3746 correctionem
2619 3673 2694 3746 et
2742 3663 3277 3749 exterminium
3312 3661 3740 3769 insurgant.

1302 3875 1486 3955 (Edit.
1527 3891 1624 3950 ap.
1671 3874 1839 3936 Petri
1862 3872 1933 3935 de
1969 3876 2095 3935 Vin.
2128 3876 2351 3955 Epist„
2381 3877 2486 3936 lib.
2521 3876 2644 3955 111,
2668 3894 2797 3955 cap.
2828 3877 2906 3951 V;
2935 3883 2995 3937 et
3015 3893 3116 3954 ap.
3146 3877 3553 3948 Ham-mnan,
3589 3890 3729 3935 cum
3765 3875 3944 3947 notis,

1378 3982 1440 4040 in
1466 3980 1630 4041 Fast.
1664 3979 1940 4059 Campa„
1962 3981 2135 4041 decas
2158 3981 2244 4044 IV
2248 4024 2266 4054 ,
2301 3979 2348 4061 S
2373 3982 2434 4055 1,
2473 3999 2535 4060 p.
2569 3992 2708 4044 832.
2741 3983 2888 4045 Goll.
2919 3999 3055 4043 cum
3089 3982 3342 4042 codicib.
3372 3982 3583 4054 Paris„
3614 3982 3763 4039 inter
3796 3994 3949 4055 quos

1375 4085 1789 4162 Nom-Dama,
1818 4095 1885 4146 n⁶
1912 4095 2055 4164 202,
2080 4093 2143 4146 et
2166 4088 2228 4148 S.
2254 4084 2448 4148 Germ.
2465 4085 2719 4167 Harlay,
2745 4097 2813 4148 n‘
2840 4097 2980 4163 455,
3011 4090 3309 4148 variantes
3333 4086 3650 4147 nonnullas
3667 4085 3944 4146 lectiones

1375 4189 1657 4251 atterunt.
1705 4192 1839 4252 Non
1873 4190 2262 4251 dubitandum
2297 4195 2444 4270 quin
2477 4195 2776 4271 encyclica
2807 4195 2904 4270 sit,
2943 4194 3078 4253 licet
3103 4194 3168 4253 in
3206 4192 3505 4269 impressis
3543 4205 3761 4249 nomen
3792 4189 3946 4265 regis

1374 4297 1691 4359 Bohemiae
1715 4297 2038 4374 specialiter
2075 4299 2407 4374 inseratur.)

1228 4479 1648 4572 Fridericus,
1691 4490 1858 4571 etc.,
1903 4482 2051 4574 regi
2089 4482 2448 4576 Bohemie,
2504 4492 2635 4556 etc.
2678 4483 2884 4556 inviti
2923 4482 3255 4556 trahimur
3291 4481 3383 4554 ad
3436 4490 3624 4552 tuam
3658 4488 3727 4551 et
3762 4478 3941 4551 alio-

1214 4665 1297 4745 (a)
1342 4666 1416 4726 In
1458 4670 1743 4746 impresso
1781 4668 2098 4747 cumam
2124 4673 2185 4730 in
2212 4672 2346 4733 cod.
2372 4672 2539 4735 Harl.
2580 4673 2925 4748 Cumarum,
2973 4675 3099 4735 sive
3133 4688 3439 4751 perperam
3479 4687 3586 4749 pro
3611 4670 3933 4743 civitatum,

1126 4773 1252 4832 sive
1285 4788 1349 4832 re
1380 4773 1510 4850 ipsa
1543 4774 1621 4833 de
1656 4775 1861 4837 Cumis
1897 4781 2137 4855 agatur3
2167 4794 2319 4855 quae
2352 4778 2497 4841 urbs
2521 4786 2664 4841 tunc
2689 4780 2954 4841 societati
2981 4778 3445 4842 Lombardomm
3470 4774 3836 4838 adhaerebat.
