4842 5802
987 632 1167 692 txmcr.
1200 631 1285 708 5.]
1872 626 2263 690 ms'roluA
2312 625 2898 688 mPLoMATmA.
3672 627 3791 688 563

1078 1237 1444 1322 Henricus
1460 1298 1484 1342 ,
1524 1236 2047 1320 Romanorum
2096 1260 2269 1341 rex,
2308 1234 2821 1317 venditionem
2856 1259 2904 1315 a
2939 1232 3319 1319 Ludovico
3351 1235 3448 1316 de
3483 1233 3789 1344 Schipfa

981 1370 1430 1453 monasterio
1464 1368 1562 1450 de
1598 1366 2006 1478 Otterberg
2055 1392 2233 1450 cum
2288 1392 2606 1450 assensu
2659 1392 2797 1449 suo
2849 1366 3128 1449 factam
3179 1367 3279 1450 de
3329 1366 3553 1452 bonis
3596 1395 3794 1480 quae

981 1500 1297 1586 habebat
1332 1503 1412 1583 in
1452 1501 1952 1608 Ormisheim‚
1995 1510 2258 1584 notam
2292 1500 2476 1582 facit
2508 1510 2583 1582 et
2617 1499 3039 1583 confirmat.

1132 1760 1392 1840 (Edider.
1415 1760 1582 1820 Fun
1609 1765 1671 1819 et
1695 1758 2004 1831 nmmo,
2041 1754 2500 1818 Urhmdenlmclt
2526 1755 2623 1817 des
2650 1758 2707 1819 K
2709 1759 2837 1820 lost.
2872 1755 3196 1837 ouen-bary,
3223 1774 3286 1836 p.
3317 1767 3418 1834 44,
3447 1769 3514 1819 n⁰
3542 1759 3672 1840 59.)

1071 1996 1465 2082 Heinricus,
1507 1996 1630 2067 Dei
1663 1995 1881 2090 gratia
1933 1996 2391 2067 Romanorum
2439 2017 2570 2069 rex
2610 2007 2681 2067 et
2718 2017 2985 2093 semper
3019 2008 3396 2091 augustus,
3452 2000 3792 2073 universis

980 2122 1240 2216 imperii
1285 2120 1608 2193 fidelibus
1658 2120 1917 2213 quibus
1954 2139 2237 2212 presens
2292 2119 2513 2190 littera
2571 2120 2776 2191 fuerit
2823 2131 3095 2192 ostensa
3144 2123 3433 2214 gratiam
3483 2144 3680 2195 suam
3723 2135 3793 2197 et

980 2266 1176 2318 omne
1206 2244 1496 2316 bonum.
1536 2243 1624 2314 Ut
1657 2242 1728 2312 in
1775 2242 2029 2313 nostris
2062 2241 2487 2335 temporibus
2527 2242 2962 2315 venditiones
2993 2255 3062 2315 et
3094 2246 3476 2338 emptiones
3514 2249 3688 2319 facte
3717 2247 3790 2318 in

977 2377 1234 2439 nostros
1253 2364 1660 2462 perveniant
1689 2372 1996 2457 posteros
2030 2370 2100 2433 et
2134 2385 2224 2434 ne
2255 2362 2395 2432 litis
2427 2363 2699 2434 occasio
2733 2372 3071 2455 prestetur
3095 2368 3501 2456 successori,
3531 2388 3612 2438 ea
3649 2391 3790 2462 que

979 2509 1199 2561 coram
1235 2486 1436 2560 nobis
1468 2493 1801 2580 geruntur
1829 2484 2264 2557 decrevimus
2295 2484 2633 2578 scripture
2663 2485 3047 2558 testimonio
3082 2487 3402 2559 eternari.
3443 2489 3790 2564 Memine-

977 2611 1107 2683 rint
1141 2610 1348 2705 igitur
1374 2617 1727 2705 presentes
1764 2616 1833 2681 et
1866 2607 2079 2679 futuri
2118 2606 2312 2702 quod
2345 2606 2569 2680 fidelis
2589 2618 2826 2705 ‘noster
2861 2607 3278 2683 Lodowicus
3319 2610 3409 2683 de
3442 2612 3788 2708 Schiffpha

978 2734 1285 2808 vendidit
1318 2733 1604 2807 ecclesie
1639 2731 1729 2804 de
1761 2731 2128 2825 Otterburg
2160 2753 2282 2825 per
2315 2753 2566 2804 manus
2620 2740 2921 2820 nostras,
2980 2732 3179 2804 nobis
3234 2732 3781 2824 licentiantihus‚

971 2858 1148 2933 bona
1182 2880 1308 2932 sua
1330 2878 1469 2951 que
1502 2854 1884 2929 dinoscitur
1910 2853 2239 2928 habuisse
2271 2854 2345 2926 in
2379 2855 2790 2928 Ormisheim
2819 2881 2836 2925 ε
2865 2852 3189 2929 videlicet
3211 2856 3551 2930 decimam
3582 2856 3790 2953 quin-

973 3004 1105 3076 que
1140 2981 1484 3053 mansium
1518 2987 1586 3053 et
1618 2977 2075 3073 quadraginta
2109 2979 2353 3071 jugera
2396 2999 2718 3072 agrorum
2759 2988 2826 3050 et
2860 2977 3199 3051 decimam
3236 2980 3443 3053 unius
3486 2981 3694 3054 vinee
3722 2992 3792 3054 et

972 3106 1177 3178 nnius
1212 3105 1343 3178 orti
1388 3123 1514 3199 pro
1545 3110 1821 3174 centum
1853 3100 2048 3172 libris
2073 3100 2517 3174 metensium.
2560 3100 2732 3172 Cum
2771 3100 2985 3192 igitur
3026 3101 3182 3174 talis
3213 3103 3469 3199 emptio
3504 3112 3574 3174 et
3607 3125 3791 3178 ven-

971 3226 1137 3302 ditio
1182 3227 1384 3302 nobis
1428 3223 2012 3299 consentientibus
2048 3223 2138 3296 sit
2172 3225 2349 3296 facta
2396 3233 2466 3297 et
2513 3223 2894 3319 requisitis,
2947 3225 3168 3321 ipsam
3214 3235 3447 3299 tenore
3500 3249 3790 3323 presen-

972 3351 1140 3425 tium
1179 3348 1588 3447 profitemur
1637 3356 1707 3420 et
1749 3346 2261 3439 oonfirmamnS,
2322 3354 2401 3419 ut
2433 3368 2789 3442 nunquam
2828 3348 3079 3443 aliquis
3126 3370 3409 3421 suorum
3449 3349 3784 3425 heredum

970 3482 1414 3547 memoratam
1446 3470 1922 3545 venditionem
1973 3469 2230 3544 audeat
2279 3491 2608 3543 revocare
2652 3470 2765 3543 vel
2817 3472 3215 3565 infringere.
3258 3470 3461 3556 Quod
3496 3472 3618 3566 qui
3669 3474 3788 3545 fe-

978 3597 1140 3666 cerit
1169 3596 1338 3668 iram
1370 3604 1669 3669 nostram
1705 3594 1952 3666 sentiet
1985 3602 2055 3665 et
2078 3594 2437 3666 offensam.
2467 3596 2758 3666 Demum
2793 3593 3203 3668 mandamus
3238 3602 3307 3665 et
3335 3593 3467 3665 sub
3498 3595 3783 3668 obtentu

975 3718 1190 3811 gratie
1223 3726 1452 3791 nostre
1488 3717 1876 3789 firmissime
1904 3716 2325 3812 precipimus
2351 3725 2433 3787 ut
2458 3717 2690 3788 nullus
2716 3717 2806 3787 sit
2839 3718 2960 3810 qni
2992 3717 3393 3810 premissam
3425 3719 3779 3794 ecclesiam

972 3840 1167 3913 nobis
1205 3841 1520 3914 dilectam
1564 3840 1638 3911 in
1679 3847 2052 3912 memorata
2086 3838 2435 3933 emptione
2477 3838 2859 3932 inquietare
2902 3837 3157 3911 audeat
3191 3839 3307 3913 vel
3345 3862 3655 3933 gravare.
3700 3844 3784 3916 Et

968 3974 1044 4036 ut
1074 3964 1298 4037 minor
1345 3963 1434 4035 sit
1483 3984 1693 4058 super
1727 3963 1879 4058 ipsa
1916 3963 2262 4058 emptione
2307 3959 2760 4055 ambiguitas,
2799 3970 3182 4057 presentem
3221 3961 3510 4036 litteram
3555 3965 3780 4060 sigillo

967 4097 1193 4161 nostro
1230 4087 1567 4160 duximus
1599 4084 2033 4158 communiri.

1058 4214 1292 4283 Testes
1325 4218 1488 4282 sunt
1518 4208 1593 4280 hi
1633 4235 1649 4278 ε
1684 4208 2073 4281 Fridericus
2115 4206 2207 4279 de
2244 4207 2790 4300 Truhindingin,
2832 4208 3228 4284 Burkardus
3267 4211 3652 4305 prepositus
3683 4212 3775 4286 de

966 4332 1517 4427 Aschaffinburg,
1556 4330 1984 4405 Ebirhardus
2012 4331 2103 4404 de
2131 4331 2673 4425 Hertingisberg,
2716 4340 2783 4403 et
2812 4332 2927 4404 alii
2960 4333 3428 4427 quamplures.

1053 4457 1303 4529 Actum
1341 4454 1524 4550 apud
1568 4455 2020 4550 Herbipolim,
2067 4473 2250 4525 anno
2295 4451 2641 4527 dominice
2679 4454 3166 4528 incarnationis
3207 4457 3304 4529 Μ.
3334 4455 3458 4530 CC.
3486 4458 3767 4553 XXXII,

965 4578 1202 4670 quinto
1237 4576 1566 4650 kalendas
1600 4576 1849 4668 martii,
1887 4575 2263 4650 indictione
2289 4576 2376 4649 V.
