4842 5802
1198 681 2289 969 HENR1C1
2424 681 3476 874 SEPTIMI

1949 1043 2446 1101 Rouamonuu
2488 1044 2713 1102 REGIS

1384 1290 2118 1445 flls'romA
2206 1208 3285 1415 nlpnoMA'rch.

1597 1837 1829 1910 ‘rom
1887 1834 2243 1922 QUAR‘rl
2303 1836 2544 1910 PARS
2602 1806 3073 1912 SECUNDA.

1734 2169 1958 2231 ANNo
2003 2169 2199 2231 1231.
2234 2202 2313 2218 -
2356 2170 2835 2236 INDIGTIONE
2885 2176 2945 2238 5.

1034 2623 1402 2708 Henricus
1419 2682 1443 2728 ,
1480 2622 2005 2706 Romanorum
2041 2647 2174 2703 rex
2199 2683 2222 2728 ‚
2263 2621 2692 2730 praeposito
2727 2630 2802 2703 et
2834 2621 3235 2705 conventui
3271 2622 3370 2704 de
3402 2620 3752 2706 Denken-
3856 2644 4125 2742 1333&

940 2757 1110 2840 dorf
1135 2756 1674 2866 proprietatem
1712 2755 1941 2837 unius
1976 2753 2300 2863 patellae
2354 2753 2534 2855 salis
2586 2754 2666 2834 in
2721 2753 3018 2841 civitate
3071 2780 3211 2837 sua
3243 2753 3485 2839 Hallis
3518 2755 3753 2840 libere

941 2892 1336 2975 tenendam
1372 2897 1447 2974 et
1484 2895 1845 3004 perpetuo
1879 2886 2420 2997 possidendam
2456 2886 2773 2970 confert.

1093 3106 1274 3185 (Edit.
1295 3121 1394 3182 ap.
1424 3104 1709 3176 anonn„
1741 3102 1978 3164 Ducum.
2008 3098 2185 3164 radio.
2215 3107 2465 3165 monast.
2509 3098 2826 3178 wirtemb„
2850 3107 2900 3164 t.
2922 3104 2983 3175 1,
3011 3119 3070 3180 p.
3100 3101 3266 3182 465.)

1029 3291 1392 3366 Heinricus
1425 3290 1754 3385 septimus
1785 3288 2029 3362 divina
2077 3289 2352 3362 favente
2405 3287 2763 3362 clementia
2797 3289 3255 3362 Romanorum
3310 3310 3439 3362 rex
3479 3308 3755 3386 semper

943 3425 1305 3511 augustus,
1361 3413 1704 3487 universis
1748 3412 2017 3508 imperii
2068 3410 2392 3485 fidelibus
2436 3412 2690 3506 quibus
2736 3412 2866 3485 hee
2918 3412 3139 3486 littere
3182 3411 3437 3487 fuerint
3480 3423 3755 3490 ostense

943 3539 1226 3631 gratiam
1260 3558 1457 3610 suam
1499 3546 1569 3610 et
1597 3557 1804 3610 omne
1837 3537 2124 3622 bonum.
2164 3535 2506 3620 Quoniam
2536 3538 2952 3632 sempiterna
2986 3536 3187 3612 sedes
3225 3538 3298 3610 in
3331 3538 3455 3612 Dei
3504 3539 3772 3633 palatio:

948 3670 1325 3736 constructa
1358 3672 1463 3736 est
1498 3660 1872 3756 temporale
1897 3660 2158 3733 bonum
2184 3660 2679 3733 famulantibus
2702 3663 2846 3733 Deo
2878 3669 2947 3733 et
2969 3660 3391 3756 pauperibus
3416 3662 3749 3755 eroganti,

949 3782 1136 3877 quod
1155 3782 1436 3878 quidem
1465 3784 1583 3880 pia
1603 3782 2063 3855 sollicitudine
2089 3782 2455 3855 salubriter
2483 3781 2920 3855 advertentes
2936 3837 2954 3870 ‚
2991 3781 3523 3876 significandum
3546 3784 3755 3857 duxi-

944 3926 1092 3979 mus
1116 3906 1459 3979 universis
1488 3926 1667 4001 quos
1694 3925 1822 3977 nos
1845 3903 1937 3978 de
1961 3905 2274 3978 consulta
2305 3903 2800 3978 deliberatione
2823 3915 2893 3977 et
2917 3925 3011 3977 ex
3038 3903 3412 3979 deliberato
3439 3907 3749 3999 consilio,

948 4029 1213 4104 dilectis
1231 4029 1557 4104 fidelibus
1587 4029 1835 4102 nostris
1869 4028 2217 4125 preposito
2248 4037 2319 4101 et
2353 4028 2722 4103 conventui
2753 4028 2844 4102 de
2867 4027 3355 4103 Denckendorf
3374 4030 3446 4102 in
3481 4030 3776 4105 civitate·

946 4163 1168 4227 nostra
1199 4153 1414 4244 Hallis
1449 4153 1932 4247 proprietatem
1963 4153 2173 4223 unius
2205 4153 2459 4248 patelle
2489 4153 2651 4225 salis
2686 4152 3100 4236 contulimus
3133 4152 3351 4226 libere
3386 4154 3753 4227 tenendam

947 4287 1009 4349 et
1042 4286 1380 4373 perpetuo
1409 4274 1921 4371 possidendam.
1973 4273 2400 4368 Adjicientes
2445 4274 2536 4348 de
2579 4275 3045 4349 munificentia
3081 4285 3310 4350 nostra
3338 4287 3414 4350 ut
3444 4277 3756 4373 predicta

946 4398 1215 4472 bonain
1245 4408 1593 4495 posterum
1623 4398 2021 4494 possideant
2043 4398 2306 4492 absque
2333 4398 2522 4471 omui
2550 4399 2940 4488 exactione,
2969 4400 3279 4493 precaria
3310 4399 3421 4472 vel
3444 4400 3748 4473 collecta.

947 4522 1319 4595 Statuimus
1346 4522 1556 4613 igitur
1576 4532 1646 4595 et
1667 4522 1801 4594 sub
1830 4522 2379 4620 interminatione
2407 4522 2627 4615 gratie
2648 4530 2878 4594 nostre
2905 4520 3209 4595 districte
3236 4521 3654 4620 precipimus
3680 4534 3757 4626 nt

950 4647 1126 4718 nulla
1161 4667 1474 4741 unquam
1497 4666 1785 4741 persona
1820 4645 2103 4717 humilis
2139 4646 2249 4717 vel
2288 4645 2424 4719 alta
2443 4696 2463 4734 ,
2506 4645 2963 4718 ecclesiastica
3004 4646 3115 4719 vel
3170 4646 3500 4720 secularis
3516 4704 3532 4734 ,
3584 4666 3780 4742 pre--

950 4761 1196 4843 dictam
1219 4768 1577 4843 ecclesiam
1613 4769 1687 4840 in
1716 4768 1915 4840 bonis
1951 4767 2300 4862 prelibatis
2327 4767 2582 4842 audeat
2612 4769 2969 4841 molestare
2997 4769 3108 4842 vel
3138 4769 3228 4841 ab
3266 4769 3430 4864 ipsis
3454 4770 3755 4864 aliquam
