4842 5802
834 2804 964 2859 Apud

751 2859 1056 2954 ⁴0pppnhcun,

1144 667 1263 727 724
2061 676 2064 683 '
2111 668 2116 673 ’
2187 672 2531 735 HENRICI
2581 670 2918 733 SEPTnss
3583 675 3741 752 [Ass.
3781 677 3953 739 1235.

1241 803 1359 892 H.‚
1399 804 1522 875 Dei
1569 806 1787 898 gratia
1830 808 2292 882 Romanorum
2333 830 2458 880 rex
2492 817 2559 878 et
2592 826 2861 900 semper
2899 812 3274 896 augustus,
3318 806 3659 880 universis
3688 810 3955 904 imperii

1145 925 1467 999 fidelibus
1504 941 1855 1022 presentes
1890 931 2146 1004 litteras
2183 930 2592 1025 inspecturis
2616 929 2900 1023 gratiam
2938 949 3136 999 suam
3173 938 3241 1000 et
3270 949 3476 1000 omne
3519 931 3802 1004 bonum.
3846 931 3956 1004 Ad

1144 1051 1449 1122 notitiam
1483 1054 1912 1143 singulorum
1930 1058 2256 1127 volumus
2277 1053 2641 1150 pervenire
2666 1050 2857 1147 quod
2891 1073 3016 1123 nos
3048 1052 3299 1123 intuitu
3332 1051 3719 1127 devotionis
3744 1078 3954 1150 quam

1144 1173 1235 1246 ad
1258 1195 1383 1245 nos
1404 1173 1615 1246 habet
1639 1174 1928 1248 dilectus
1952 1178 2277 1272 princeps
2306 1188 2535 1249 noster
2562 1176 2975 1249 venerabilis
2989 1175 3535 1268 Osnaburgensis
3557 1180 3951 1274 episcopus,

1145 1297 1370 1368 locum
1393 1299 1899 1391 argentifodine
1929 1300 2001 1371 in
2039 1302 2279 1396 predio
2315 1301 2604 1374 ecclesie
2627 1320 2753 1372 sue
2784 1299 2977 1394 quod
3022 1301 3203 1394 Huyl
3234 1308 3301 1371 et
3333 1301 3754 1375 Stertbrinke
3789 1306 3955 1375 vul-

1146 1421 1399 1513 gariter
1421 1423 1843 1516 appellatur,
1885 1423 2017 1495 sibi
2040 1436 2111 1495 et
2136 1425 2283 1496 suis
2309 1424 2821 1496 successoribus
2852 1435 2923 1495 et
2955 1423 3239 1495 ecclesie
3260 1422 3768 1518 osnaburgensi
3796 1448 3955 1498 cum

1141 1544 1329 1616 omni
1353 1545 1512 1637 jure
1544 1558 1615 1617 et
1648 1546 2035 1640 integritate
2084 1570 2168 1621 ac
2216 1548 2362 1619 suis
2398 1547 2824 1643 pertinentiis
2871 1546 3067 1618 titulo
3118 1548 3533 1620 contulimus
3583 1550 3841 1622 feudali
3886 1560 3957 1623 et

1141 1689 1378 1740 eorum
1415 1670 1769 1763 perpetuis
1800 1672 2042 1743 usibus
2085 1671 2524 1766 deputamus.
2580 1672 2666 1743 Ut
2710 1671 2923 1764 igitur
2968 1669 3098 1744 hec
3147 1673 3496 1745 concessio
3551 1683 3782 1745 nostra
3822 1674 3952 1768 ipsi

1138 1792 1462 1888 episcopo
1495 1803 1565 1863 et
1595 1793 1740 1864 suis
1775 1796 2283 1868 successoribus
2319 1816 2402 1868 ac
2437 1796 2726 1869 ecclesie
2752 1804 3122 1867 memorate
3149 1804 3293 1867 rata
3321 1806 3718 1891 permaneat
3742 1807 3813 1868 et
3838 1797 3947 1867 in-

1140 1917 1498 2005 convulsa,
1539 1929 1923 2010 presentem
1962 1920 2284 2013 paginam
2323 1919 2490 1992 inde
2524 1920 2977 2014 conscriptam
3014 1920 3437 2014 appensione
3469 1921 3677 2014 sigilli
3724 1930 3954 1994 nostre

1136 2039 1562 2111 celsitudinis
1590 2042 1878 2113 fecimus
1914 2045 2345 2115 communiri.

1234 2164 1483 2234 Datum
1522 2164 1708 2258 apud
1738 2167 2171 2261 Oppenhein‚
2210 2189 2392 2239 anno
2431 2168 2772 2241 dominice
2816 2167 3303 2240 incarnationis
3333 2168 3943 2264 M⁰cc⁰xxx⁶v·,

1139 2287 1455 2362 kalendis
1489 2290 1753 2382 aprilis,
1803 2291 2175 2364 indictione
2211 2293 2381 2364 vl11.

1596 2579 2142 2592 m,m—⁴

1243 2784 1437 2866 Cum
1483 2811 1613 2867 rex
1660 2811 1796 2893 per
1838 2812 2123 2893 poenas
2178 2812 2499 2897 magnas
2553 2788 2752 2872 cives
2800 2788 3399 2871 Wormacienses
3451 2789 3752 2871 vincere
3794 2813 3949 2872 non

1133 2928 1414 3023 posset,
1461 2919 1719 2998 statim
1763 2929 1935 3025 post
1970 2918 2258 3001 Pascha
2296 2919 2390 3028 (8
2430 2921 2692 3029 april.)
2740 2944 2943 3001 anno
2988 2921 3480 3027 MCCXXXV,
3521 2923 3950 3003 convocatis

1132 3052 1490 3133 omnibus
1538 3052 1698 3133 suis
1742 3052 2170 3135 fautoribus
2216 3056 2295 3134 in
2351 3054 2697 3163 partibus
2751 3055 2956 3159 istis,
3003 3054 3255 3159 venit,
3313 3064 3387 3135 et
3437 3065 3952 3137 convenerunt

1131 3185 1335 3291 apud
1387 3183 1891 3292 Oppenheim.
1934 3184 2031 3267 Et
2085 3185 2162 3265 in
2209 3186 2333 3268 die
2371 3188 2611 3268 sancti
2656 3187 2886 3272 Marci
2933 3185 3460 3295 ewangelistae
3498 3185 3644 3294 (23
3682 3184 3946 3294 april.)

1130 3317 1435 3400 mittens
1475 3316 1668 3427 (sic)
1707 3343 1838 3400 eos
1887 3318 2394 3402 Wormatiam
2430 3346 2608 3402 cum
2645 3320 2986 3430 quinque
3023 3318 3232 3400 mille
3276 3319 3589 3400 armatis
3639 3325 3713 3400 et
3764 3317 3950 3426 plu-

1129 3450 1368 3532 ribus,
1398 3450 1545 3547 Qui
1601 3449 1981 3532 venientes
2037 3450 2228 3533 hora
2289 3452 2573 3559 prima,
2626 3451 2960 3534 volentes
3023 3450 3300 3533 civitati
3360 3475 3631 3532 nocere
3654 3511 3677 3556 ,
3738 3450 3949 3558 quod

1131 3584 1543 3692 adimplere
1579 3610 1734 3666 non
1780 3594 2166 3694 poterant3
2209 3586 2343 3666 sed
2378 3595 2631 3668 tamen
2672 3588 2750 3666 in
2797 3584 3165 3670 suburbio
3210 3585 3531 3668 civitatis
3565 3583 3775 3693 quod
3810 3583 3947 3665 di-

1130 3717 1325 3798 citur
1397 3717 1496 3797 ad
1562 3728 1910 3802 sanctum
1980 3717 2418 3801 Michaelem
2447 3781 2470 3826 ,
2514 3719 2824 3830 triginta
2896 3721 3166 3803 domos
3219 3717 3335 3801 vel
3390 3717 3621 3825 paulo
3692 3715 3948 3824 plures

1128 3848 1738 3932 combusserunt.
1777 3851 1840 3932 A
1904 3850 2195 3933 civibus
2266 3879 2444 3936 vero
2515 3853 2765 3934 taliter
2826 3852 3064 3934 coacti
3133 3851 3426 3960 sagittis
3489 3859 3563 3930 et
3623 3847 3942 3956 pugniS,

1134 3983 1390 4064 statim
1435 3982 1626 4065 hora
1670 3994 1880 4065 sexta
1932 3985 2210 4068 reversi
2269 3997 2449 4068 sunt
2497 3986 2971 4095 Oppenheim
3017 3986 3116 4065 ad
3163 4008 3391 4065 suum
3434 4004 3720 4089 regem.
3765 3979 3948 4060 Erat

1132 4126 1390 4198 autem
1439 4113 1633 4197 inter
1667 4140 1797 4196 eos
1829 4116 1884 4197 F
1889 4115 2253 4197 ridericus
2288 4143 2543 4200 comes
2586 4118 2684 4199 de
2735 4117 3106 4225 Liningen
3162 4126 3236 4197 et
3290 4113 3641 4194 Silvester
3693 4132 3946 4189 comes

1132 4260 1206 4330 et
1243 4248 1370 4330 alii
1417 4247 1638 4328 multi
1693 4249 2006 4330 comites
2062 4259 2137 4329 et
2187 4249 2521 4352 nobileS,
2561 4276 2892 4359 quorum
2949 4248 3183 4356 aliqui
3238 4242 3540 4325 interim
3586 4266 3765 4322 cum
3828 4239 3946 4320 ci-

1132 4381 1356 4464 vibus
1409 4391 2001 4487 composuerunt
2052 4390 2214 4461 tam
2276 4383 2764 4489 petitionibus
2818 4406 3055 4491 quam
3126 4379 3355 4461 etiam
3407 4372 3738 4456 denariis
3784 4371 3935 4481 (1).

1133 4514 1395 4592 Amal.
1451 4517 1797 4592 Wormat.
1841 4537 1965 4619 ap.
2009 4512 2387 4615 Rostrum,
2431 4521 2717 4611 Fontes,
2763 4523 2822 4595 t.
2866 4513 2969 4616 ll,
3010 4538 3088 4619 p.
3140 4511 3318 4590 179.

1204 4771 1273 4846 (l)
1311 4773 1426 4828 Huc
1471 4772 1610 4829 bene
1649 4772 1895 4832 convenit
1937 4774 2080 4845 quod
2133 4774 2360 4847 legimus
2404 4775 2460 4830 in
2500 4775 2701 4831 Amal.
2752 4775 2972 4848 Aryent.
3018 4790 3107 4848 ap.
3150 4774 3451 4840 Bonum,
3489 4768 3709 4835 Fontes,
3756 4772 3796 4822 t.
3841 4764 3940 4834 m,
