<?xml version="1.0" encoding="UTF-8"?>
<!DOCTYPE html PUBLIC "-//W3C//DTD XHTML 1.0 Transitional//EN"
    "http://www.w3.org/TR/xhtml1/DTD/xhtml1-transitional.dtd">
<html xmlns="http://www.w3.org/1999/xhtml" xml:lang="en" lang="en">
 <head>
  <title>
</title>
<meta http-equiv="Content-Type" content="text/html;charset=utf-8" />
  <meta name='ocr-system' content='tesseract 3.04.00' />
  <meta name='ocr-capabilities' content='ocr_page ocr_carea ocr_par ocr_line ocrx_word'/>
</head>
<body>
  <div class='ocr_page' id='page_1' title='image "./historiadiploma01degoog_0061.png"; bbox 0 0 4842 5802; ppageno 0'>
   <div class='ocr_carea' id='block_1_1' title="bbox 988 607 3821 689">
    <p class='ocr_par' dir='ltr' id='par_1_1' title="bbox 988 607 3821 689">
     <span class='ocr_line' id='line_1_1' title="bbox 988 607 3821 689; baseline -0.002 -14"><span class='ocrx_word' id='word_1_1' title='bbox 988 614 1184 674; x_wconf 67' lang='lat' dir='ltr'>Iunior.</span> <span class='ocrx_word' id='word_1_2' title='bbox 1215 613 1308 689; x_wconf 89' lang='grc'>6.]</span> <span class='ocrx_word' id='word_1_3' title='bbox 1886 610 2288 671; x_wconf 80' lang='lat' dir='ltr'>HISTORIA</span> <span class='ocrx_word' id='word_1_4' title='bbox 2326 607 2922 670; x_wconf 74' lang='lat' dir='ltr'>DIPLOMATICA.</span> <span class='ocrx_word' id='word_1_5' title='bbox 3699 607 3821 669; x_wconf 83' lang='lat'>589</span> 
     </span>
    </p>
   </div>
   <div class='ocr_carea' id='block_1_2' title="bbox 978 738 3820 2448">
    <p class='ocr_par' dir='ltr' id='par_1_2' title="bbox 979 738 3820 1455">
     <span class='ocr_line' id='line_1_2' title="bbox 984 738 3820 836; baseline -0.002 -17"><span class='ocrx_word' id='word_1_6' title='bbox 984 745 1193 819; x_wconf 90' lang='lat' dir='ltr'>riensi</span> <span class='ocrx_word' id='word_1_7' title='bbox 1245 742 1585 817; x_wconf 81' lang='lat' dir='ltr'>duximus</span> <span class='ocrx_word' id='word_1_8' title='bbox 1640 740 2210 817; x_wconf 85' lang='lat' dir='ltr'>confirmandam.</span> <span class='ocrx_word' id='word_1_9' title='bbox 2253 743 2662 817; x_wconf 86' lang='lat' dir='ltr'>Mandantes</span> <span class='ocrx_word' id='word_1_10' title='bbox 2696 752 2767 815; x_wconf 89' lang='lat' dir='ltr'>et</span> <span class='ocrx_word' id='word_1_11' title='bbox 2814 740 2948 814; x_wconf 90' lang='lat' dir='ltr'>sub</span> <span class='ocrx_word' id='word_1_12' title='bbox 3003 738 3555 813; x_wconf 80' lang='lat' dir='ltr'>interminatione</span> <span class='ocrx_word' id='word_1_13' title='bbox 3599 742 3820 836; x_wconf 79' lang='lat' dir='ltr'>gratie</span> 
     </span>
     <span class='ocr_line' id='line_1_3' title="bbox 983 862 3809 960; baseline -0.001 -21"><span class='ocrx_word' id='word_1_14' title='bbox 983 876 1215 941; x_wconf 89' lang='lat' dir='ltr'>nostre</span> <span class='ocrx_word' id='word_1_15' title='bbox 1263 865 1573 940; x_wconf 89' lang='lat' dir='ltr'>districte</span> <span class='ocrx_word' id='word_1_16' title='bbox 1608 865 2068 960; x_wconf 78' lang='lat' dir='ltr'>precipientes</span> <span class='ocrx_word' id='word_1_17' title='bbox 2103 875 2181 938; x_wconf 90' lang='lat' dir='ltr'>ut</span> <span class='ocrx_word' id='word_1_18' title='bbox 2214 867 2406 939; x_wconf 89' lang='lat' dir='ltr'>nulla</span> <span class='ocrx_word' id='word_1_19' title='bbox 2442 887 2776 960; x_wconf 90' lang='lat' dir='ltr'>umquam</span> <span class='ocrx_word' id='word_1_20' title='bbox 2831 883 3125 960; x_wconf 89' lang='lat' dir='ltr'>persona</span> <span class='ocrx_word' id='word_1_21' title='bbox 3163 862 3445 935; x_wconf 92' lang='lat' dir='ltr'>humilis</span> <span class='ocrx_word' id='word_1_22' title='bbox 3490 864 3606 936; x_wconf 85' lang='lat' dir='ltr'>vel</span> <span class='ocrx_word' id='word_1_23' title='bbox 3642 864 3809 956; x_wconf 88' lang='lat' dir='ltr'>alta,</span> 
     </span>
     <span class='ocr_line' id='line_1_4' title="bbox 983 986 3814 1076; baseline -0.001 -12"><span class='ocrx_word' id='word_1_24' title='bbox 983 989 1442 1064; x_wconf 86' lang='lat' dir='ltr'>ecclesiastica</span> <span class='ocrx_word' id='word_1_25' title='bbox 1477 988 1593 1061; x_wconf 89' lang='lat' dir='ltr'>vel</span> <span class='ocrx_word' id='word_1_26' title='bbox 1624 988 2007 1076; x_wconf 87' lang='lat' dir='ltr'>mundana,</span> <span class='ocrx_word' id='word_1_27' title='bbox 2052 989 2219 1062; x_wconf 92' lang='lat' dir='ltr'>huic</span> <span class='ocrx_word' id='word_1_28' title='bbox 2252 988 2752 1063; x_wconf 84' lang='lat' dir='ltr'>confirmationi</span> <span class='ocrx_word' id='word_1_29' title='bbox 2800 997 3033 1061; x_wconf 89' lang='lat' dir='ltr'>nostre</span> <span class='ocrx_word' id='word_1_30' title='bbox 3063 988 3178 1061; x_wconf 89' lang='lat' dir='ltr'>vel</span> <span class='ocrx_word' id='word_1_31' title='bbox 3220 986 3574 1061; x_wconf 90' lang='lat' dir='ltr'>donationi</span> <span class='ocrx_word' id='word_1_32' title='bbox 3608 996 3814 1062; x_wconf 88' lang='lat' dir='ltr'>ante-</span> 
     </span>
     <span class='ocr_line' id='line_1_5' title="bbox 980 1109 3812 1208; baseline -0.001 -21"><span class='ocrx_word' id='word_1_33' title='bbox 980 1116 1118 1187; x_wconf 81' lang='lat' dir='ltr'>sate</span> <span class='ocrx_word' id='word_1_34' title='bbox 1151 1113 1494 1187; x_wconf 91' lang='lat' dir='ltr'>contraire</span> <span class='ocrx_word' id='word_1_35' title='bbox 1542 1112 1798 1186; x_wconf 83' lang='lat' dir='ltr'>audeat</span> <span class='ocrx_word' id='word_1_36' title='bbox 1833 1121 1955 1184; x_wconf 89' lang='lat' dir='ltr'>aut</span> <span class='ocrx_word' id='word_1_37' title='bbox 1994 1133 2147 1186; x_wconf 91' lang='lat' dir='ltr'>eam</span> <span class='ocrx_word' id='word_1_38' title='bbox 2184 1113 2418 1208; x_wconf 91' lang='lat' dir='ltr'>aliquo</span> <span class='ocrx_word' id='word_1_39' title='bbox 2466 1120 2818 1208; x_wconf 85' lang='lat' dir='ltr'>presumat</span> <span class='ocrx_word' id='word_1_40' title='bbox 2868 1110 3150 1206; x_wconf 82' lang='lat' dir='ltr'>ingenio</span> <span class='ocrx_word' id='word_1_41' title='bbox 3194 1109 3566 1183; x_wconf 85' lang='lat' dir='ltr'>infirmare.</span> <span class='ocrx_word' id='word_1_42' title='bbox 3605 1109 3812 1196; x_wconf 90' lang='lat' dir='ltr'>Quod</span> 
     </span>
     <span class='ocr_line' id='line_1_6' title="bbox 979 1236 3812 1332; baseline -0.001 -22"><span class='ocrx_word' id='word_1_43' title='bbox 979 1238 1099 1332; x_wconf 91' lang='lat' dir='ltr'>qui</span> <span class='ocrx_word' id='word_1_44' title='bbox 1131 1239 1361 1310; x_wconf 81' lang='lat' dir='ltr'>facere</span> <span class='ocrx_word' id='word_1_45' title='bbox 1387 1236 1920 1332; x_wconf 77' lang='lat' dir='ltr'>presumpserit,</span> <span class='ocrx_word' id='word_1_46' title='bbox 1967 1236 2455 1331; x_wconf 89' lang='lat' dir='ltr'>omnipotentis</span> <span class='ocrx_word' id='word_1_47' title='bbox 2499 1237 2624 1310; x_wconf 91' lang='lat' dir='ltr'>Dei</span> <span class='ocrx_word' id='word_1_48' title='bbox 2667 1236 3210 1331; x_wconf 81' lang='lat' dir='ltr'>indignationem</span> <span class='ocrx_word' id='word_1_49' title='bbox 3250 1244 3619 1331; x_wconf 85' lang='lat' dir='ltr'>nostreque</span> <span class='ocrx_word' id='word_1_50' title='bbox 3662 1237 3812 1311; x_wconf 87' lang='lat' dir='ltr'>cel-</span> 
     </span>
     <span class='ocr_line' id='line_1_7' title="bbox 979 1360 3108 1455; baseline -0 -22"><span class='ocrx_word' id='word_1_51' title='bbox 979 1360 1301 1434; x_wconf 86' lang='lat' dir='ltr'>situdinis</span> <span class='ocrx_word' id='word_1_52' title='bbox 1335 1360 1815 1455; x_wconf 83' lang='lat' dir='ltr'>gravissimam</span> <span class='ocrx_word' id='word_1_53' title='bbox 1852 1360 2182 1434; x_wconf 84' lang='lat' dir='ltr'>offensam</span> <span class='ocrx_word' id='word_1_54' title='bbox 2220 1382 2297 1435; x_wconf 86' lang='lat' dir='ltr'>se</span> <span class='ocrx_word' id='word_1_55' title='bbox 2336 1362 2606 1434; x_wconf 86' lang='lat' dir='ltr'>noverit</span> <span class='ocrx_word' id='word_1_56' title='bbox 2640 1361 3108 1435; x_wconf 87' lang='lat' dir='ltr'>incursurum.</span> 
     </span>
    </p>

    <p class='ocr_par' dir='ltr' id='par_1_3' title="bbox 978 1484 3805 2201">
     <span class='ocr_line' id='line_1_8' title="bbox 1075 1484 3803 1577; baseline -0 -19"><span class='ocrx_word' id='word_1_57' title='bbox 1075 1487 1310 1558; x_wconf 85' lang='lat' dir='ltr'>Testes</span> <span class='ocrx_word' id='word_1_58' title='bbox 1340 1485 1440 1558; x_wconf 91' lang='lat' dir='ltr'>hii</span> <span class='ocrx_word' id='word_1_59' title='bbox 1464 1494 1628 1558; x_wconf 91' lang='lat' dir='ltr'>sunt</span> <span class='ocrx_word' id='word_1_60' title='bbox 1670 1511 1689 1557; x_wconf 73' lang='grc' dir='ltr'><strong><em>ε</em></strong></span> <span class='ocrx_word' id='word_1_61' title='bbox 1728 1486 1816 1556; x_wconf 87' lang='grc' dir='ltr'>Η.</span> <span class='ocrx_word' id='word_1_62' title='bbox 1850 1484 2156 1558; x_wconf 89' lang='lat' dir='ltr'>marchio</span> <span class='ocrx_word' id='word_1_63' title='bbox 2195 1485 2289 1559; x_wconf 90' lang='lat' dir='ltr'>de</span> <span class='ocrx_word' id='word_1_64' title='bbox 2319 1484 2555 1558; x_wconf 88' lang='lat' dir='ltr'>Baden</span> <span class='ocrx_word' id='word_1_65' title='bbox 2578 1540 2599 1577; x_wconf 94' lang='lat'><strong>,</strong></span> <span class='ocrx_word' id='word_1_66' title='bbox 2639 1507 2870 1558; x_wconf 89' lang='lat' dir='ltr'>comes</span> <span class='ocrx_word' id='word_1_67' title='bbox 2899 1484 3259 1557; x_wconf 90' lang='lat' dir='ltr'>Heinricus</span> <span class='ocrx_word' id='word_1_68' title='bbox 3291 1484 3381 1558; x_wconf 93' lang='lat' dir='ltr'>de</span> <span class='ocrx_word' id='word_1_69' title='bbox 3406 1484 3803 1575; x_wconf 89' lang='lat' dir='ltr'>Ortenberc,</span> 
     </span>
     <span class='ocr_line' id='line_1_9' title="bbox 978 1607 3805 1706; baseline -0 -25"><span class='ocrx_word' id='word_1_70' title='bbox 978 1608 1363 1683; x_wconf 83' lang='lat' dir='ltr'>Fridericus</span> <span class='ocrx_word' id='word_1_71' title='bbox 1419 1609 1524 1683; x_wconf 90' lang='lat' dir='ltr'>de·</span> <span class='ocrx_word' id='word_1_72' title='bbox 1561 1609 2137 1703; x_wconf 83' lang='lat' dir='ltr'>Truhendingen,</span> <span class='ocrx_word' id='word_1_73' title='bbox 2194 1610 2274 1681; x_wconf 89' lang='lat' dir='ltr'>E.</span> <span class='ocrx_word' id='word_1_74' title='bbox 2330 1608 2596 1705; x_wconf 81' lang='lat' dir='ltr'>dapifer</span> <span class='ocrx_word' id='word_1_75' title='bbox 2645 1610 2736 1683; x_wconf 93' lang='lat' dir='ltr'>de</span> <span class='ocrx_word' id='word_1_76' title='bbox 2778 1610 3110 1706; x_wconf 91' lang='lat' dir='ltr'>Walpuro</span> <span class='ocrx_word' id='word_1_77' title='bbox 3134 1664 3154 1698; x_wconf 93' lang='lat'>,</span> <span class='ocrx_word' id='word_1_78' title='bbox 3195 1610 3272 1681; x_wconf 93' lang='lat' dir='ltr'>C.</span> <span class='ocrx_word' id='word_1_79' title='bbox 3332 1609 3662 1705; x_wconf 79' lang='lat' dir='ltr'>pincerna</span> <span class='ocrx_word' id='word_1_80' title='bbox 3714 1607 3805 1681; x_wconf 93' lang='lat' dir='ltr'>de</span> 
     </span>
     <span class='ocr_line' id='line_1_10' title="bbox 979 1733 3804 1825; baseline -0.001 -19"><span class='ocrx_word' id='word_1_81' title='bbox 979 1734 1479 1825; x_wconf 87' lang='lat' dir='ltr'>Winterstetin,</span> <span class='ocrx_word' id='word_1_82' title='bbox 1517 1733 1841 1807; x_wconf 89' lang='lat' dir='ltr'>Albertus</span> <span class='ocrx_word' id='word_1_83' title='bbox 1890 1734 2377 1825; x_wconf 81' lang='lat' dir='ltr'>RindsmuluS,</span> <span class='ocrx_word' id='word_1_84' title='bbox 2419 1736 2496 1806; x_wconf 90' lang='lat' dir='ltr'>L.</span> <span class='ocrx_word' id='word_1_85' title='bbox 2534 1744 2604 1807; x_wconf 89' lang='lat' dir='ltr'>et</span> <span class='ocrx_word' id='word_1_86' title='bbox 2633 1736 2711 1806; x_wconf 90' lang='lat' dir='ltr'>L.</span> <span class='ocrx_word' id='word_1_87' title='bbox 2752 1736 2996 1808; x_wconf 81' lang='lat' dir='ltr'>fratres</span> <span class='ocrx_word' id='word_1_88' title='bbox 3042 1734 3132 1808; x_wconf 91' lang='lat' dir='ltr'>de</span> <span class='ocrx_word' id='word_1_89' title='bbox 3172 1733 3621 1821; x_wconf 89' lang='lat' dir='ltr'>Grindelacb,</span> <span class='ocrx_word' id='word_1_90' title='bbox 3666 1734 3804 1804; x_wconf 92' lang='lat' dir='ltr'>Lu-</span> 
     </span>
     <span class='ocr_line' id='line_1_11' title="bbox 981 1856 3799 1954; baseline -0.002 -23"><span class='ocrx_word' id='word_1_91' title='bbox 981 1858 1295 1932; x_wconf 85' lang='lat' dir='ltr'>dewicus</span> <span class='ocrx_word' id='word_1_92' title='bbox 1341 1856 1432 1930; x_wconf 89' lang='lat' dir='ltr'>de</span> <span class='ocrx_word' id='word_1_93' title='bbox 1477 1858 1801 1953; x_wconf 89' lang='lat' dir='ltr'>Schipsse</span> <span class='ocrx_word' id='word_1_94' title='bbox 1845 1856 2253 1954; x_wconf 84' lang='lat' dir='ltr'>(Schipffe)‚</span> <span class='ocrx_word' id='word_1_95' title='bbox 2306 1857 2749 1930; x_wconf 87' lang='lat' dir='ltr'>Eberhardus</span> <span class='ocrx_word' id='word_1_96' title='bbox 2800 1858 2890 1931; x_wconf 93' lang='lat' dir='ltr'>de</span> <span class='ocrx_word' id='word_1_97' title='bbox 2945 1858 3537 1953; x_wconf 80' lang='lat' dir='ltr'>Hertingisperge,</span> <span class='ocrx_word' id='word_1_98' title='bbox 3591 1856 3799 1927; x_wconf 88' lang='lat' dir='ltr'>Hein-</span> 
     </span>
     <span class='ocr_line' id='line_1_12' title="bbox 981 1979 3798 2077; baseline -0.001 -24"><span class='ocrx_word' id='word_1_99' title='bbox 981 1981 1164 2054; x_wconf 90' lang='lat' dir='ltr'>ricus</span> <span class='ocrx_word' id='word_1_100' title='bbox 1202 1980 1547 2077; x_wconf 90' lang='lat' dir='ltr'>Spisarius</span> <span class='ocrx_word' id='word_1_101' title='bbox 1589 1980 1679 2053; x_wconf 91' lang='lat' dir='ltr'>de</span> <span class='ocrx_word' id='word_1_102' title='bbox 1722 1981 2158 2075; x_wconf 80' lang='lat' dir='ltr'>Giselingen,</span> <span class='ocrx_word' id='word_1_103' title='bbox 2212 1980 2577 2054; x_wconf 89' lang='lat' dir='ltr'>Dietherus</span> <span class='ocrx_word' id='word_1_104' title='bbox 2622 1981 2714 2055; x_wconf 90' lang='lat' dir='ltr'>de</span> <span class='ocrx_word' id='word_1_105' title='bbox 2765 1982 2977 2076; x_wconf 80' lang='lat' dir='ltr'>Egra,</span> <span class='ocrx_word' id='word_1_106' title='bbox 3022 1981 3429 2075; x_wconf 80' lang='lat' dir='ltr'>Rudegerus</span> <span class='ocrx_word' id='word_1_107' title='bbox 3478 1979 3567 2053; x_wconf 93' lang='lat' dir='ltr'>de</span> <span class='ocrx_word' id='word_1_108' title='bbox 3604 1979 3798 2052; x_wconf 91' lang='lat' dir='ltr'>Wol-</span> 
     </span>
     <span class='ocr_line' id='line_1_13' title="bbox 978 2104 2388 2201; baseline -0.001 -25"><span class='ocrx_word' id='word_1_109' title='bbox 978 2105 1234 2201; x_wconf 89' lang='lat' dir='ltr'>prands</span> <span class='ocrx_word' id='word_1_110' title='bbox 1279 2104 1627 2196; x_wconf 90' lang='lat' dir='ltr'>hostiarii,</span> <span class='ocrx_word' id='word_1_111' title='bbox 1662 2105 1879 2178; x_wconf 88' lang='lat' dir='ltr'>etalii</span> <span class='ocrx_word' id='word_1_112' title='bbox 1915 2104 2388 2200; x_wconf 80' lang='lat' dir='ltr'>quamplures.</span> 
     </span>
    </p>

    <p class='ocr_par' dir='ltr' id='par_1_4' title="bbox 979 2226 3794 2448">
     <span class='ocr_line' id='line_1_14' title="bbox 1068 2226 3794 2325; baseline -0.001 -24"><span class='ocrx_word' id='word_1_113' title='bbox 1068 2229 1316 2303; x_wconf 88' lang='lat' dir='ltr'>Actum</span> <span class='ocrx_word' id='word_1_114' title='bbox 1352 2228 1545 2325; x_wconf 91' lang='lat' dir='ltr'>apud</span> <span class='ocrx_word' id='word_1_115' title='bbox 1579 2228 2052 2317; x_wconf 91' lang='lat' dir='ltr'>Nuorenbero,</span> <span class='ocrx_word' id='word_1_116' title='bbox 2098 2248 2283 2299; x_wconf 89' lang='lat' dir='ltr'>anno</span> <span class='ocrx_word' id='word_1_117' title='bbox 2336 2227 2681 2301; x_wconf 89' lang='lat' dir='ltr'>dominice</span> <span class='ocrx_word' id='word_1_118' title='bbox 2728 2228 3213 2301; x_wconf 86' lang='lat' dir='ltr'>incarnationis</span> <span class='ocrx_word' id='word_1_119' title='bbox 3253 2226 3611 2299; x_wconf 90' lang='lat' dir='ltr'>millesimo</span> <span class='ocrx_word' id='word_1_120' title='bbox 3657 2226 3794 2299; x_wconf 91' lang='lat' dir='ltr'>du-</span> 
     </span>
     <span class='ocr_line' id='line_1_15' title="bbox 979 2350 3783 2448; baseline -0.001 -23"><span class='ocrx_word' id='word_1_121' title='bbox 979 2352 1344 2426; x_wconf 87' lang='lat' dir='ltr'>centesimo</span> <span class='ocrx_word' id='word_1_122' title='bbox 1377 2353 1633 2426; x_wconf 87' lang='lat' dir='ltr'>XXXII</span> <span class='ocrx_word' id='word_1_123' title='bbox 1654 2403 1677 2437; x_wconf 90' lang='lat'>,</span> <span class='ocrx_word' id='word_1_124' title='bbox 1722 2361 1971 2448; x_wconf 88' lang='lat' dir='ltr'>quarto</span> <span class='ocrx_word' id='word_1_125' title='bbox 2004 2350 2277 2425; x_wconf 90' lang='lat' dir='ltr'>decimo</span> <span class='ocrx_word' id='word_1_126' title='bbox 2312 2350 2646 2424; x_wconf 86' lang='lat' dir='ltr'>kalendas</span> <span class='ocrx_word' id='word_1_127' title='bbox 2678 2350 3107 2441; x_wconf 86' lang='lat' dir='ltr'>novembris,</span> <span class='ocrx_word' id='word_1_128' title='bbox 3142 2350 3517 2423; x_wconf 87' lang='lat' dir='ltr'>indictione</span> <span class='ocrx_word' id='word_1_129' title='bbox 3561 2358 3783 2422; x_wconf 86' lang='lat' dir='ltr'>sexta.</span> 
     </span>
    </p>
   </div>
   <div class='ocr_carea' id='block_1_3' title="bbox 1441 2645 3350 2661">
    <p class='ocr_par' dir='ltr' id='par_1_5' title="bbox 1441 2645 3350 2661">
     <span class='ocr_line' id='line_1_16' title="bbox 1441 2645 3350 2661; baseline 0.003 -4"><span class='ocrx_word' id='word_1_130' title='bbox 1441 2645 3350 2661; x_wconf 45' lang='grc' dir='ltr'>’Μ’-,Μ-</span> 
     </span>
    </p>
   </div>
   <div class='ocr_carea' id='block_1_4' title="bbox 969 2908 4169 3158">
    <p class='ocr_par' dir='ltr' id='par_1_6' title="bbox 969 2908 4169 3158">
     <span class='ocr_line' id='line_1_17' title="bbox 1073 2908 4140 3034; baseline 0 -42"><span class='ocrx_word' id='word_1_131' title='bbox 1073 2908 1480 3018; x_wconf 81' lang='lat' dir='ltr'>HenricuS,</span> <span class='ocrx_word' id='word_1_132' title='bbox 1516 2910 2036 2996; x_wconf 89' lang='lat' dir='ltr'>Romanorum</span> <span class='ocrx_word' id='word_1_133' title='bbox 2074 2939 2248 3022; x_wconf 80' lang='lat' dir='ltr'>rex,</span> <span class='ocrx_word' id='word_1_134' title='bbox 2290 2913 2548 2998; x_wconf 88' lang='lat' dir='ltr'>abbati</span> <span class='ocrx_word' id='word_1_135' title='bbox 2585 2925 2660 2998; x_wconf 88' lang='lat' dir='ltr'>et</span> <span class='ocrx_word' id='word_1_136' title='bbox 2695 2917 3096 3001; x_wconf 85' lang='lat' dir='ltr'>conventui</span> <span class='ocrx_word' id='word_1_137' title='bbox 3131 2917 3228 3000; x_wconf 89' lang='lat' dir='ltr'>de</span> <span class='ocrx_word' id='word_1_138' title='bbox 3266 2916 3791 3029; x_wconf 86' lang='lat' dir='ltr'>Creutzlingen</span> <span class='ocrx_word' id='word_1_139' title='bbox 3874 2936 4140 3034; x_wconf 39' lang='lat'>&amp;²332</span> 
     </span>
     <span class='ocr_line' id='line_1_18' title="bbox 969 3005 4169 3158; baseline -0.008 -7"><span class='ocrx_word' id='word_1_140' title='bbox 969 3044 1168 3150; x_wconf 74' lang='lat' dir='ltr'>apud</span> <span class='ocrx_word' id='word_1_141' title='bbox 1206 3043 1729 3127; x_wconf 82' lang='lat' dir='ltr'>Constantiam</span> <span class='ocrx_word' id='word_1_142' title='bbox 1782 3047 2154 3154; x_wconf 81' lang='lat' dir='ltr'>promittit</span> <span class='ocrx_word' id='word_1_143' title='bbox 2196 3049 2406 3157; x_wconf 86' lang='lat' dir='ltr'>quod</span> <span class='ocrx_word' id='word_1_144' title='bbox 2443 3074 2844 3158; x_wconf 81' lang='lat' dir='ltr'>nunquam</span> <span class='ocrx_word' id='word_1_145' title='bbox 2887 3050 3109 3135; x_wconf 74' lang='lat' dir='ltr'>villas</span> <span class='ocrx_word' id='word_1_146' title='bbox 3152 3076 3420 3133; x_wconf 77' lang='lat' dir='ltr'>eorum</span> <span class='ocrx_word' id='word_1_147' title='bbox 3474 3052 3791 3134; x_wconf 80' lang='lat' dir='ltr'>Hirslatt</span> <span class='ocrx_word' id='word_1_148' title='bbox 3873 3046 3928 3088; x_wconf 78' lang='lat'>²⁶</span> <span class='ocrx_word' id='word_1_149' title='bbox 3955 3005 4169 3088; x_wconf 55' lang='lat' dir='ltr'>...rme</span> 
     </span>
    </p>
   </div>
   <div class='ocr_carea' id='block_1_5' title="bbox 968 3173 3789 3420">
    <p class='ocr_par' dir='ltr' id='par_1_7' title="bbox 968 3173 3789 3420">
     <span class='ocr_line' id='line_1_19' title="bbox 968 3173 3789 3288; baseline 0.005 -34"><span class='ocrx_word' id='word_1_150' title='bbox 968 3182 1041 3255; x_wconf 90' lang='lat' dir='ltr'>et</span> <span class='ocrx_word' id='word_1_151' title='bbox 1091 3173 1551 3286; x_wconf 84' lang='lat' dir='ltr'>Horgunzell</span> <span class='ocrx_word' id='word_1_152' title='bbox 1589 3186 1666 3259; x_wconf 90' lang='lat' dir='ltr'>et</span> <span class='ocrx_word' id='word_1_153' title='bbox 1700 3176 1851 3259; x_wconf 91' lang='lat' dir='ltr'>alia</span> <span class='ocrx_word' id='word_1_154' title='bbox 1903 3178 2108 3261; x_wconf 91' lang='lat' dir='ltr'>bona</span> <span class='ocrx_word' id='word_1_155' title='bbox 2160 3177 2504 3288; x_wconf 85' lang='lat' dir='ltr'>ejusdem</span> <span class='ocrx_word' id='word_1_156' title='bbox 2539 3180 2897 3264; x_wconf 90' lang='lat' dir='ltr'>ecclesiae</span> <span class='ocrx_word' id='word_1_157' title='bbox 2941 3182 3300 3266; x_wconf 86' lang='lat' dir='ltr'>alienabit</span> <span class='ocrx_word' id='word_1_158' title='bbox 3359 3183 3477 3266; x_wconf 83' lang='lat' dir='ltr'>vel</span> <span class='ocrx_word' id='word_1_159' title='bbox 3534 3185 3789 3269; x_wconf 79' lang='lat' dir='ltr'>advo-</span> 
     </span>
     <span class='ocr_line' id='line_1_20' title="bbox 969 3305 2444 3420; baseline 0.005 -34"><span class='ocrx_word' id='word_1_160' title='bbox 969 3305 1240 3389; x_wconf 91' lang='lat' dir='ltr'>catiam</span> <span class='ocrx_word' id='word_1_161' title='bbox 1275 3334 1323 3390; x_wconf 89' lang='lat' dir='ltr'>a</span> <span class='ocrx_word' id='word_1_162' title='bbox 1358 3334 1500 3391; x_wconf 90' lang='lat' dir='ltr'>suo</span> <span class='ocrx_word' id='word_1_163' title='bbox 1535 3309 1878 3393; x_wconf 89' lang='lat' dir='ltr'>dominio</span> <span class='ocrx_word' id='word_1_164' title='bbox 1916 3311 2444 3420; x_wconf 84' lang='lat' dir='ltr'>sequestrabit.</span> 
     </span>
    </p>
   </div>
   <div class='ocr_carea' id='block_1_6' title="bbox 1128 3522 3786 4240">
    <p class='ocr_par' dir='ltr' id='par_1_8' title="bbox 1128 3522 3786 4240">
     <span class='ocr_line' id='line_1_21' title="bbox 1128 3522 3784 3609; baseline 0.005 -27"><span class='ocrx_word' id='word_1_165' title='bbox 1128 3522 1455 3594; x_wconf 80' lang='lat' dir='ltr'>(ineditum</span> <span class='ocrx_word' id='word_1_166' title='bbox 1482 3539 1560 3585; x_wconf 83' lang='lat' dir='ltr'>ex</span> <span class='ocrx_word' id='word_1_167' title='bbox 1585 3527 1756 3603; x_wconf 86' lang='lat' dir='ltr'>copia</span> <span class='ocrx_word' id='word_1_168' title='bbox 1781 3542 1963 3605; x_wconf 86' lang='lat' dir='ltr'>quam</span> <span class='ocrx_word' id='word_1_169' title='bbox 1990 3525 2161 3588; x_wconf 88' lang='lat' dir='ltr'>nobis</span> <span class='ocrx_word' id='word_1_170' title='bbox 2193 3525 2510 3588; x_wconf 82' lang='lat' dir='ltr'>liberaliter</span> <span class='ocrx_word' id='word_1_171' title='bbox 2540 3531 3128 3591; x_wconf 83' lang='lat' dir='ltr'>communicaverunt</span> <span class='ocrx_word' id='word_1_172' title='bbox 3165 3532 3382 3609; x_wconf 84' lang='lat' dir='ltr'>egregii</span> <span class='ocrx_word' id='word_1_173' title='bbox 3407 3532 3524 3590; x_wconf 82' lang='lat' dir='ltr'>viri</span> <span class='ocrx_word' id='word_1_174' title='bbox 3561 3532 3784 3594; x_wconf 84' lang='lat' dir='ltr'>Staelin</span> 
     </span>
     <span class='ocr_line' id='line_1_22' title="bbox 1204 3629 3786 3719; baseline 0.004 -31"><span class='ocrx_word' id='word_1_175' title='bbox 1204 3634 1263 3688; x_wconf 83' lang='lat' dir='ltr'>et</span> <span class='ocrx_word' id='word_1_176' title='bbox 1301 3629 1571 3705; x_wconf 84' lang='lat' dir='ltr'>Kausler‚</span> <span class='ocrx_word' id='word_1_177' title='bbox 1601 3648 1859 3709; x_wconf 86' lang='lat' dir='ltr'>quorum</span> <span class='ocrx_word' id='word_1_178' title='bbox 1900 3649 2058 3694; x_wconf 86' lang='lat' dir='ltr'>unus</span> <span class='ocrx_word' id='word_1_179' title='bbox 2096 3631 2622 3713; x_wconf 63' lang='lat' dir='ltr'>wirtember-ymbe</span> <span class='ocrx_word' id='word_1_180' title='bbox 2671 3632 3018 3710; x_wconf 72' lang='grc' dir='ltr'>ΟιεσΙιίσΙιιι,</span> <span class='ocrx_word' id='word_1_181' title='bbox 3059 3637 3207 3696; x_wconf 84' lang='lat' dir='ltr'>alter</span> <span class='ocrx_word' id='word_1_182' title='bbox 3263 3634 3786 3719; x_wconf 64' lang='lat' dir='ltr'>wirtember-ymbe</span> 
     </span>
     <span class='ocr_line' id='line_1_23' title="bbox 1211 3729 3786 3816; baseline 0.005 -23"><span class='ocrx_word' id='word_1_183' title='bbox 1211 3729 1662 3797; x_wconf 73' lang='lat' dir='ltr'>Urlmndenbuclz</span> <span class='ocrx_word' id='word_1_184' title='bbox 1685 3739 1813 3814; x_wconf 86' lang='lat' dir='ltr'>pari</span> <span class='ocrx_word' id='word_1_185' title='bbox 1841 3740 2038 3800; x_wconf 84' lang='lat' dir='ltr'>studio</span> <span class='ocrx_word' id='word_1_186' title='bbox 2065 3741 2129 3799; x_wconf 90' lang='lat' dir='ltr'>in</span> <span class='ocrx_word' id='word_1_187' title='bbox 2154 3740 2390 3800; x_wconf 87' lang='lat' dir='ltr'>laudem</span> <span class='ocrx_word' id='word_1_188' title='bbox 2416 3742 2643 3816; x_wconf 81' lang='lat' dir='ltr'>patriae</span> <span class='ocrx_word' id='word_1_189' title='bbox 2678 3757 2819 3801; x_wconf 84' lang='lat' dir='ltr'>suae</span> <span class='ocrx_word' id='word_1_190' title='bbox 2845 3742 3174 3802; x_wconf 78' lang='lat' dir='ltr'>edIderunt.</span> <span class='ocrx_word' id='word_1_191' title='bbox 3209 3744 3501 3803; x_wconf 81' lang='lat' dir='ltr'>Insertum</span> <span class='ocrx_word' id='word_1_192' title='bbox 3532 3743 3786 3806; x_wconf 85' lang='lat' dir='ltr'>habetur</span> 
     </span>
     <span class='ocr_line' id='line_1_24' title="bbox 1204 3837 3779 3923; baseline 0.005 -25"><span class='ocrx_word' id='word_1_193' title='bbox 1204 3837 1315 3899; x_wconf 90' lang='lat' dir='ltr'>hoc</span> <span class='ocrx_word' id='word_1_194' title='bbox 1341 3840 1597 3918; x_wconf 80' lang='lat' dir='ltr'>diploma</span> <span class='ocrx_word' id='word_1_195' title='bbox 1608 3844 1822 3904; x_wconf 84' lang='lat' dir='ltr'>litteris</span> <span class='ocrx_word' id='word_1_196' title='bbox 1843 3844 2098 3905; x_wconf 85' lang='lat' dir='ltr'>Conradi</span> <span class='ocrx_word' id='word_1_197' title='bbox 2125 3845 2185 3904; x_wconf 93' lang='lat'>11</span> <span class='ocrx_word' id='word_1_198' title='bbox 2202 3844 2530 3906; x_wconf 82' lang='lat' dir='ltr'>Suevorum</span> <span class='ocrx_word' id='word_1_199' title='bbox 2558 3846 2724 3906; x_wconf 88' lang='lat' dir='ltr'>ducis</span> <span class='ocrx_word' id='word_1_200' title='bbox 2740 3889 2757 3919; x_wconf 92' lang='lat'><strong>,</strong></span> <span class='ocrx_word' id='word_1_201' title='bbox 2788 3863 2943 3907; x_wconf 85' lang='lat' dir='ltr'>anno</span> <span class='ocrx_word' id='word_1_202' title='bbox 2976 3855 3153 3920; x_wconf 81' lang='lat'><strong>1267,</strong></span> <span class='ocrx_word' id='word_1_203' title='bbox 3180 3847 3236 3906; x_wconf 91' lang='lat' dir='ltr'><strong>V</strong></span> <span class='ocrx_word' id='word_1_204' title='bbox 3262 3848 3382 3908; x_wconf 87' lang='lat' dir='ltr'>kal.</span> <span class='ocrx_word' id='word_1_205' title='bbox 3416 3848 3594 3923; x_wconf 70' lang='lat' dir='ltr'>febr„</span> <span class='ocrx_word' id='word_1_206' title='bbox 3624 3852 3779 3912; x_wconf 89' lang='lat' dir='ltr'>Con-</span> 
     </span>
     <span class='ocr_line' id='line_1_25' title="bbox 1198 3947 3776 4029; baseline 0.005 -24"><span class='ocrx_word' id='word_1_207' title='bbox 1198 3948 1446 4007; x_wconf 77' lang='lat' dir='ltr'>stantiae</span> <span class='ocrx_word' id='word_1_208' title='bbox 1487 3947 1771 4009; x_wconf 76' lang='lat' dir='ltr'>exhibitis</span> <span class='ocrx_word' id='word_1_209' title='bbox 1814 3954 1874 4009; x_wconf 88' lang='lat' dir='ltr'>et</span> <span class='ocrx_word' id='word_1_210' title='bbox 1912 3951 1975 4009; x_wconf 90' lang='lat' dir='ltr'>in</span> <span class='ocrx_word' id='word_1_211' title='bbox 2015 3949 2254 4011; x_wconf 82' lang='lat' dir='ltr'>archivo</span> <span class='ocrx_word' id='word_1_212' title='bbox 2293 3950 2759 4029; x_wconf 81' lang='lat' dir='ltr'>Cruzelingensis</span> <span class='ocrx_word' id='word_1_213' title='bbox 2793 3954 3130 4013; x_wconf 85' lang='lat' dir='ltr'>monasterii</span> <span class='ocrx_word' id='word_1_214' title='bbox 3172 3958 3507 4016; x_wconf 84' lang='lat' dir='ltr'>asservatis.</span> <span class='ocrx_word' id='word_1_215' title='bbox 3543 3956 3776 4018; x_wconf 87' lang='lat' dir='ltr'>Memo-</span> 
     </span>
     <span class='ocr_line' id='line_1_26' title="bbox 1192 4055 3768 4142; baseline 0.006 -32"><span class='ocrx_word' id='word_1_216' title='bbox 1192 4056 1388 4112; x_wconf 86' lang='lat' dir='ltr'>ratum</span> <span class='ocrx_word' id='word_1_217' title='bbox 1426 4057 1488 4112; x_wconf 87' lang='lat' dir='ltr'>et</span> <span class='ocrx_word' id='word_1_218' title='bbox 1513 4058 1792 4129; x_wconf 70' lang='lat' dir='ltr'>extract„</span> <span class='ocrx_word' id='word_1_219' title='bbox 1816 4055 1922 4116; x_wconf 85' lang='lat' dir='ltr'>sed</span> <span class='ocrx_word' id='word_1_220' title='bbox 1947 4057 2146 4117; x_wconf 86' lang='lat' dir='ltr'>minus</span> <span class='ocrx_word' id='word_1_221' title='bbox 2170 4064 2357 4132; x_wconf 88' lang='lat' dir='ltr'>recte,</span> <span class='ocrx_word' id='word_1_222' title='bbox 2382 4075 2482 4135; x_wconf 85' lang='lat' dir='ltr'>ap.</span> <span class='ocrx_word' id='word_1_223' title='bbox 2510 4059 2896 4134; x_wconf 71' lang='lat' dir='ltr'>Parmam,</span> <span class='ocrx_word' id='word_1_224' title='bbox 2925 4058 3150 4140; x_wconf 67' lang='lat' dir='ltr'>Reque.</span> <span class='ocrx_word' id='word_1_225' title='bbox 3179 4057 3277 4121; x_wconf 75' lang='lat' dir='ltr'>des</span> <span class='ocrx_word' id='word_1_226' title='bbox 3305 4061 3508 4142; x_wconf 66' lang='lat' dir='ltr'>Stytes</span> <span class='ocrx_word' id='word_1_227' title='bbox 3533 4063 3592 4124; x_wconf 83' lang='lat' dir='ltr'><em>K</em></span> <span class='ocrx_word' id='word_1_228' title='bbox 3592 4082 3768 4125; x_wconf 68' lang='lat' dir='ltr'>renz-</span> 
     </span>
     <span class='ocr_line' id='line_1_27' title="bbox 1196 4152 2222 4240; baseline 0.007 -24"><span class='ocrx_word' id='word_1_229' title='bbox 1196 4152 1411 4237; x_wconf 57' lang='lat' dir='ltr'>limen,</span> <span class='ocrx_word' id='word_1_230' title='bbox 1440 4174 1505 4234; x_wconf 82' lang='lat' dir='ltr'>p.</span> <span class='ocrx_word' id='word_1_231' title='bbox 1536 4167 1599 4234; x_wconf 81' lang='lat'>9,</span> <span class='ocrx_word' id='word_1_232' title='bbox 1622 4167 1690 4219; x_wconf 77' lang='grc' dir='ltr'>ιι·</span> <span class='ocrx_word' id='word_1_233' title='bbox 1717 4168 1816 4233; x_wconf 78' lang='grc'>34,</span> <span class='ocrx_word' id='word_1_234' title='bbox 1844 4176 1987 4222; x_wconf 77' lang='lat' dir='ltr'>ann.</span> <span class='ocrx_word' id='word_1_235' title='bbox 2018 4161 2222 4240; x_wconf 77' lang='lat'>1853.)</span> 
     </span>
    </p>
   </div>
   <div class='ocr_carea' id='block_1_7' title="bbox 953 4340 3774 4824">
    <p class='ocr_par' dir='ltr' id='par_1_9' title="bbox 953 4340 3774 4824">
     <span class='ocr_line' id='line_1_28' title="bbox 1052 4340 3774 4453; baseline 0.007 -43"><span class='ocrx_word' id='word_1_236' title='bbox 1052 4340 1383 4415; x_wconf 89' lang='lat' dir='ltr'>Henricus</span> <span class='ocrx_word' id='word_1_237' title='bbox 1418 4345 1777 4440; x_wconf 81' lang='lat' dir='ltr'>septimuS,</span> <span class='ocrx_word' id='word_1_238' title='bbox 1817 4346 2059 4421; x_wconf 89' lang='lat' dir='ltr'>divina</span> <span class='ocrx_word' id='word_1_239' title='bbox 2086 4349 2360 4423; x_wconf 80' lang='lat' dir='ltr'>favente</span> <span class='ocrx_word' id='word_1_240' title='bbox 2386 4349 2750 4424; x_wconf 90' lang='lat' dir='ltr'>clementia</span> <span class='ocrx_word' id='word_1_241' title='bbox 2781 4352 3242 4426; x_wconf 89' lang='lat' dir='ltr'>Romanorum</span> <span class='ocrx_word' id='word_1_242' title='bbox 3257 4377 3383 4427; x_wconf 85' lang='lat' dir='ltr'>rex</span> <span class='ocrx_word' id='word_1_243' title='bbox 3401 4364 3470 4427; x_wconf 90' lang='lat' dir='ltr'>et</span> <span class='ocrx_word' id='word_1_244' title='bbox 3503 4377 3774 4453; x_wconf 92' lang='lat' dir='ltr'>semper</span> 
     </span>
     <span class='ocr_line' id='line_1_29' title="bbox 958 4468 3771 4568; baseline 0.007 -35"><span class='ocrx_word' id='word_1_245' title='bbox 958 4478 1317 4556; x_wconf 84' lang='lat' dir='ltr'>augustus.</span> <span class='ocrx_word' id='word_1_246' title='bbox 1353 4468 1423 4540; x_wconf 90' lang='lat' dir='ltr'>Si</span> <span class='ocrx_word' id='word_1_247' title='bbox 1464 4471 1825 4545; x_wconf 94' lang='lat' dir='ltr'>commodo</span> <span class='ocrx_word' id='word_1_248' title='bbox 1870 4481 1938 4545; x_wconf 93' lang='lat' dir='ltr'>et</span> <span class='ocrx_word' id='word_1_249' title='bbox 1972 4474 2381 4568; x_wconf 89' lang='lat' dir='ltr'>promotioni</span> <span class='ocrx_word' id='word_1_250' title='bbox 2419 4475 2862 4547; x_wconf 89' lang='lat' dir='ltr'>ecclesiarum</span> <span class='ocrx_word' id='word_1_251' title='bbox 2915 4477 3039 4549; x_wconf 92' lang='lat' dir='ltr'>Dei</span> <span class='ocrx_word' id='word_1_252' title='bbox 3087 4486 3156 4550; x_wconf 91' lang='lat' dir='ltr'>et</span> <span class='ocrx_word' id='word_1_253' title='bbox 3197 4478 3597 4551; x_wconf 88' lang='lat' dir='ltr'>nominatim</span> <span class='ocrx_word' id='word_1_254' title='bbox 3636 4501 3771 4552; x_wconf 89' lang='lat' dir='ltr'>ea-</span> 
     </span>
     <span class='ocr_line' id='line_1_30' title="bbox 955 4592 3767 4699; baseline 0.008 -41"><span class='ocrx_word' id='word_1_255' title='bbox 955 4609 1104 4660; x_wconf 89' lang='lat' dir='ltr'>rum</span> <span class='ocrx_word' id='word_1_256' title='bbox 1128 4612 1267 4685; x_wconf 92' lang='lat' dir='ltr'>que</span> <span class='ocrx_word' id='word_1_257' title='bbox 1303 4592 1376 4664; x_wconf 89' lang='lat' dir='ltr'>in</span> <span class='ocrx_word' id='word_1_258' title='bbox 1406 4604 1638 4669; x_wconf 91' lang='lat' dir='ltr'>nostro</span> <span class='ocrx_word' id='word_1_259' title='bbox 1667 4607 1829 4669; x_wconf 90' lang='lat' dir='ltr'>sunt</span> <span class='ocrx_word' id='word_1_260' title='bbox 1858 4599 2267 4694; x_wconf 89' lang='lat' dir='ltr'>patrimonio</span> <span class='ocrx_word' id='word_1_261' title='bbox 2303 4601 2670 4673; x_wconf 88' lang='lat' dir='ltr'>constitute</span> <span class='ocrx_word' id='word_1_262' title='bbox 2692 4655 2713 4695; x_wconf 87' lang='lat'><strong>,</strong></span> <span class='ocrx_word' id='word_1_263' title='bbox 2749 4602 3248 4676; x_wconf 85' lang='lat' dir='ltr'>intenderimus</span> <span class='ocrx_word' id='word_1_264' title='bbox 3285 4627 3444 4676; x_wconf 91' lang='lat' dir='ltr'>cum</span> <span class='ocrx_word' id='word_1_265' title='bbox 3479 4607 3725 4679; x_wconf 84' lang='lat' dir='ltr'>effectu</span> <span class='ocrx_word' id='word_1_266' title='bbox 3746 4662 3767 4699; x_wconf 94' lang='lat'><strong>,</strong></span> 
     </span>
     <span class='ocr_line' id='line_1_31' title="bbox 953 4708 3771 4824; baseline 0.008 -45"><span class='ocrx_word' id='word_1_267' title='bbox 953 4708 1172 4783; x_wconf 89' lang='lat' dir='ltr'>Deum</span> <span class='ocrx_word' id='word_1_268' title='bbox 1224 4724 1598 4792; x_wconf 89' lang='lat' dir='ltr'>creatorem</span> <span class='ocrx_word' id='word_1_269' title='bbox 1647 4729 1960 4793; x_wconf 90' lang='lat' dir='ltr'>nostrum</span> <span class='ocrx_word' id='word_1_270' title='bbox 1996 4721 2288 4817; x_wconf 92' lang='lat' dir='ltr'>proinde</span> <span class='ocrx_word' id='word_1_271' title='bbox 2322 4725 2523 4796; x_wconf 93' lang='lat' dir='ltr'>nobis</span> <span class='ocrx_word' id='word_1_272' title='bbox 2555 4745 2695 4797; x_wconf 95' lang='lat' dir='ltr'>non</span> <span class='ocrx_word' id='word_1_273' title='bbox 2731 4725 3151 4818; x_wconf 80' lang='lat' dir='ltr'>ambigimus</span> <span class='ocrx_word' id='word_1_274' title='bbox 3188 4727 3450 4824; x_wconf 88' lang='lat' dir='ltr'>premia</span> <span class='ocrx_word' id='word_1_275' title='bbox 3494 4729 3771 4824; x_wconf 80' lang='lat' dir='ltr'>elargiri</span> 
     </span>
    </p>
   </div>
  </div>
 </body>
</html>
