4842 5802
1183 624 1308 685 916
2177 626 2606 689 rmnssmcl
2655 624 3001 685 sccnmm
3628 623 3787 700 [Amr.
3826 622 3998 685 1236.

1184 759 1375 830 carni
1424 768 1492 831 et
1526 760 1790 833 mundo
1829 761 2142 852 abstulit,
2193 783 2403 856 quem
2442 763 2586 833 Deo
2622 761 2886 832 fructus
2918 756 3375 830 laudabilium
3422 776 3707 850 operum
3760 765 3828 828 et
3863 757 4002 829 vite

1183 883 1504 955 sauctitas
1539 884 2090 958 commendavit?
2118 886 2259 957 Nec
2286 887 2470 958 enim
2500 885 2692 955 locus
2728 881 3018 975 originis
3044 890 3228 953 recte
3263 888 3496 952 contra
3530 901 3689 950 eum
3726 879 3797 950 in
3832 899 4002 950 sus-

1185 1006 1477 1100 picionis
1529 1019 2008 1103 argumentum
2064 1007 2453 1095 inducitur,
2508 1028 2668 1079 cum
2721 1027 2859 1077 non
2915 1004 3189 1077 bonitas
3231 1003 3530 1076 bominis
3585 1002 4002 1076 deformetur

1187 1152 1229 1202 a
1285 1131 1433 1203 loco
1460 1184 1482 1221 ,
1542 1131 1666 1204 sed
1727 1133 1956 1226 potius
2004 1133 2137 1205 loci
2188 1132 2449 1204 malitia
2500 1151 2623 1224 per
2679 1129 3028 1202 hominem
3080 1129 3505 1200 reformetur.
3564 1127 3814 1199 Probat
3869 1128 4000 1201 hoc

1187 1254 1378 1346 quod
1432 1275 1561 1327 nec
1606 1255 1842 1350 pietati
1892 1255 2138 1328 Christi
2197 1255 2581 1348 quidquam
2630 1252 2934 1325 mundus
2989 1253 3333 1325 subtraxit
3387 1252 3679 1348 impius,
3716 1273 3849 1324 nec
3884 1274 3999 1324 ce-

1185 1378 1329 1449 lum
1359 1378 1520 1450 fecit
1542 1388 1855 1451 sanctum
1877 1378 2239 1452 demonem
2263 1400 2391 1451 neo
2417 1378 2765 1451 hominem
2793 1375 3178 1470 paradisus.
3202 1375 3434 1448 Genus
3460 1376 3665 1447 etiam
3691 1376 3783 1447 ad
3809 1384 3998 1448 tuam

1184 1501 1629 1574 intentionem
1681 1523 1817 1574 non
1861 1503 2213 1593 sufficere,
2256 1504 2467 1574 immo
2512 1523 2649 1574 non
2689 1498 3017 1595 proficere
3052 1498 3376 1589 creditur,
3417 1499 3578 1593 quia
3631 1499 3885 1571 frustra
3925 1500 3998 1571 in

1185 1624 1304 1695 illo
1330 1625 1672 1717 parentele
1694 1625 1864 1696 vitia
1892 1624 2463 1713 condemnantur,
2483 1623 2605 1718 qui
2636 1645 2757 1717 per
2784 1621 3320 1695 conversationis
3337 1631 3569 1693 sancte
3586 1620 3997 1694 munditiam

1184 1769 1227 1819 a
1263 1748 1483 1843 patria
1515 1756 1583 1819 et
1612 1749 2016 1843 parentibus
2063 1750 2261 1843 quasi
2313 1749 2384 1820 in
2433 1750 2658 1821 virum
2712 1757 3013 1821 mutatus
3059 1746 3270 1818 alium
3316 1748 3536 1818 factus
3579 1756 3684 1818 est
3729 1746 4000 1840 penitus

1184 1871 1611 1963 peregrinus
1650 1872 1836 1956 Quid
1875 1874 2111 1966 plura!
2161 1873 2408 1944 frustra
2451 1872 2625 1965 quid
2666 1870 2757 1943 ad
2803 1870 3274 1966 probationem
3319 1870 3612 1961 alicujus
3652 1870 4001 1942 inducitur

1182 1994 1373 2088 qnod
1400 1994 1570 2067 illud
1601 2017 1729 2068 nec
1757 1997 2150 2089 frequenter
2177 2017 2306 2068 nec
2331 1994 2871 2089 inseparabiliter
2895 1995 3282 2066 comitatur.
3313 1993 3740 2086 suffragatur
3768 2003 3996 2066 autem

1179 2117 1272 2190 ad
1306 2118 1440 2190 hoc
1469 2119 1933 2190 testimonium
1961 2119 2196 2192 dilecti
2233 2118 2353 2190 filii
2387 2119 2694 2214 magistri
2728 2118 3078 2212 hospitalis
3109 2120 3353 2190 Sancte
3391 2118 3603 2188 Marie
3627 2117 3998 2189 Theutoni-

1180 2262 1445 2334 corum,
1470 2251 1538 2314 et
1569 2243 1630 2314 ei
1666 2241 1856 2335 quod
1888 2243 2020 2315 alia
2051 2243 2205 2315 vice
2233 2244 2459 2337 ipsum
2488 2265 2647 2314 cum
2676 2242 2925 2315 dilecto
2949 2240 3090 2313 filio
3117 2250 3346 2314 nostro
3372 2242 3454 2313 Ο.
3483 2241 3711 2313 Sancti
3739 2242 3998 2313 Nicolai

1181 2364 1255 2436 in
1296 2386 1566 2438 carcere
1603 2366 1914 2438 Tulliano
1949 2366 2244 2439 diacono
2290 2366 2622 2439 cardinali
2660 2365 3132 2438 transmissum
3178 2364 3301 2435 tibi
3339 2374 3734 2458 suspectum
3784 2365 3998 2437 fuisse

1181 2489 1470 2579 asseriS,
1519 2490 1930 2584 refragatur,
1988 2511 2146 2561 cum
2192 2490 2423 2584 ipsum
2475 2489 2644 2560 nihil
2697 2488 2938 2561 fecisse
2987 2486 3174 2558 unde
3223 2487 3612 2560 celsitudini
3667 2489 3998 2584 imperiali

1181 2622 1541 2705 suspectus
1565 2612 1801 2685 merito
1829 2612 2111 2686 deberet
2144 2612 2381 2686 baberi
2410 2634 2640 2685 coram
2677 2612 2880 2685 nobis
2906 2612 3184 2708 publica
3214 2634 3387 2684 voce
3423 2609 3707 2704 dixerit,
3742 2624 3813 2687 et
3837 2635 3997 2686 eum

1185 2734 1365 2807 circa
1413 2735 1960 2808 observationem
2004 2737 2264 2828 justitie
2311 2737 2689 2832 plurimum
2739 2734 3259 2808 commendarit.
3318 2736 3741 2809 Erubescere
3789 2737 3999 2831 igitur

1185 2860 1429 2955 poterit
1462 2880 1685 2933 novus
1713 2860 1981 2954 logicus
2015 2860 2103 2934 de
2129 2860 2328 2934 nobis
2362 2861 2524 2934 mali
2554 2859 2849 2953 alicujus
2880 2859 3151 2932 initium
3191 2860 3302 2933 vel
3333 2859 3768 2954 participium
3802 2884 3997 2957 para·

1185 2981 1473 3074 logismo
1498 2982 1935 3072 concludere,
1971 2987 2168 3075 cujus
2204 2984 2565 3056 falsitatem
2611 2985 2817 3057 etiam
2862 2983 3158 3078 imperiti
3204 2983 3295 3056 de
3329 2984 3534 3077 longe
3567 2985 3998 3078 speculantes

1185 3115 1470 3198 possunt
1503 3105 1659 3177 luce
1688 3105 1936 3178 clarius
1958 3106 2369 3199 improbare,
2398 3130 2558 3180 cum
2581 3108 2857 3202 publice
2880 3108 3138 3179 bonum
3168 3116 3239 3179 et
3267 3107 3622 3180 manifesta
3646 3108 3813 3180 boni
3843 3130 3997 3204 spe-

1182 3226 1324 3299 cies
1361 3228 1564 3299 fuerit
1598 3227 1787 3320 quod
1832 3229 2098 3322 legatus
2135 3229 2230 3302 ad
2273 3229 2775 3303 reformandam
2813 3252 3051 3325 pacem
3087 3232 3264 3302 inter
3293 3239 3362 3303 te
3392 3251 3474 3303 ac
3501 3230 3922 3304 Lombardos
3954 3254 3997 3304 a

1182 3351 1382 3422 uobis
1416 3350 1797 3423 destinatus
1829 3353 2152 3442 accessit3
2190 3353 2302 3424 cui
2334 3352 2505 3425 nihil
2538 3375 2738 3450 posse
2773 3353 3117 3427 credimus
3145 3354 3465 3449 imputari
3492 3355 3550 3426 si
3579 3376 3663 3428 eo
3688 3367 3998 3450 presente

1181 3475 1415 3548 sedata
1441 3476 1574 3548 sint
1602 3476 1923 3548 intestina
1946 3477 2124 3548 bella
2152 3477 2525 3565 Placentie‚
2560 3479 2620 3550 si
2650 3478 2882 3572 alique
2912 3478 3225 3551 civitates
3248 3478 3661 3551 Lombardie
3685 3480 3997 3553 cladibus

1184 3600 1554 3694 preliorum
1597 3620 1923 3694 oppresse
1962 3599 2054 3673 ad
2091 3601 2283 3694 pacis
2319 3602 2573 3672 fuerint
2608 3600 3047 3674 dulcedinem
3088 3602 3398 3674 invitate.
3448 3602 3841 3687 Quinimmo
3872 3602 3994 3674 tibi

1184 3721 1276 3794 ad
1307 3722 1658 3795 infamiam
1689 3732 2045 3818 reputatur
2067 3722 2256 3816 quod
2273 3776 2294 3814 ,
2323 3724 2629 3797 Ecclesia
2659 3745 2782 3796 seu
2808 3725 3070 3818 prefato
3098 3724 3445 3798 mediante
3472 3727 3727 3817 legato,
3760 3747 3996 3821 pacem

1183 3845 1454 3940 imperii
1493 3845 1890 3939 dedigneris
1923 3850 2037 3919 vel
2078 3867 2216 3918 non
2246 3848 2525 3940 patiaris
2560 3847 2788 3940 potius
2826 3848 3205 3920 reformari.
3248 3847 3386 3920 Sed
3416 3850 3836 3922 est-fortasse
3871 3850 3995 3942 qui

1185 3968 1370 4042 dicat
1398 3967 1614 4062 quod,
1650 3969 1816 4042 dum
1850 3980 2085 4042 contra
2113 3971 2217 4043 fas
2253 3980 2320 4042 et
2350 3971 2612 4042 licitum
2644 3971 3045 4065 episcopum
3073 3972 3410 4065 prefatum
3446 3972 3583 4043 tuis
3609 3994 3750 4044 non
3780 3972 3997 4044 babes

1183 4092 1365 4164 votis
1389 4093 1667 4164 omniuo
1699 4095 2094 4189 propitium,
2132 4114 2290 4166 eum
2326 4093 2798 4188 imperialibus
2825 4095 3098 4168 estimes
3127 4094 3491 4168 desideriis
3518 4095 3896 4184 inimicum,
3926 4105 3997 4167 et

1182 4238 1325 4311 quo
1363 4218 1677 4311 equalius
1725 4218 2046 4290 eumdem
2099 4217 2191 4290 ad
2234 4217 2591 4311 quodlibet
2633 4221 3099 4314 oppositorum
3144 4229 3533 4294 extremum
3579 4229 3656 4291 ut
3702 4229 3996 4313 utraque

1186 4364 1402 4413 unum
1429 4342 1678 4432 efficiat
1709 4342 2051 4414 declinare
2081 4343 2550 4435 perspexeris,
2588 4363 2672 4414 eo
2713 4344 2950 4416 fortius
2981 4345 3207 4438 ipsum
3232 4344 3657 4418 celsitudinis
3692 4352 3808 4415 tue
3833 4363 3993 4438 pro·-

1185 4449 1484 4536 fectibus
1502 4466 1914 4537 contrarium
1938 4465 2344 4559 suspiceris;
2377 4464 2469 4538 de
2494 4487 2635 4559 quo
2661 4467 2719 4538 si
2745 4468 2964 4560 placet
2988 4467 3498 4541 obtrectationis
3516 4476 3782 4540 cessent
3802 4466 3993 4538 oblo-

1184 4588 1393 4679 quia,
1434 4587 1796 4679 cujuslibet
1827 4588 2187 4682 prudentis
2221 4598 2289 4661 et
2320 4589 2484 4661 boni
2529 4589 2854 4684 principis
2889 4592 3196 4665 moribus
3232 4592 3546 4683 inimica,
3591 4591 3712 4683 qui
3751 4590 3851 4662 sic
3875 4591 3993 4682 Jus

1185 4733 1388 4782 suum
1436 4712 1728 4785 discrete
1768 4713 2205 4807 prosequitur
2250 4714 2440 4807 quod
2489 4714 2559 4786 in
2595 4715 2880 4806 nullius,
2912 4717 3269 4812 presertim
3315 4716 3617 4789 timentis
3662 4717 3883 4789 Deum
3923 4723 3994 4787 et
