4842 5802
921 621 1110 683 ism.
1142 620 1230 698 6.]
1814 619 2208 683 msronm
2260 623 2842 687 nlrnomsrtcs.
3617 629 3740 692 603

1015 759 1248 830 Testes
1288 764 1523 829 autem
1573 755 1936 829 Cunradus
1989 757 2332 854 Spirensis
2363 761 2763 856 episcopus,
2823 762 3256 835 Hermannus
3306 762 3611 836 marchio
3643 764 3735 838 de

919 882 1187 973 Baden,
1228 880 1676 955 Eberhardus
1706 880 1799 954 de
1831 883 2229 975 Eberstein,
2289 885 2400 957 W.
2439 884 2704 980 dapifer
2724 884 2817 958 de
2843 886 3261 976 Bonlandia,
3301 887 3375 960 C.
3408 888 3735 983 pincerna

918 1005 1009 1080 de
1043 1005 1548 1099 Clingenburg,
1609 1005 1685 1076 C.
1742 1004 1834 1079 de
1869 1005 2275 1081 Smidelvelt
2291 1061 2313 1100 ,
2354 1008 2436 1079 E.
2482 1007 2572 1081 de
2610 1009 3173 1105 Hertingesberg,
3214 1011 3606 1086 Hawardus
3647 1012 3738 1086 de

917 1130 1325 1222 Holzwanc,
1366 1139 1435 1204 et
1468 1130 1588 1203 alii
1616 1132 2087 1227 quamplures.

1011 1253 1182 1327 Acta
1205 1254 1398 1351 apud
1417 1255 1873 1350 oppenheim,
1907 1278 2086 1329 anno
2099 1257 2373 1330 Domini
2401 1259 2876 1351 MCCXXXIII,
2899 1259 3097 1333 tertio
3122 1259 3454 1336 kalendas
3481 1262 3732 1354 martii,

915 1376 1292 1451 indictione
1318 1380 1436 1452 Vl.

1012 1621 1339 1715 Sequitur
1368 1623 1631 1697 ibidem
1661 1624 1882 1697 forma
1905 1623 2418 1719 compositionis
2446 1623 2759 1716 ejusdem
2792 1623 2924 1697 sub
2958 1625 3217 1699 eisdem
3254 1628 3520 1719 verbis,
3574 1650 3739 1703 mu-

918 1745 1076 1818 tatis
1124 1746 1510 1835 mutandiS,
1561 1769 1602 1819 a
1653 1747 1928 1819 civibus
1979 1747 2594 1819 Wormatiensibus
2638 1747 2857 1840 edita,
2907 1772 3063 1821 cum
3113 1751 3402 1827 testibus
3437 1760 3505 1825 et
3561 1754 3740 1826 notis

923 1866 1424 1962 chronologicis
1457 1869 1759 1955 eisdem;
1791 1869 1914 1941 ubi
1951 1880 2180 1943 tamen
2208 1869 2300 1943 ad
2327 1870 2621 1944 caudam
2649 1871 2899 1963 legitur
2930 1898 2946 1944 ε
2996 1898 3032 1942 «
3072 1872 3160 1944 Ut
3189 1884 3420 1946 autem
3441 1875 3571 1947 hec
3595 1873 3742 1948 rata

922 2002 1361 2086 permaneant
1386 2004 1457 2066 et
1478 1995 1882 2067 inconvulsa
1907 2005 1976 2067 et
2003 1995 2486 2067 inviolabiliter
2510 1995 2995 2087 observentur,
3034 1998 3322 2070 formam
3351 1997 3532 2071 hanc
3554 2021 3740 2072 com-

919 2116 1313 2211 positionis,
1374 2116 1635 2190 domini
1686 2118 1872 2212 regis
1916 2127 1984 2190 et
2036 2117 2298 2190 domini
2346 2119 2649 2213 episcopi
2702 2140 2784 2191 ac
2830 2120 3108 2210 majoris
3158 2121 3444 2194 ecclesie
3493 2123 3738 2217 sigillis

906 2239 1302 2331 roboratam
1325 2295 1343 2329 ,
1383 2242 1677 2314 civitatis
1713 2242 1918 2313 etiam
1950 2242 2174 2336 sigillo
2211 2243 2498 2315 fecimus
2521 2243 2956 2313 communiri.
3003 2269 3038 2310 n

1017 2470 1272 2544 Extant
1328 2480 1557 2545 autem
1615 2470 1759 2544 duo
1817 2471 1949 2545 alia
2002 2469 2522 2566 compositionis
2580 2471 2892 2563 ejusdem
2946 2472 3368 2567 exemplaria
3418 2500 3436 2544 ε
3483 2475 3744 2548 scilicet

923 2595 1192 2668 Henrici
1223 2594 1531 2690 episcopi
1560 2595 1748 2690 apud
1776 2596 2073 2686 Momm-z,
2123 2595 2710 2688 ,abhandlunqvon
2742 2597 3032 2687 Worms,
3093 2618 3164 2690 p.
3215 2591 3383 2686 ⁴67,
3439 2605 3509 2669 et
3552 2598 3742 2670 Lan-

919 2718 1082 2792 dolfi
1114 2720 1364 2793 decani
1382 2721 1806 2816 capitulique
1818 2720 2355 2793 Wormaciensis
2374 2719 2568 2816 apud
2595 2720 2949 2813 Bosana,
2982 2722 3248 2809 FonteS,
3273 2730 3324 2793 t.
3347 2720 3434 2810 11,
3463 2743 3534 2816 p.
3557 2723 3685 2798 224
3715 2750 3737 2812 ς

918 2847 1132 2918 multo
1167 2845 1540 2940 integriora
1566 2866 1777 2940 quam
1804 2844 1999 2941 apud
2027 2845 2403 2934 Scnmmr,
2448 2842 2615 2917 dum
2652 2853 2805 2939 post
2840 2844 3052 2917 verba
3092 2867 3128 2913 α
3169 2843 3533 2941 episcopus
3557 2846 3742 2919 alte—

917 2991 1068 3042 rum
1101 2971 1327 3042 civem
1363 2968 1737 3041 substituet
1773 2993 1851 3059 »,
1892 2969 1989 3040 ita
2027 2977 2317 3064 pergant
2347 2993 2365 3039 ε

1020 3117 1056 3159 «
1096 3092 1168 3165 Si
1198 3111 1367 3165 vero
1388 3090 1678 3186 predicti
1701 3089 2098 3185 quindecim
2132 3112 2341 3187 super
2367 3090 2602 3185 aliquo
2639 3090 2923 3163 consilio
2949 3090 3125 3164 inter
3159 3111 3235 3163 se
3261 3090 3733 3185 dissenserint,

917 3213 1429 3289 assentiendum
1461 3224 1567 3288 est
1603 3214 1848 3307 majori
1879 3215 2082 3309 parti.
2130 3215 2300 3287 Item
2338 3212 2663 3287 dominus
2692 3235 2821 3288 rex
2850 3235 2943 3288 ex
2984 3236 3235 3289 novem
3276 3215 3737 3310 burgensibus

918 3339 1323 3411 consiliariis
1346 3339 1555 3432 eliget
1573 3359 1795 3410 unum
1823 3338 1897 3410 in
1926 3338 2328 3433 magistrum
2354 3315 2678 3428 civitatiS,
2707 3337 3041 3411 mutando
3065 3339 3291 3433 ipsum
3320 3340 3379 3410 si
3408 3340 3738 3432 placuerit

917 3462 1007 3535 de
1040 3482 1223 3535 anno
1258 3463 1332 3534 in
1368 3484 1664 3552 annum,
1705 3463 1817 3535 vel
1852 3463 2254 3544 immutatus
2284 3461 2375 3535 ab
2410 3482 2496 3535 eo
2526 3462 2599 3533 in
2634 3459 2881 3536 eodem
2913 3461 3138 3535 officio
3173 3483 3296 3557 pro
3322 3483 3448 3534 sue
3476 3463 3736 3535 volun-

919 3585 1077 3656 tatis
1101 3585 1379 3658 arbitrio
1405 3585 1858 3680 permanebit.
1902 3583 2040 3657 Sed
2085 3585 2409 3658 dominus
2447 3585 2810 3681 episcopus
2855 3585 2945 3659 de
2987 3607 3115 3658 sex
3150 3585 3481 3657 militibus
3512 3607 3732 3658 unum

921 3707 1127 3800 eliget
1152 3709 1225 3780 in
1249 3711 1418 3782 festo
1435 3710 1739 3799 Martini,
1769 3717 1839 3783 et
1867 3709 2093 3805 ipsum
2117 3708 2207 3782 de
2230 3710 2498 3781 annoin
2523 3730 2782 3780 annum
2807 3708 3277 3780 commutabit.
3305 3709 3474 3780 ltem
3492 3729 3730 3782 omnes

915 3832 1367 3906 fraternitates
1389 3835 1752 3927 Husgenoz
1782 3841 1852 3906 et
1875 3831 2354 3906 Wiltwerkere
2385 3832 2519 3903 illis
2547 3831 2860 3926 exceptis
2893 3829 3217 3903 ammodo
3255 3831 3533 3926 penitus
3575 3852 3727 3905 ces-

918 3956 1191 4029 sabunt.
1228 3957 1459 4031 Preter
1477 3957 1610 4030 hec
1636 3957 1869 4029 omnia
1895 3978 2033 4050 que
2068 3955 2466 4052 supradicta
2495 3963 2692 4044 sunt,
2741 3952 3065 4026 dominus
3095 3954 3464 4050 episcopus
3495 3957 3725 4029 omnia

907 4081 1101 4171 iura,
1138 4081 1373 4154 omnia
1406 4077 1804 4175 privilegia,
1847 4080 2064 4152 bonas
2093 4077 2630 4153 consuetudines
2665 4076 2963 4151 civitatis
2995 4077 3223 4152 salvas
3248 4081 3719 4172 conservabit,

912 4203 1338 4277 confirmabit
1368 4214 1437 4277 et
1458 4204 1865 4279 meliorabit.
1898 4204 1987 4276 Ut
2008 4211 2236 4278 autem
2264 4203 2394 4276 hec
2423 4211 2600 4293 rata,
2627 4210 2758 4275 etc.
2795 4202 2924 4297 (l).
2971 4225 3009 4271 »
3048 4202 3324 4278 Adsunt
3347 4203 3725 4351 peculiares

919 4335 1153 4417 testes,
1193 4327 1322 4401 sed
1352 4327 1641 4401 eaedem
1672 4327 2192 4420 chronologicae
2220 4334 2448 4399 notae.

1804 4529 1907 4537 m

2286 4529 2548 4540 -ο-μ-...ω

987 4636 1059 4710 (l)
1094 4637 1178 4696 Cf.
1209 4653 1353 4711 quae
1379 4653 1545 4711 supra
1577 4638 1884 4695 notavimus
1922 4656 1979 4712 p.
2024 4642 2160 4710 58⁴,
2207 4646 2318 4696 not.
2363 4643 2415 4696 l.
2458 4639 2743 4697 Dissidium
2785 4646 2962 4699 tamen
3000 4654 3164 4713 super
3199 4638 3456 4713 regimine
3489 4641 3720 4754 civitatis

918 4738 1147 4791 exortum
1186 4749 1253 4790 ex
1280 4732 1374 4789 tali
1403 4733 1787 4808 compositione
1809 4749 1918 4791 non
1946 4735 2120 4793 adhuc
2144 4735 2305 4809 plane
2329 4735 2612 4795 deferbuit.
