4842 5802
926 2454 1152 2562 exeram-l

1280 581 1405 643 930
2153 642 2164 653 ,
2275 581 2702 645 rmnssmct
2752 582 3097 644 ssscumnt
3716 586 3877 663 [An.
3917 586 4087 648 12:36.

1282 722 1444 786 sunt
1473 714 1852 787 affectionis
1882 715 2251 788 certissima
2282 717 2572 810 pignora
2608 715 2935 809 principis
2966 715 3056 788 ad
3083 715 3464 808 subjectos,
3494 738 3654 789 cum
3680 719 3860 791 circa
3886 720 4093 792 latera

1280 837 1574 910 filiorum
1614 860 1943 933 generose
1984 840 2386 935 propaginis
2426 861 2552 912 sue
2584 840 3004 912 incrementa
3045 838 3538 934 circumspicit,
3578 841 3835 934 quibus
3881 842 4088 915 fidem

1279 972 1348 1035 et
1392 963 1681 1056 gratiam
1736 972 2049 1057 preparat
2095 962 2557 1035 subditorum.
2607 963 2778 1034 Nam
2820 983 2981 1033 cum
3026 963 3170 1034 vite
3212 964 3489 1058 proprie
3539 966 3865 1038 terminos
3913 965 4093 1038 finiri

1278 1086 1687 1182 precogitat,
1723 1087 2078 1181 propagari
2112 1085 2370 1181 gaudet
2401 1087 2473 1159 in
2502 1085 2738 1159 sobole
2770 1086 3061 1180 gratiam
3099 1084 3546 1181 principatus·
3579 1088 3665 1159 Et
3692 1111 4091 1183 quanquam

1279 1207 1353 1282 in
1387 1209 1581 1305 prole
1615 1210 1914 1282 feminea
1945 1231 2314 1305 regnorum
2334 1211 2492 1302 jura
2524 1220 2593 1283 et
2626 1208 3062 1305 regnantium
3098 1210 3270 1282 solia
3305 1231 3440 1283 non
3474 1212 3865 1305 quiescant,
3900 1222 4089 1306 grata

1276 1341 1504 1405 tamen
1538 1334 1666 1407 hec
1695 1333 1834 1407 filia
1869 1334 2076 1421 debet
2105 1355 2257 1408 esse
2290 1355 2450 1408 cum
2482 1333 2841 1424 masculis3
2880 1355 3021 1427 que
3051 1334 3241 1406 velut
3272 1336 3676 1430 tempestiva
3712 1358 4090 1433 paranym-

1273 1457 1413 1552 pha
1457 1458 1891 1549 sequentium
1941 1466 2011 1529 et
2045 1457 2246 1529 arrha
2295 1456 2672 1529 certissima
2718 1458 3217 1546 masculorum,
3268 1479 3360 1529 ex
3411 1458 3867 1553 imperatricis
3909 1480 4091 1533 nove

1275 1580 1617 1652 consortio
1654 1580 2107 1653 indubitatam
2153 1580 2353 1652 nobis
2386 1579 2691 1653 et-vobis
2728 1579 3020 1652 Domino
3055 1581 3329 1654 favente
3363 1580 3454 1654 de
3502 1582 3782 1672 regibus
3817 1584 4089 1678 copiam

1272 1704 1684 1799 repromisit.
3724 1700 3733 1707 ’

1370 1828 1617 1899 Datum
1676 1828 1778 1921 (t)
1787 1879 4079 1901 .............................

1375 2414 1800 2498 Fridericus
1824 2478 1847 2525 ,
1924 2415 2443 2498 Romanorum
2533 2414 2982 2522 imperator,
3068 2414 3427 2497 omnibus
3508 2416 3933 2500 civitatibus
4011 2428 4087 2502 et

1264 2546 1619 2629 fidelibus
1675 2547 1833 2628 suis
1888 2548 2104 2656 regni
2170 2545 2469 2629 Siciliae
2530 2547 2845 2629 mandat
2898 2548 3109 2657 quod
3146 2546 3427 2630 faciant
3475 2548 3544 2629 ei
3609 2550 4034 2632 subsidium
4056 2614 4077 2653 ,

1264 2704 1507 2787 quum
1542 2680 1692 2761 hac
1733 2679 1894 2762 vice
1937 2704 2114 2761 cum
2162 2688 2372 2761 tanto
2417 2679 2748 2761 exercitu
2791 2679 3330 2763 Lombardiam
3376 2681 3674 2791 ingredi
3735 2683 4087 2792 disponat

1266 2812 1475 2923 quod
1519 2810 1917 2894 rebellium
1966 2838 2281 2896 suorum
2317 2812 2693 2920 protervia
2738 2812 3249 2895 conculcetur.

1431 3025 1623 3105 (Edit.
1652 3029 1715 3086 in
1743 3026 1911 3086 Petri
1955 3025 2025 3086 de
2084 3028 2208 3086 Vin.
2238 3029 2430 3105 epist„
2461 3028 2563 3088 lib.
2591 3028 2704 3100 111,
2734 3045 2863 3105 cap.
2893 3026 3010 3103 1V3
3038 3029 3176 3090 coll.
3201 3044 3338 3090 cum
3367 3028 3554 3090 codic.
3582 3030 3862 3092 Biblioth.
3890 3031 4078 3092 Paris.

1504 3129 1911 3206 Notre-Dame,
1942 3150 2002 3209 p.
2037 3139 2178 3206 202,
2209 3138 2270 3192 et
2296 3133 2358 3193 S.
2388 3130 2579 3193 Germ.
2605 3130 2855 3212 Harlay,
2886 3151 2948 3210 p.
2983 3137 3151 3207 455.)

1367 3316 1798 3408 FredericuS,
1841 3328 1972 3391 etc.
2009 3319 2088 3390 In
2126 3318 2459 3392 invidiam
2494 3319 2799 3392 omnium
2837 3319 3228 3410 nationum,
3268 3342 3407 3412 que
3439 3320 3864 3414 quibuslibet
3898 3320 4084 3394 orbis

1268 3443 1550 3535 regibus
1593 3452 1662 3515 et
1705 3452 1882 3515 terre
1928 3442 2354 3538 principibus
2397 3452 2559 3514 sunt
2605 3443 2950 3536 subjecte,
3001 3465 3140 3515 non
3183 3444 3407 3516 solum
3445 3443 3676 3516 debite
3719 3443 3917 3533 fidei,
3958 3446 4083 3519 sed

1269 3569 1501 3639 innate
1535 3567 1895 3658 cujusdam
1930 3566 2303 3640 affectionis
2332 3567 2554 3638 zelum
2588 3565 2824 3639 fideles
2853 3567 3049 3661 regni
3078 3564 3307 3638 Sicilie
3337 3587 3608 3662 semper
3642 3566 3733 3639 ad
3763 3568 4084 3640 dominos

1267 3692 1686 3763 habuerunt.
1744 3691 1879 3763 Sed
1928 3702 2291 3786 postquam
2341 3690 2434 3763 ad
2483 3691 2678 3785 regni
2728 3712 2980 3765 nomen
3032 3700 3208 3765 terre
3250 3700 3390 3763 tam
3442 3691 3691 3764 nobilis
3742 3691 4075 3781 ambituS,

1273 3838 1483 3909 quam
1519 3815 1693 3887 inter
1719 3837 1796 3887 se
1828 3836 1954 3910 per
1985 3815 2280 3888 vicarias
2304 3814 2787 3908 occupantium
2816 3815 3106 3906 injurias
3128 3816 3589 3887 Romanorum
3622 3824 3691 3887 et
3712 3815 4080 3888 Grecorum

1273 3939 1558 4032 imperia
1599 3934 1792 4034 [non]
1831 3938 2126 4032 placidis
2168 3937 2425 4014 finibus
2474 3938 2917 4030 dividebant,
2966 3939 3276 4011 virtuosa
3317 3939 3654 4031 maj0rum
3695 3948 4080 4012 nostrorum

1272 4071 1340 4134 et
1385 4063 1603 4157 prima
1657 4060 2196 4140 consolidatione
2244 4061 2593 4155 pervenit,
2649 4062 2720 4132 in
2773 4070 3037 4134 tantum
3090 4062 3276 4156 regie
3319 4061 3675 4154 dignitatis
3720 4083 3967 4134 nomen
4012 4073 4082 4134 et

1273 4185 1522 4258 solium
1577 4183 1885 4258 dilexere
1934 4185 2317 4279 regnicole,
2374 4194 2483 4276 ut,
2535 4185 2794 4258 eisdem
2841 4186 3389 4259 antecessoribus
3440 4186 3689 4259 nostris
3729 4186 3820 4258 ab
3866 4187 3968 4258 eis
4009 4186 4081 4257 in

1344 4490 1418 4563 (t)
1452 4491 1531 4547 De
1557 4493 1797 4563 tempore
1819 4504 1926 4563 quo
1949 4488 2086 4547 haec
2106 4488 2303 4563 scripta
2323 4489 2483 4547 suerit
2506 4489 2730 4564 epistola
2751 4489 2884 4548 satis
2906 4490 3047 4549 bene
3071 4504 3173 4549 nos
3193 4490 3480 4548 Riccardus
3506 4491 3575 4548 de
3601 4492 3795 4550 Sancto
3814 4490 4082 4548 Germano

1272 4589 1485 4660 edocet,
1512 4602 1637 4646 cum
1662 4587 1807 4644 dicat
1845 4605 1860 4642 ι
1903 4607 1930 4641 ι
1961 4585 2144 4646 Mense
2179 4587 2448 4645 februario
2481 4587 2524 4659 (t
2536 4588 2658 4659 237)
2690 4588 2899 4646 litterae
2931 4589 3233 4661 imperiales
3258 4588 3427 4646 lectae
3461 4593 3588 4645 sunt
3630 4589 3684 4644 in
3713 4587 3906 4645 Sancto
3945 4587 4080 4644 Ger-

1273 4701 1430 4743 mano
1448 4686 1513 4743 de
1529 4686 1774 4760 captione
1791 4684 2102 4744 vincentiae
2117 4686 2258 4743 etde
2274 4701 2414 4745 nova
2436 4685 2771 4759 imperatoris
2791 4685 2936 4760 prole
2954 4688 3189 4759 serninoa
3218 4685 3286 4743 de
3314 4700 3454 4745 nova
3482 4691 3732 4744 consorte
3756 4689 4023 4756 suscepta.
4049 4703 4075 4736 n
