4842 5802
1163 649 1284 709 700
2197 647 2540 708 namuel
2591 647 2927 707 SEPTlm
3600 654 3768 733 [Amr.
3804 658 3975 719 1234.

1159 779 1563 862 Bernheim
1581 842 1605 886 ,
1646 780 2132 862 Huttenheim
2178 791 2253 863 et
2305 783 2384 861 in
2442 780 2611 861 aliis
2663 778 3015 887 pluribus
3050 782 3544 893 renuncianS‚
3587 813 3981 872 reservans

1161 922 1420 993 tamen
1466 911 1646 1021 jura
1694 914 1772 993 in
1827 914 2010 995 villa
2074 911 2568 995 Gochesheim
2592 972 2614 1012 ,
2672 910 3084 994 Wilhelmo
3126 913 3223 994 de
3275 914 3704 1025 Wimpina,
3765 919 3981 1002 buti-

1163 1043 1407 1151 glario
1441 1044 1540 1125 de
1573 1044 2053 1154 Nurenberg,
2094 1055 2169 1126 et
2217 1044 2386 1125 aliis
2441 1042 2774 1125 scultetis
2809 1043 3092 1125 ibidem
3127 1045 3574 1155 designatis,
3617 1053 3978 1162 praecipit

1160 1185 1248 1256 ut
1284 1175 1383 1257 ab
1409 1176 1620 1257 omni
1658 1178 2098 1285 gravamine
2135 1176 2590 1259 abstineant.

1325 1398 1517 1479 (Edit.
1558 1415 1655 1477 ap.
1703 1400 2051 1474 Lanarum,
2098 1397 2306 1480 Antiq.
2353 1396 2553 1459 Poeld.
2577 1442 2596 1473 ,
2633 1417 2695 1476 p.
2737 1409 2875 1460 257.
2905 1431 2987 1443 -
3026 1400 3262 1474 Lumo,
3291 1398 3708 1480 Retenta-cm,
3746 1411 3788 1464 t.
3829 1404 3972 1481 VII,

1399 1520 1455 1580 p.
1494 1513 1643 1578 3233
1675 1504 1850 1564 ambo
1877 1521 2018 1564 vero
2047 1520 2350 1581 perperam
2383 1514 2457 1564 23
2477 1502 2766 1563 novembr.
2789 1537 2871 1547 —
2888 1504 3118 1578 Kame,
3146 1501 3436 1586 antiquit.
3471 1508 3623 1567 Hist.
3651 1509 3973 1588 stanton„

1399 1614 1448 1669 t.
1480 1609 1590 1679 ΠΙ,
1620 1627 1682 1686 p.
1718 1619 1856 1669 283.
1886 1642 1967 1653 -
1994 1609 2251 1667 Monam.
2285 1610 2480 1682 Boica,
2525 1615 2573 1668 t.
2612 1609 2805 1683 XXX,
2835 1626 2969 1685 pars
2996 1618 3074 1682 1⁸,
3105 1626 3166 1685 p.
3217 1620 3357 1684 221,
3388 1622 3456 1670 n·
3492 1622 3633 1692 725,
3663 1630 3741 1674 ex
3784 1618 3975 1693 origi-

1402 1714 1522 1774 nali
1570 1718 1738 1791 cujus
1764 1715 2020 1791 sigillum
2047 1716 2246 1791 perlit,
2273 1721 2613 1775 remanente
2642 1722 2807 1791 parte
2838 1714 3071 1775 filorum
3100 1717 3420 1777 sericorum
3443 1717 3608 1778 rubri
3637 1725 3697 1778 et
3721 1719 3972 1781 subflavi

1400 1820 2128 1881 coloris.--Memoratum
2155 1823 2332 1881 etiam
2358 1839 2437 1881 ex
2461 1821 2751 1883 Leukfeld
2775 1838 2871 1899 ap.
2891 1823 3297 1896 Prnrrmonn,
3330 1820 3429 1882 Ad
3464 1824 3826 1901 vitriarium,
3847 1833 3893 1885 t.
3918 1827 3969 1900 1,

1399 1941 1461 2001 p.
1501 1924 1703 2004 1180.)

1257 2139 1332 2208 ln
1370 2138 1648 2209 nomine
1693 2138 1989 2209 Domini.
2034 2137 2281 2211 Amen.
2332 2138 2689 2211 Heinricus
2713 2192 2734 2229 ,
2789 2139 2913 2210 Dei
2958 2141 3176 2233 gratia
3226 2141 3689 2212 Romanorum
3725 2162 3850 2213 rex
3904 2151 3972 2213 et

1159 2282 1430 2356 semper
1482 2272 1858 2354 augasma,
1913 2261 2179 2335 dilectis
2220 2262 2544 2335 fidelibus
2570 2263 2717 2334 suis
2762 2263 3198 2337 willehelmo
3224 2262 3316 2337 de
3356 2264 3717 2360 Winpina‚
3782 2319 3800 2335 .
3863 2321 3881 2336 .
3946 2320 3962 2335 .

1158 2384 1522 2478 butiglario
1558 2385 1646 2458 de
1677 2386 2114 2479 Nurenberg,
2176 2440 2193 2459 .
2257 2440 2276 2456 .
2339 2438 2357 2456 .
2413 2386 2487 2459 in
2519 2386 2954 2479 Rotenburg,
3016 2441 3034 2457 .
3097 2442 3114 2460 .
3177 2441 3194 2458 .
3252 2387 3325 2458 in
3354 2388 3599 2477 Hallis,
3664 2442 3680 2457 .
3744 2439 3761 2458 .
3821 2442 3839 2458 .
3897 2390 3968 2460 in

1158 2510 1611 2598 Swinsurthe‚
1652 2564 1670 2580 .
1694 2563 1711 2580 .
1732 2561 1750 2579 .
1784 2510 1858 2581 in
1885 2509 2337 2602 Kungesberg
2368 2519 2439 2581 et
2476 2561 2493 2578 .
2516 2561 2534 2580 .
2559 2562 2576 2580 .
2611 2509 2683 2579 in
2720 2510 3198 2583 Lenkersheim
3236 2511 3544 2583 scultetis
3578 2521 3647 2582 et
3682 2511 3834 2583 aliis
3869 2513 3970 2583 of-

1157 2630 1402 2703 ficiatis
1435 2634 1580 2704 suis
1613 2633 1905 2726 gratiam
1932 2654 2130 2703 suam
2154 2641 2223 2704 et
2256 2652 2461 2704 omne
2496 2632 2781 2706 bonum.
2814 2632 2984 2703 Cum
3010 2632 3301 2704 dilectus
3337 2633 3748 2706 venerabilis
3781 2634 3967 2729 prin·

1157 2778 1318 2850 ceps
1354 2764 1583 2828 noster
1616 2754 1939 2826 dominus
1974 2756 2404 2827 Hermannus
2435 2754 2943 2850 Herbipolensis
2977 2755 3343 2850 episcopus
3383 2757 3641 2848 pluries
3665 2756 3754 2828 sit
3789 2778 3968 2829 con-

1157 2889 1442 2974 questus
1489 2900 1564 2950 se
1620 2889 1689 2950 et
1742 2899 1904 2951 suos
1959 2899 2086 2974 per
2133 2899 2260 2951 vos
2319 2879 2390 2950 in
2436 2878 2668 2950 multis
2714 2878 2985 2972 fatigari
3028 2888 3096 2950 et
3128 2877 3481 2973 impediri,
3536 2878 3862 2952 videlicet
3895 2880 3966 2952 in

1150 3003 1627 3097 jurisdictione
1651 3023 1779 3073 sua
1809 3003 1967 3074 etin
1994 3002 2178 3074 villis
2197 3003 2720 3096 Damphesdorf,
2749 3001 3223 3091 Gochesheim,
3252 3001 3961 3092 Urheim‚Bernheim,

1154 3126 1602 3210 Butenheim,
1658 3126 1828 3196 etin
1870 3125 2024 3196 aliis
2060 3126 2373 3218 pluribus
2411 3125 2597 3198 villis
2632 3125 2766 3196 sibi
2808 3135 2878 3196 et
2923 3125 3207 3197 ecclesie
3256 3145 3383 3198 sue
3418 3124 3864 3196 attinentibus
3895 3126 3966 3194 in

1157 3247 1449 3321 servicio
1485 3247 1803 3341 speciali,
1858 3247 1930 3318 in
1977 3248 2144 3319 villa
2177 3248 2614 3319 Tutensteten
2649 3249 2721 3318 in
2753 3271 2894 3342 qua
2927 3250 3194 3321 forense
3223 3247 3503 3340 signum
3530 3258 3633 3319 est
3665 3258 3966 3320 erectum

1155 3381 1392 3446 contra
1422 3379 1654 3442 nostra
1692 3380 1982 3461 statuta,
2021 3371 2094 3441 in
2125 3380 2397 3443 moneta
2433 3380 2600 3465 aput
2641 3370 3067 3461 Swinfurth,
3115 3370 3187 3440 in
3236 3380 3444 3443 strata
3477 3370 3773 3462 ibidem,
3831 3391 3968 3464 que

1155 3496 1537 3568 declinatur
1583 3505 1817 3567 contra
1845 3496 1998 3586 jus,
2051 3495 2122 3566 in
2155 3495 2370 3567 centis
2402 3495 2826 3588 quibuslibet
2855 3495 3150 3567 ducatus
3176 3494 3398 3590 ipsius
3429 3516 3569 3587 que
3613 3503 3969 3567 mutantur

1153 3630 1221 3694 et
1252 3620 1750 3715 impediuntur,
1793 3620 1865 3690 in
1903 3618 2380 3691 vocationibus
2412 3639 2862 3714 personarum
2891 3618 3326 3712 synodalium
3350 3617 3440 3689 ad
3468 3618 3779 3690 civitates
3803 3639 3963 3691 nos-

1153 3754 1294 3816 tras
1329 3755 1397 3816 et
1438 3744 1530 3816 ad
1563 3755 1832 3827 centaS,
1871 3743 1944 3813 in
1972 3764 2182 3815 censu
2212 3743 2623 3814 rusticorum
2656 3744 2778 3836 qui
2810 3743 3040 3815 adhuc
3086 3743 3442 3837 recipitur,
3494 3743 3565 3813 in
3604 3744 3749 3816 foro
3800 3752 3967 3838 aput

1155 3867 1627 3940 Windesheim
1661 3866 1847 3961 quod
1882 3867 2213 3939 hactenus
2246 3866 2653 3960 impeditum
2689 3876 2828 3954 est,
2886 3867 2956 3937 in
2990 3866 3595 3960 pignoracionibus
3623 3888 3762 3958 que
3792 3865 3964 3937 fiunt

1157 4003 1358 4065 extra
1387 3992 1698 4063 civitates
1727 3999 1993 4063 nostras
2027 3991 2099 4062 in
2138 3990 2394 4061 ducatu
2435 3991 2685 4085 ipsius,
2736 3990 2808 4060 in
2849 3989 3114 4080 judicio
3147 3989 3237 4062 de
3272 3989 3494 4062 feodis
3543 4000 3610 4060 et
3644 3988 3964 4082 proprie—

1151 4115 1412 4188 tatibus
1449 4115 1639 4208 quod
1672 4115 1872 4186 vobis
1902 4113 2286 4201 assumitis,
2325 4114 2397 4183 in
2436 4112 2955 4184 detencionibus
2993 4113 3400 4184 clericorum
3446 4131 3622 4204 quos
3662 4112 3961 4204 compel-

1150 4241 1290 4311 litis
1321 4249 1502 4310 stare
1525 4236 1791 4329 judicio
1822 4236 2143 4327 seculari,
2181 4236 2253 4305 in
2280 4235 2751 4308 exactionibus
2774 4237 2966 4308 factis
2987 4237 3057 4306 in
3090 4236 3430 4325 cenobiis,
3470 4234 3542 4304 in
3567 4233 3962 4305 hominibus

1152 4362 1274 4456 qui
1307 4370 1622 4433 tenentur
1656 4360 1728 4431 in
1760 4359 2190 4449 civitatibuS,
2230 4360 2300 4428 in
2327 4357 2599 4450 judicio
2630 4369 2701 4429 et
2733 4360 2997 4453 placitis
3034 4358 3472 4452 generalibus
3512 4377 3650 4450 que
3685 4356 3757 4426 in
3805 4357 3959 4449 qui-

1151 4484 1450 4557 busdam
1483 4484 1649 4556 locis
1679 4482 2021 4570 indicitis,
2062 4491 2132 4554 et
2163 4481 2232 4551 in
2265 4481 2590 4553 omnibus
2622 4481 3090 4570 libertatibuS,
3125 4479 3721 4573 Jurisdictionibus
3756 4488 3825 4552 et
3848 4479 3963 4571 ju-

1151 4607 1346 4677 ribus
1418 4607 1563 4677 suis
1620 4616 1688 4679 et
1747 4628 2065 4694 suorum,
2129 4625 2268 4697 que
2319 4603 2705 4677 diminuere
2746 4605 3124 4694 videmini3
3180 4625 3306 4677 nos
3356 4606 3697 4675 intuentes
3749 4604 3964 4698 ipsius

1150 4730 1380 4802 fidelia
1410 4732 1743 4826 obsequia
1770 4752 1908 4825 que
1945 4729 2143 4803 nobis
2178 4729 2494 4801 exhibuit
2543 4738 2610 4802 et
2642 4728 2929 4802 exhibet
2976 4732 3430 4817 incessanter,
3479 4728 3964 4800 renunciamus
