4842 5802
880 685 1077 743 lnntcr.
1110 682 1204 759 9.]
1786 675 2179 738 HISTORIA
2230 673 2813 735 DIPLOMATICA.
3578 675 3696 739 837

878 816 1334 891 communitas
1360 814 1461 887 eis
1483 822 1553 886 et
1584 834 1824 888 eorum
1859 811 2238 886 heredibus
2262 820 2331 883 et
2364 809 2515 906 (sic)
2540 812 2614 881 in·
2648 817 3056 905 perpetuum
3077 808 3594 884 confirmamus.'
3610 814 3695 885 Et

878 943 937 1015 si
964 941 1122 1036 quis
1151 938 1284 1010 hoc
1319 947 1625 1010 nostrum
1655 936 2096 1031 privilegium
2127 934 2388 1007 violare
2429 943 2499 1006 et
2532 931 2770 1005 fideles
2811 941 3076 1004 nostros
3111 932 3201 1005 de
3232 934 3688 1028 Supramonte

877 1072 1284 1159 attemptare
1306 1060 1821 1157 presumpserit,
1842 1059 2274 1155 imperatorie
2298 1056 2670 1150 majestatis
2682 1065 2752 1128 et
2774 1057 2988 1128 nostri
3013 1056 3336 1128 culminis
3357 1079 3434 1129 se
3458 1068 3696 1132 noscat

878 1187 1423 1283 indignationem
1460 1184 1805 1257 'incurisse
1846 1193 1915 1256 et
1959 1183 2236 1277 triginta
2277 1183 2482 1253 libras
2522 1181 2675 1253 auri
2728 1181 3150 1271 soluturum,
3210 1188 3507 1275 quarum
3548 1204 3691 1255 me-

877 1316 1103 1389 dietas
1134 1332 1413 1385 camere
1445 1320 1706 1401 nostre,
1748 1309 2082 1383 medietas
2111 1309 2524 1380 offensorum
2557 1304 2756 1378 cedat
2786 1306 3211 1400 profuturam
3242 1303 3405 1401 (sic).

971 1438 1193 1529 Hujus
1210 1436 1308 1508 rei
1336 1444 1542 1508 testes
1565 1444 1727 1506 sunt
1759 1461 1777 1504 ε
1811 1434 1891 1505 R.
1924 1430 2335 1506 venerabilis
2354 1428 2778 1501 Pataviensis
2804 1430 3194 1525 episcopus,
3222 1431 3305 1502 N.
3328 1432 3688 1505 Secowen-

875 1562 973 1634 sis
989 1561 1390 1655 episcopuS,
1450 1613 1469 1631 .
1535 1612 1553 1628 .
1614 1610 1634 1628 .
1687 1555 2218 1629 constantiensis
2237 1554 2626 1648 episcopus,
2697 1606 2715 1623 .
2777 1606 2795 1623 .
2860 1607 2876 1623 .
2920 1554 3262 1648 Spirensis
3285 1554 3674 1649 episcopus,

961 1739 977 1754 .
1040 1736 1057 1752 .
1092 1681 1402 1753 marchio
1438 1680 1527 1753 de
1560 1678 1836 1765 Baden‚
1892 1677 1967 1749 C.
2004 1688 2074 1749 et
2108 1675 2192 1749 G.
2224 1676 2509 1749 comites
2540 1676 2631 1747 de
2666 1676 3056 1767 Hohenloh,
3121 1730 3138 1748 .
3201 1731 3218 1747 .
3279 1732 3296 1747 .
3342 1679 3683 1772 burcgra-

878 1808 1036 1881 vius
1068 1807 1159 1879 de
1188 1803 1668 1894 Nurinberch,
1695 1804 1780 1876 H.
1813 1822 2044 1876 comes
2073 1800 2163 1873 de
2195 1800 2483 1889 Werde,
2522 1810 2591 1871 et
2623 1800 2739 1871 alii
2768 1801 3236 1895 quamplures·

968 1934 1218 2006 Datum
1246 1928 1438 2024 apud
1476 1931 1810 2022 Spiream,
1849 1947 2032 1999 anno
2068 1924 2411 1998 dominice
2434 1923 2922 1997 incarnationis
2952 1925 3313 1998 millesimo
3350 1924 3681 1999 ducente-

870 2059 1048 2130 simo
1077 2054 1423 2127 tricesimo
1450 2062 1649 2124 sexto
1669 2104 1690 2142 ,
1734 2071 1969 2124 mense
2003 2050 2272 2145 aprilis,
2313 2069 2495 2120 none
2526 2047 2948 2120 indictionis.

2814 2377 3257 2388 ———--——-

969 2678 1425 2781 FridericuS,
1456 2676 1978 2759 Romanorum
2012 2675 2452 2782 imperator,
2494 2700 2673 2757 cum
2701 2675 3141 2760 Alrammus
3168 2680 3262 2760 de
3289 2679 3517 2764 Halse
3541 2708 3680 2790 pro

865 2812 1168 2894 damnis
1221 2809 1771 2917 multiplicibus
1826 2807 2180 2890 ecclesiae
2225 2808 2543 2891 Sanctae
2587 2808 2866 2892 Mariae
2902 2812 3309 2919 superioris
3353 2840 3681 2898 monas-—

862 2946 1028 3027 terii
1065 2945 1145 3025 in
1182 2944 1595 3051 Ratispona
1634 2942 1901 3047 illatis,
1962 2941 2481 3049 satisfecisset,
2541 2952 2616 3024 et
2659 2968 2796 3050 per
2847 2946 3202 3027 nuntium
3257 2948 3682 3033 abbatissae

861 3079 1116 3161 curiae
1169 3076 1544 3186 imperiali
1594 3076 1962 3158 rationem
2011 3074 2543 3158 satisfactionis
2592 3087 3181 3186 praesentasset,
3241 3082 3494 3189 ipsum
3545 3084 3685 3164 in·-

862 3220 1373 3294 strumentum
1413 3209 1826 3314 Ali-ammi,
1871 3210 1970 3289 12
2006 3207 2260 3290 martii
2295 3209 2558 3290 datum
2579 3270 2602 3315 ,
2645 3210 2742 3292 de
2775 3210 3006 3294 verbo
3044 3212 3141 3293 ad
3177 3214 3493 3298 verbum
3539 3217 3670 3298 in-

862 3341 1041 3423 serit
1075 3351 1150 3423 et
1189 3341 1614 3424 confirmat.

2048 3441 2081 3453 *-

1026 3578 1220 3656 (Edit.
1257 3596 1350 3655 ap.
1387 3578 1649 3640 Monum-
1681 3579 1863 3652 Boic„
1899 3585 1946 3640 t.
1985 3578 2177 3654 XXX,
2221 3595 2285 3655 p.
2313 3588 2618 3655 244-245,
2652 3597 2820 3642 num.
2849 3582 3278 3657 Dccxxxlx,
3306 3601 3383 3645 ex
3408 3589 3676 3664 originali

1098 3683 1255 3744 unde
1280 3684 1538 3762 sigillum
1563 3687 1825 3745 maxime
1846 3685 2069 3746 laesum
2095 3685 2392 3762 appendet
2415 3701 2493 3746 ex
2514 3684 2629 3746 filis
2652 3689 2854 3748 sericis
2877 3687 3022 3749 flavi
3044 3695 3105 3749 et
3130 3688 3293 3750 rubri
3319 3691 3574 3770 coloris.)

956 3897 1386 3988 Fridericus,
1433 3898 1560 3971 Dei
1610 3898 1833 3993 gratia
1883 3898 2343 3972 Romanorum
2399 3897 2768 3993 imperator
2825 3921 3095 3997 semper
3145 3915 3509 3998 augustus,
3545 3911 3673 3981 Je—

858 4023 1154 4095 rusalem
1203 4033 1272 4095 et
1318 4023 1548 4096 Sicilie
1600 4046 1754 4096 rex.
1802 4023 1930 4095 Per
1974 4043 2255 4117 presens
2297 4022 2628 4119 scriptum
2691 4033 2933 4098 notum
2978 4025 3267 4101 facimus
3324 4031 3668 4105 universis

859 4147 1129 4243 imperii
1165 4147 1487 4220 fidelibus
1521 4157 1657 4221 tam
1692 4146 2126 4244 presentibus
2156 4169 2369 4241 quam
2418 4147 2667 4220 futuris
2712 4148 2904 4242 quod
2948 4171 3104 4222 cum
3153 4149 3547 4226 Alrammus
3584 4156 3674 4229 de

858 4272 1107 4345 Halsen
1125 4273 1566 4345 satisfecisset
1593 4272 1880 4346 ecclesie
1892 4272 2140 4344 Sancte
2156 4271 2371 4345 Marie
2385 4272 2759 4367 superioris
2771 4276 3164 4347 monasterii
3188 4275 3258 4347 in
3274 4277 3665 4373 Ratispona,

859 4416 981 4488 pro
1023 4394 1344 4490 dampnis
1371 4396 1597 4468 eidem
1628 4395 2039 4468 monasterio
2073 4394 2306 4488 illatis,
2345 4405 2575 4468 nostre
2599 4396 2988 4471 celsitudini
3013 4399 3353 4472 humiliter
3394 4404 3664 4498 suppli-

860 4519 1042 4591 cavit
1072 4521 1401 4614 quatinus
1434 4521 1765 4616 scriptum
1805 4519 1995 4613 quod
2034 4540 2242 4616 super
2268 4520 2530 4594 eadem
2557 4521 3054 4611 satisfactione,
3115 4523 3294 4595 sicut
3328 4546 3448 4620 per
3486 4548 3669 4598 nun-

864 4640 1035 4711 tium
1067 4644 1480 4715 venerabilis
1519 4643 1868 4715 abbatisse
1915 4643 2307 4717 monasterii
2356 4646 2707 4716 memorati
2736 4646 2924 4719 curie
2962 4659 3191 4719 nostre
3240 4648 3273 4717 s
3272 4658 3459 4721 uerat
3511 4672 3665 4745 pre-

858 4771 1242 4856 sentatum,
1285 4766 1474 4841 dicto
1525 4767 1944 4842 monasterio
1987 4769 2272 4862 fecerat,
2311 4776 2381 4841 et
2426 4790 2508 4841 ea
2556 4791 2697 4864 que
2755 4771 3191 4844 continentur
3243 4773 3314 4843 in
3363 4794 3481 4864 eo,
3520 4784 3668 4848 rata
