4842 5802
865 613 1062 675 Inmcr.
1094 610 1183 690 9.]
1762 609 2158 673 HISTORIA
2205 608 2793 672 DIPLOMATICA.
3570 610 3691 673 839

971 1134 1204 1217 Beata
1272 1133 1662 1218 Elizabeth
1718 1134 1840 1246 (1)
1904 1135 1985 1217 in
2039 1135 2401 1245 Marpurg
2453 1134 2823 1218 translata
2874 1141 2989 1215 est
3050 1132 3397 1217 kalendis
3451 1134 3682 1241 maii,
3805 1155 4038 1255 fffm·

866 1277 1260 1376 praesente
1295 1268 1748 1378 imperatore
1783 1279 1858 1351 et
1900 1268 2162 1351 multis
2206 1268 2703 1378 principibuS.
2746 1267 2988 1350 Tanta
3033 1266 3139 1349 ibi
3192 1275 3355 1348 erat
3407 1266 3686 1349 multi-

865 1402 1054 1485 tudo
1106 1402 1509 1484 hominum
1563 1411 1934 1510 quantam
1989 1427 2071 1484 se
2122 1426 2348 1483 nemo
2409 1425 2758 1509 unquam
2813 1399 3158 1481 meminit
3210 1399 3489 1508 pariter
3541 1426 3686 1481 as·-

868 1533 1189 1642 pexisse.
1208 1593 1263 1615 ..
1306 1534 1615 1618 Postera
1649 1535 1772 1617 die
1812 1535 2225 1642 imperator
2242 1534 2374 1615 ivit
2389 1532 2894 1616 Wetflariam.
2939 1530 3255 1614 Annam.
3297 1532 3683 1637 smmis„

871 1668 967 1747 ad
1003 1694 1184 1748 ann.
1229 1694 1309 1775 p.
1344 1668 1537 1749 210.
1561 1668 1850 1750 -Hoc
1887 1692 2091 1750 anno
2121 1666 2470 1748 kalendis
2506 1665 2688 1745 maii
2724 1664 3078 1749 Marburc
3111 1664 3507 1746 translatio
3543 1691 3686 1748 so-

868 1799 1143 1883 lemnis
1180 1800 1380 1883 facta
1415 1811 1528 1884 est
1565 1810 1871 1883 sanctae
1903 1800 2290 1884 Elizabeth
2310 1861 2334 1904 ‚
2385 1806 2781 1907 praesente
2814 1798 3193 1881 Friderico
3241 1799 3691 1907 imperatore

868 1956 960 2013 ac
994 1931 1241 2014 tribus
1298 1932 1878 2042 archiepiscopis
1919 1932 2400 2041 MoguntinO,
2448 1930 2914 2034 Coloniensi,
2964 1929 3381 2012 Bremensi.
3425 1930 3565 2013 Ubi
3600 1957 3691 2013 ex

868 2063 1076 2146 illius
1108 2065 1411 2148 ossibus
1448 2064 1703 2148 oleum
1739 2064 2300 2149 evidentissime
2335 2063 2761 2147 desudavit.
2803 2062 3142 2146 chronic.
3185 2062 3504 2170 Ersord.
3556 2090 3682 2171 ap.

867 2195 1252 2305 Boanum,
1292 2206 1583 2298 Fontem,
1631 2206 1690 2280 t.
1741 2198 1845 2301 11,
1897 2225 1980 2306 p.
2022 2200 2208 2282 596.
2241 2197 2803 2304 —Imperator
2854 2196 3141 2278 interea
3172 2196 3560 2279 descendit
3610 2197 3692 2278 in

870 2338 1207 2414 castrum
1244 2331 1532 2414 dictum
1588 2330 1996 2416 Marburch
2011 2391 2035 2434 ‚
2099 2329 2232 2413 ubi
2287 2331 2366 2410 in
2437 2329 2786 2412 kalendis
2857 2329 3039 2410 maii
3110 2328 3689 2411 innumerabilis

871 2462 1134 2572 populi
1170 2462 1383 2547 affuit
1417 2463 1856 2546 multitudo.
1899 2463 2095 2549 Nam
2133 2487 2181 2544 a
2219 2461 2483 2543 multis
2520 2461 3023 2571 prudentibus
3047 2461 3451 2543 duodecies
3487 2487 3686 2544 cen-

870 2606 1039 2679 tum
1101 2595 1344 2677 millia
1416 2596 1821 2679 hominum
1865 2594 2280 2704 promiscui
2335 2619 2562 2677 sexus
2606 2594 2956 2676 estimata
3017 2604 3197 2676 sunt
3247 2595 3689 2676 convenisse

872 2729 973 2813 ad
1002 2712 1454 2811 memoriam
1491 2738 1704 2811 sanct
1713 2754 1800 2812 ae
1852 2728 2124 2812 viduae
2171 2725 2616 2832 Elizabeth,
2673 2725 2792 2835 cuj
2801 2751 2891 2808 us
2938 2724 3365 2835 glorificum
3412 2752 3687 2835 corpus

871 2863 974 2945 ad
1024 2887 1332 2973 capsam
1387 2888 1702 2947 auream
1755 2871 1870 2946 est
1921 2860 2378 2944 translatum
2432 2859 2874 2943 auctoritate
2928 2859 3210 2941 summi
3265 2858 3638 2966 pontificis
3661 2920 3686 2966 ,

870 2995 1006 3105 qui
1041 2997 1190 3080 hoc
1222 2997 1618 3108 negotium
1662 2996 1908 3079 tribus
1948 2994 2319 3105 episcopis
2363 2992 2782 3101 commisit,
2820 2992 3165 3077 videlicet
3212 2994 3686 3103 Maguntin0‚

872 3129 1312 3215 Treverensi
1364 3141 1440 3214 et
1481 3129 2060 3233 Hildesemensi‚
2119 3151 2569 3238 quanquam
2620 3126 2728 3210 ibi
2781 3125 3005 3209 multi
3055 3125 3185 3207 alii
3237 3126 3565 3235 episcopi
3618 3135 3694 3208 et

871 3262 1249 3372 principes
1323 3261 1742 3346 affuissent.
1816 3262 1986 3371 Ipse
2046 3260 2275 3344 etiam
2343 3260 2759 3368 imperator
2825 3258 3126 3367 primus·
3183 3256 3516 3385 lapidem
3599 3259 3694 3340 de

876 3396 1348 3504 sarcophago
1409 3393 1682 3478 levavit
1753 3403 1830 3477 et
1897 3418 2262 3476 coronam
2332 3417 2644 3474 auream
2710 3389 2806 3472 de
2876 3415 3019 3472 suo
3068 3389 3425 3472 thesauro
3480 3417 3696 3474 sacro

877 3525 1102 3633 capiti
1156 3527 1676 3609 sanctissimae
1726 3526 1999 3609 viduae
2054 3524 2445 3633 imposuit.
2503 3523 2616 3607 Ibi
2674 3532 2971 3632 praeter
3025 3521 3271 3605 multa
3324 3524 3694 3607 miracula

877 3657 1132 3739 oleum
1168 3659 1265 3741 de
1320 3685 1535 3741 sacro
1577 3683 1893 3766 corpore
1926 3655 2245 3762 effluxit,
2285 3666 2429 3738 etc.
2472 3655 2789 3738 Genera.
2835 3655 3100 3737 Conon.
3143 3681 3268 3762 ap.
3312 3654 3692 3762 Boanum,

880 3796 1168 3889 Fontes,
1214 3799 1274 3872 t.
1316 3790 1414 3893 ΙΙ,
1446 3817 1526 3899 p.
1572 3792 1759 3872 568.
1801 3835 1910 3852 —
1948 3788 2065 3871 Cf.
2106 3788 2301 3871 Hist.
2342 3799 2656 3868 monast.
2693 3793 2773 3868 S.
2815 3792 3042 3867 Laur.
3084 3789 3302 3869 Leod.
3336 3812 3461 3895 ap.
3495 3787 3700 3871 Maa-

877 3950 1093 4029 rsmz,
1153 3924 1455 4006 Collect.
1508 3920 1883 4032 ampliss„
1928 3931 1987 4003 t.
2029 3920 2158 4029 IV,
2200 3947 2279 4030 p.
2329 3920 2563 4003 1098.

1733 4089 1861 4099 ..b-

2645 4086 2798 4093 ·—-—-
2809 4086 2912 4093 -ια-
2923 4087 2966 4093 -.-
2979 4086 3292 4094 ...οος-οο--ᾳο

1188 4093 1523 4100 ————--—————

951 4161 1020 4235 (4)
1055 4160 1351 4233 Elisabeth,
1381 4154 1625 4220 Andreae
1647 4161 1790 4234 regis
1815 4159 2186 4233 nungarorum
2212 4158 2319 4215 filia
2334 4200 2348 4229 ,
2383 4155 2633 4214 Ludovici
2656 4155 2977 4228 Thuringiae
3005 4155 3286 4228 lantgravii
3317 4173 3470 4228 uxor,
3503 4160 3571 4214 49
3603 4173 3695 4214 no-

879 4259 1062 4316 vemb.
1094 4263 1224 4317 4234
1273 4260 1505 4318 decessit
1533 4260 1673 4335 apud
1713 4258 1965 4331 Marburg
1994 4257 2086 4314 ubi
2126 4256 2340 4330 sepulta
2374 4253 2645 4312 miraculis
2678 4252 2889 4310 claruit.
2933 4252 3086 4311 Anno
3121 4257 3260 4311 4235
3294 4258 3355 4310 4ο
3374 4254 3511 4328 junii
3543 4270 3696 4312 sanc-

881 4362 1059 4413 torum
1084 4357 1325 4430 catalogo
1346 4372 1379 4414 a
1407 4357 1667 4431 Gregorio
1694 4370 1836 4430 papa
1860 4354 1962 4411 fuit
1987 4354 2275 4428 adscripta.
2314 4351 2652 4410 Lutherianis
2678 4349 3006 4424 temporibus
3023 4351 3142 4423 ejus
3163 4365 3287 4408 ossa
3313 4349 3382 4408 ad
3403 4352 3694 4423 vitandam,

882 4458 943 4509 ut
965 4453 1243 4525 dicebant,
1275 4455 1725 4529 superstitionem,
1754 4454 1809 4510 in
1835 4452 2025 4525 angulo
2054 4451 2311 4509 ecclesiae
2339 4449 2650 4507 abscondita
2670 4448 2762 4504 diu
2780 4446 3067 4518 latuerunt,
3087 4463 3314 4520 quorum
3338 4463 3464 4521 pars
3487 4449 3700 4507 inventa

885 4549 1098 4607 tandem
1129 4551 1226 4607 fuit
1243 4555 1314 4611 20
1338 4552 1458 4625 julii
1490 4554 1650 4622 4854,
1676 4552 1804 4609 dum
1832 4549 2204 4608 restaurationi
2232 4547 2494 4606 ecclesiae
2519 4545 2737 4619 opifices
2762 4560 2955 4602 manus
2979 4545 3342 4602 admoverent.
3373 4547 3547 4621 Capsa
3570 4561 3700 4605 auro

885 4651 941 4701 et
968 4648 1194 4718 gemmis
1225 4649 1475 4707 decorata
1502 4657 1559 4707 et
1588 4665 1752 4707 aurea
1775 4664 1969 4706 corona
1997 4663 2151 4705 sacro
2174 4645 2336 4720 capiti
2360 4645 2611 4718 imposita
2631 4644 2747 4716 jam
2773 4643 2972 4699 dudum
2987 4643 3333 4716 spoliatorum
3353 4643 3701 4717 rapacitatem

888 4755 995 4798 non
1017 4750 1322 4803 evaserant.
1352 4745 1434 4804 Ct'.
1461 4762 1601 4818 quae
1627 4746 1892 4805 notaverit
1918 4746 2278 4816 mannus,
2301 4743 2506 4816 Reqest.
2529 4742 2782 4817 imperii,
2811 4757 2869 4814 p.
2903 4743 3024 4798 466.
