4842 5802
1204 656 1361 718 1006
2122 658 2375 719 lNDEX
2424 656 3120 723 DOCUMENTORUM.

1244 864 1461 939 1255
1536 930 1545 944 .

1227 997 1301 1050 26
1322 1006 1462 1067 aug.
1512 991 1583 1051 In
1613 990 1821 1051 castris
1847 1005 1943 1066 ap.
1981 986 2322 1066 Bereltoldus
2345 988 2788 1070 Arqmtincnsis
2817 989 3105 1068 episcopus
3124 1006 3300 1066 super
3325 989 3480 1050 fado
3505 990 3749 1050 claustri
3776 989 3850 1049 de
3878 990 4037 1051 Gen-

1237 1155 1461 1231 1254
1530 1089 1934 1163 anaspum,
2058 1085 2323 1164 genbmh
2349 1085 2749 1147 V¹⁸¹t⁸t⁰r¹b⁰⁸
2775 1084 2944 1146 Μ
2967 1086 3337 1162 ΑΡῡὸῐΟΙίωθ
3363 1085 3588 1146 scribit.
3636 1094 3775 1159 620,
3812 1091 3939 1147 not.
3972 1095 4027 1146 i.

1256 1285 1446 1359 [anno
1519 1322 1868 1344 ......
1931 1322 1944 1336 .
1984 1280 2153 1361 Huqo
2171 1278 2565 1340 Mur-mmsis
2586 1276 2762 1339 abbas
2784 1295 2890 1356 per
2914 1283 3263 1341 sententiam
3291 1279 3508 1342 diffinit
3540 1281 3804 1341 homines
3829 1282 4033 1343 Sancti

1207 1381 1486 1456 ineunte]
2057 1379 2196 1440 Ursi
2235 1380 2310 1439 ad
2345 1378 2652 1438 ecclesiam
2686 1377 3131 1438 solodoreusem
3165 1380 3451 1455 pertinere
3483 1384 3546 1438 et
3577 1377 3896 1457 burgenses
3922 1378 4032 1439 So·

2057 1477 2390 1538 lodorenses
2421 1478 2647 1537 nullam
2679 1475 2755 1537 de
2781 1479 2919 1554 jure
2944 1479 3005 1538 in
3043 1479 3186 1555 ipsis
3223 1478 3560 1539 hominibus
3585 1477 3803 1539 babere
3840 1482 4036 1555 potes-

2058 1579 2261 1634 tatem.
3917 1581 4027 1634 641

1261 1666 1441 1751 [circa
1729 1709 1746 1727 .
1801 1667 4036 1750 ...SifiidusMaquntinusarclaiepiscopmetsmterBernac-dmdeor-

1229 1767 1489 1827 medium
2062 1766 2200 1827 dine
2234 1767 2702 1843 praedicatorum
2730 1783 2915 1845 papae
2940 1768 3273 1829 rescribunt
3287 1767 3584 1845 quomodo
3611 1783 3649 1828 a
3667 1766 3936 1828 Conrado
3962 1766 4036 1827 de

1208 1858 1491 1942 aprilem-J
2060 1865 2344 1942 Marburg
2388 1864 2569 1924 fuerit
2612 1867 2673 1924 in
2712 1867 2952 1944 negotio
2987 1865 3411 1925 haereticorum
3457 1881 3831 1942 processum3
3874 1879 4038 1924 nun·-

2061 1963 2215 2021 tiant
2240 1978 2301 2020 se
2327 1963 2521 2037 primo
2549 1963 2706 2039 apud
2733 1962 3211 2039 Francofurtum,
3243 1961 3456 2022 deinde
3482 1962 3639 2040 apud
3667 1963 4035 2040 Mognntiam

2064 2061 2335 2120 comitem
2373 2059 2448 2118 de
2484 2059 2655 2119 Seiae
2698 2066 2758 2120 et
2798 2060 2942 2120 alios
2987 2060 3303 2121 infamatos
3357 2062 3420 2121 in
3460 2062 3777 2137 pristinum
3817 2065 4035 2119 statum

2064 2157 2409 2226 restituisse,
2441 2162 2557 2216 etc.
3919 2163 4035 2215 649

1235 2264 1305 2316 17
1336 2254 1465 2316 dec.
1566 2247 1906 2311 Mediolani.
1986 2249 2292 2311 anselmus
2326 2250 2396 2311 dc
2411 2253 2722 2333 Justinqen
2748 2250 3122 2314 marescalcus
3146 2260 3208 2314 et
3243 2250 3570 2314 walchem
3594 2252 3664 2313 dc
3696 2249 4040 2333 manha-q

2067 2344 2397 2426 capellanus
2450 2349 2686 2407 chrici
2739 2349 3127 2409 Romanorum
3194 2350 3346 2430 nqis
3401 2351 3607 2410 ineunt
3664 2348 4036 2409 concordiam

2062 2462 2202 2506 cum
2243 2445 2782 2507 Mediolanensibus
2813 2453 2875 2506 et
2906 2447 3399 2509 ambassatoribus
3428 2448 3721 2508 societatis
3747 2446 4036 2507 Lombar·

2064 2544 2227 2616 diae,
2258 2544 2370 2605 sub
2396 2546 2570 2604 certis
2594 2544 3025 2605 conditionibus
3062 2544 3281 2606 ibidem
3322 2546 3615 2622 expressis
3656 2560 3805 2620 quas
3838 2547 4038 2621 jurare

2065 2640 2362 2701 debebunt
2389 2640 2545 2700 idem
2575 2657 2678 2700 rex
2705 2646 2766 2700 et
2789 2640 3172 2703 Alemanniae
3196 2643 3510 2719 principes.
3922 2649 3954 2699 7
3961 2648 4037 2699 04

1659 2777 1677 2797 .
1725 2780 1739 2796 .
1803 2777 1820 2794 .
1875 2776 1893 2793 .
1936 2774 1954 2792 .
1989 2736 2248 2818 Sg'fridus
2298 2738 2669 2817 Μοφιηιίπω
2718 2735 3168 2817 archiepiscopus
3227 2737 3493 2798 Conrado
3551 2736 4038 2797 Hildesheimensi

2064 2838 2334 2914 episcopo
2362 2836 2566 2895 scribit
2590 2852 2656 2896 se
2683 2835 2760 2896 ab
2782 2839 3131 2915 imperatore
3157 2842 3454 2909 vocatum,
3479 2836 3598 2896 diei
3623 2839 3685 2896 et
3709 2834 3923 2913 placito
3945 2836 4038 2895 in-

2065 2940 2155 2994 ter
2184 2937 2381 3010 ipsum
2409 2936 2744 3011 episcopum
2774 2938 2834 2993 et
2870 2934 3081 2995 ducem
3112 2934 3186 2994 de
3211 2932 3565 2995 Brunswick
3590 2935 3910 2994 constituto
3939 2932 4036 2997 in·

1239 2995 1461 3072 ¹255
2066 3037 2280 3091 teresse
2305 3047 2428 3090 non
2453 3047 2644 3107 posse.
3644 3039 3783 3103 502,
3813 3036 3941 3095 not.
3976 3038 4036 3093 i.

1219 3131 1292 3182 22
1339 3122 1489 3182 febr.
1579 3123 1909 3201 Ap.West-
1992 3127 2273 3185 Hem-icus
2306 3143 2415 3185 rex
2447 3123 2695 3206 Anqliac
2719 3128 2786 3185 in
2809 3126 3007 3186 dotem
3033 3125 3315 3187 leubellae
3339 3129 3552 3188 sororis
3578 3143 3721 3188 suae
3746 3126 4040 3189 friderico

1525 3223 1958 3282 monasterium.
2070 3225 2405 3299 imperatori
2434 3222 2819 3292 maritandae,
2835 3223 3073 3299 triginta
3102 3223 3287 3284 millia
3311 3239 3642 3285 marcarum
3673 3225 3902 3301 argenti
3930 3238 4039 3298 op-

2070 3323 2198 3380 timi
2229 3320 2641 3399 sterlingorum
2666 3319 2945 3379 solvenda
2970 3319 3047 3379 ad
3073 3321 3350 3381 terminos
3382 3320 3600 3383 ibidem
3627 3326 3879 3381 statutos
3905 3335 4038 3397 pro·

1245 3384 1462 3462 1236
2068 3419 2271 3477 mittit.
3641 3426 3781 3496 528,
3814 3422 3941 3476 not.
3978 3425 4037 3476 ι.

1221 3522 1298 3573 24
1341 3513 1490 3573 febr.
1655 3514 1830 3591 Apud
1989 3516 2288 3576 Friderico
2327 3514 2727 3574 Romanorum
2766 3515 3102 3589 imperatori
3150 3515 3371 3593 gratias
3419 3516 3546 3592 agit
3591 3514 3754 3592 quod
3804 3516 3860 3573 ei
3912 3512 4040 3589 pla·

1537 3612 1941 3675 Windsoram.
2069 3615 2255 3673 cuerit
2293 3629 2495 3672 casum
2540 3612 2871 3672 inauditum
2906 3613 3012 3689 qui
3041 3613 3103 3672 in
3140 3610 3403 3687 partibus
3428 3611 3804 3672 Alamanniae
3828 3609 4043 3670 accidIt

2069 3711 2182 3769 sibi
2216 3711 2675 3779 communicare;
2707 3710 3050 3785 magistrum
3077 3706 3425 3767 Gualterum
3451 3707 3549 3783 [de
3575 3706 3750 3782 Ocra]
3784 3709 4043 3782 impera-

2070 3808 2215 3866 toris
2240 3806 2517 3865 clericum
2557 3820 2735 3881 quem
2773 3804 2967 3865 adbuc
3003 3819 3181 3880 penes
3216 3819 3282 3864 se
3317 3804 3587 3881 retlnuit,
3625 3803 3735 3864 sub
3770 3804 4042 3879 proximo

2070 3904 2438 3962 remissurus.
3924 3907 4037 3959 809

1224 4006 1299 4058 30
1315 3999 1491 4074 junii.
1655 3996 1834 4073 Apud
1992 3998 2349 4061 Fridericum
2382 3998 2790 4058 Romanorum
2824 3997 3233 4073 imperatorem
3267 4002 3469 4057 monet
3498 4013 3561 4058 se
3592 4013 3777 4074 papae
3804 4002 3866 4057 et
3908 4011 4041 4056 car-

1566 4095 1917 4156 Bristollam.
2069 4095 2364 4156 dinalibus
2388 4111 2565 4172 super
2590 4096 2827 4173 negotio
2851 4094 3313 4155 Lombardorum
3345 4111 3453 4172 pro
3479 4095 3607 4171 ipso
3642 4093 4034 4170 supplicasse3

2068 4199 2129 4252 et
2145 4194 2218 4252 de
2236 4194 2522 4253 solutione
2540 4191 2874 4268 quindecim
2900 4191 3152 4251 millium
3180 4207 3510 4251 marcarum
3532 4194 3593 4251 in
3614 4191 3833 4268 quibus
3858 4192 4038 4267 impe·

1246 4260 1468 4337 ¹255
2068 4292 2248 4350 ratori
2273 4295 2529 4362 tenetur,
2556 4290 2823 4350 inducias
2852 4289 2964 4349 sibi
2991 4289 3230 4350 concedi
3258 4291 3420 4366 petit.
3469 4298 3738 4364 883,884
3758 4295 3818 4348 et
3832 4294 3956 4350 not.
3972 4296 4032 4348 2.

1219 4399 1293 4449 22
1341 4391 1489 4451 febr.
1542 4383 1655 4462 Ap.
1677 4384 1941 4447 London.
1989 4386 2199 4446 Petm
2220 4384 2290 4445 de
2319 4386 2517 4461 Vinea,
2539 4382 2855 4465 imperialis
2878 4387 3073 4445 cuv-iae
3081 4384 3294 4466 judex,
3323 4386 3606 4447 Friderici
3632 4387 4036 4447 Romanorum

2065 4485 2433 4560 imperatoris
2473 4490 2817 4559 procurator
2853 4490 2912 4543 et
2949 4486 3214 4557 nuntius,
3243 4489 3608 4544 contractum
3634 4482 4039 4543 matrimonia-

2068 4581 2183 4640 lem
2226 4582 2399 4639 inter⁴
2410 4579 2681 4640 eumdem
2718 4582 3131 4656 imperatorem
3158 4583 3219 4639 et
3256 4578 3565 4640 Isabellam
3603 4580 3757 4657 regis
3793 4577 4042 4655 Angliae

2067 4693 2328 4737 sororem
2352 4677 2538 4755 redigi
2567 4675 2769 4754 jubet,
2799 4681 2859 4736 et
2892 4676 2967 4737 de
2991 4676 3231 4736 dodario
3268 4676 3621 4754 assignando
3641 4677 4041 4752 juramentum

2067 4777 2344 4848 praestat.
3922 4776 4036 4828 522
