4842 5802
936 655 1136 717 mter.
1169 646 1254 730 9.]
1835 637 2233 700 HISTORIA
2284 635 2873 704 DIPLOMATICA.
3643 639 3770 704 819

1181 781 1604 850 Senonum,
1631 769 1825 836 alsat.
1857 769 2185 851 diplomat„
2215 778 2263 833 t.
2293 771 2345 846 1,
2374 788 2436 848 p.
2472 781 2611 833 ⁴00.
2642 773 2840 852 Hujus
2865 774 3158 853 privilegii
3190 773 3476 853 originale
3507 774 3779 853 integer-

1182 891 1402 949 rimum
1425 887 1760 945 asservatur
1784 882 1849 943 in
1873 880 2114 942 archivo
2140 880 2397 941 civitatis
2421 879 2804 957 Argentiuae.
2830 881 3106 963 Sigillum
3129 897 3298 945 carae
3324 881 3536 946 rubrae
3562 882 3779 960 pendet

1179 992 1298 1053 filis
1322 991 1521 1053 sericis
1542 989 1749 1049 viridis
1775 993 1836 1048 et
1861 987 2258 1048 amaranthiul
2283 987 2546 1068 coloris.)

1036 1182 1117 1256 In
1149 1178 1430 1253 nomine
1477 1183 1714 1251 sancte
1762 1183 1835 1247 et
1865 1171 2236 1246 individue
2260 1170 2635 1246 Trinitatis.
2676 1172 3070 1247 Fridericus
3100 1170 3489 1265 secundus,
3531 1172 3778 1248 divina

941 1307 1220 1381 favente
1247 1299 1610 1375 clementia
1644 1298 2108 1372 Romanorum
2144 1293 2516 1390 imperator
2555 1316 2831 1392 semper
2866 1305 3240 1390 augustus,
3296 1295 3672 1369 Jerusalem
3709 1306 3779 1370 et

938 1428 1173 1503 Sicilie
1199 1446 1353 1499 rex.
1408 1421 1812 1516 Augustalis
1860 1418 2133 1517 pietatis
2193 1420 2532 1492 immensa
2584 1420 2944 1492 clementia
2991 1441 3231 1493 eorum
3288 1419 3672 1493 commodis
3707 1431 3779 1493 et

944 1550 1325 1626 honoribus
1363 1546 1688 1644 hylariori
1728 1545 1931 1620 vultu
1977 1544 2338 1618 consuevit
2389 1543 2748 1617 intendere
2783 1565 2962 1639 quos
2989 1542 3060 1615 in
3098 1543 3245 1616 suis
3277 1542 3630 1637 obsequiis
3665 1542 3785 1638 pia

944 1686 1016 1750 et
1046 1682 1358 1771 prompta
1385 1671 1736 1746 voluntate
1768 1666 2114 1742 desudare
2142 1666 2462 1760 cognovit
2487 1666 2917 1763 experientia
2936 1664 3232 1739 certiori.
3259 1663 3430 1739 inde
3456 1665 3780 1760 estquod

950 1820 1077 1872 uos
1104 1794 1541 1871 advertentes
1568 1814 1779 1889 quam
1816 1791 2085 1864 sincero
2111 1788 2358 1863 affectu
2396 1790 2646 1863 civitas
2677 1789 3198 1884 Argentinensis
3212 1788 3512 1862 servitiis
3530 1790 3781 1862 nostris

950 1944 1027 1996 se
1065 1920 1393 2018 exposuit
1441 1926 1514 1992 et
1569 1916 1865 2013 qualiter
1912 1937 2039 2012 per
2087 1913 2607 1989 evidentissima
2656 1915 3146 2011 obsequiorum
3199 1934 3484 1985 suorum
3539 1913 3782 1986 merita

953 2045 1328 2142 imperialis
1357 2042 1729 2136 majestatis
1764 2039 1897 2113 sibi
1932 2038 2297 2134 specialem
2336 2036 2620 2110 induxit
2652 2039 2941 2133 gratiam
2976 2048 3044 2111 et
3082 2033 3543 2129 favoremfad
3581 2056 3784 2109 com-

952 2192 1236 2244 munem
1281 2167 1648 2240 utilitatem
1700 2162 1997 2237 civitatis
2050 2160 2568 2256 Argentinensis
2616 2162 3010 2257 pariterque
3059 2161 3389 2234 bonorem
3445 2160 3520 2230 in
3573 2180 3786 2231 evum

951 2287 1504 2389 promovendum
1527 2345 1543 2375 ‚
1598 2287 1973 2381 gratiosum
2025 2285 2333 2357 favorem
2389 2292 2698 2357 nostrum
2749 2283 3086 2359 duximus
3132 2281 3655 2357 concedendum
3710 2295 3790 2355 ut

951 2415 1279 2510 exemplo
1302 2411 1772 2487 retributionis
1798 2408 1948 2502 ejus
1989 2428 2203 2502 quam
2236 2425 2363 2503 pro
2393 2407 2695 2480 servitiis
2728 2408 2874 2479 suis
2916 2414 3287 2479 memorate
3315 2405 3575 2479 civitati
3617 2427 3786 2478 con·

955 2540 1329 2627 cessimuS,
1372 2536 1506 2609 alie
1537 2554 1820 2630 quoque
1850 2532 2164 2606 civitates
2202 2530 2476 2626 imperii
2521 2528 2819 2625 proniori
2861 2531 3219 2604 voluntate
3251 2528 3342 2602 ad
3374 2539 3606 2601 nostra
3630 2548 3795 2601 ser-

960 2662 1133 2736 vitia
1188 2659 1565 2735 ferventius
1616 2657 2028 2731 animentur.
2090 2656 2342 2728 Notum
2390 2655 2482 2727 sit
2534 2654 2747 2748 igitur
2793 2653 3118 2727 omnibus
3170 2662 3309 2725 tam
3354 2652 3790 2748 presentibus

954 2808 1169 2883 quam
1196 2785 1445 2857 futuris
1474 2782 1665 2877 quod
1696 2802 1827 2854 nos
1860 2777 2285 2876 sepedictam
2318 2779 2671 2851 civitatem
2691 2778 3262 2873 Argentinensem
3285 2798 3443 2849 cum
3466 2774 3792 2849 omnibus

957 2911 1113 3004 ejus
1143 2909 1383 2982 incolis
1412 2909 1549 2980 sub
1577 2906 1858 3002 speciali
1884 2903 2306 2977 defensionis
2342 2912 2575 2976 nostre
2609 2904 2828 2995 gratia
2863 2901 3306 2998 recipientes,
3347 2898 3438 2973 de
3472 2899 3792 2973 liberali—

956 3043 1099 3108 tate
1124 3032 1340 3107 nostri
1377 3027 1698 3105 culminis
1732 3030 1864 3125 ipsi
1903 3028 2167 3101 civitati
2206 3026 2654 3121 indulgemus
2688 3036 2758 3099 et
2804 3027 2876 3099 in
2925 3045 3135 3099 evum
3186 3022 3673 3097 confirmamus
3715 3035 3793 3096 ut

960 3157 1387 3251 ubicumque
1427 3154 1648 3251 ipsius
1697 3152 1995 3226 civitatis
2042 3151 2428 3245 burgenses
2460 3171 2586 3247 per
2622 3157 2832 3223 totam
2865 3147 3293 3247 provinciam
3334 3147 3594 3221 Alsatie
3628 3169 3794 3244 pro-

964 3283 1287 3378 prietates
1312 3280 1580 3375 aliquas
1606 3279 1757 3351 sive
1778 3298 2252 3371 quascumque
2280 3276 2745 3372 possessiones
2770 3273 3174 3362 habuerint,
3215 3271 3389 3345 nulli
3417 3273 3681 3345 licitum
3704 3273 3797 3345 sit

965 3404 1060 3477 de
1092 3402 1229 3475 hiis
1266 3401 1795 3497 proprietatibus
1822 3402 1973 3473 sive
2000 3399 2554 3495 possessionibus
2586 3399 2701 3473 vel
2753 3409 2823 3471 et
2856 3397 3251 3470 hominibus
3287 3418 3525 3469 eorum
3556 3397 3793 3469 servi-

968 3527 1142 3598 tium
1197 3524 1482 3618 aliquod
1535 3524 1844 3618 accipere
1896 3531 2017 3596 aut
2068 3523 2353 3615 exigere
2389 3523 2506 3595 vel
2559 3522 2767 3594 etiam
2822 3521 3232 3615 cujusquam
3281 3520 3586 3616 precarie
3642 3520 3797 3595 sive

966 3648 1353 3721 exactionis
1395 3667 1570 3718 onus
1610 3646 1712 3718 eis
1746 3646 2143 3742 imponere,
2199 3646 2530 3739 quoniam
2560 3666 2688 3716 nos
2724 3645 2980 3718 dictam
3010 3645 3356 3719 civitatem
3384 3666 3542 3716 cum
3570 3644 3795 3716 omni·

966 3773 1103 3845 bus
1124 3772 1277 3864 ejus
1307 3769 1738 3867 pertinentiis
1771 3776 1910 3843 tam
1936 3770 2125 3841 intus
2150 3790 2362 3863 quam
2390 3778 2586 3841 extra
2615 3767 2706 3840 ad
2740 3767 3035 3863 speciale
3073 3764 3482 3862 obsequium
3525 3767 3793 3863 imperii

970 3894 1409 3969 decrevimus
1462 3912 1839 3966 reservare.
1896 3893 2211 3965 Preterea
2246 3891 2764 3980 constituimuS,
2822 3888 3236 3963 tradidimus
3287 3900 3357 3962 et
3395 3891 3800 3963 auctoritate

968 4017 1307 4114 imperiali
1337 4037 1819 4112 consensuque
1846 4017 2234 4113 principum
2266 4023 2658 4088 nostrorum
2700 4012 3259 4087 confirmavimus
3309 4013 3697 4086 institutum
3725 4024 3798 4087 et

961 4146 1079 4236 jus
1100 4141 1458 4237 quoddam
1494 4140 1686 4235 quod
1722 4141 1914 4215 cives
1945 4139 2154 4213 iidem
2187 4139 2582 4211 babuerunt
2614 4160 2656 4211 a
2689 4136 2874 4213 divis
2905 4138 3220 4233 augustis
3242 4137 3799 4233 progenitoribus

971 4266 1222 4339 nostris
1273 4265 1592 4337 Lothario
1626 4273 1696 4337 et
1727 4264 2045 4360 Philippo
2085 4265 2547 4336 Romanorum
2584 4263 2866 4358 regibus
2902 4261 3228 4334 memorie
3264 4258 3626 4335 recolende
3659 4286 3678 4329 t
3721 4272 3801 4335 ut

972 4409 1332 4484 nunquam
1374 4387 1448 4461 in
1483 4390 1638 4462 loco
1682 4388 1916 4483 aliquo
1950 4409 2075 4485 per
2111 4407 2472 4483 personam
2504 4387 2810 4482 aliquam
2851 4385 3383 4459 ecclesiasticam
3426 4386 3541 4457 vel
3594 4405 3797 4458 secu·

972 4514 1183 4587 larem
1230 4534 1471 4586 eorum
1524 4510 1778 4608 aliquis
1817 4508 2236 4607 impediatur
2267 4515 2388 4582 aut
2445 4510 2848 4582 molestetur
2889 4507 3002 4583 vel
3046 4509 3119 4580 in
3162 4505 3443 4600 iudiciis
3492 4505 3804 4581 trabatur

974 4645 1175 4710 extra
1237 4634 1584 4709 civitatem
1639 4637 1755 4709 vel
1801 4655 2081 4731 prorsus
2124 4641 2414 4728 cogatur
2456 4631 2546 4704 ab
2594 4632 2826 4727 aliquo
2861 4651 2988 4728 pro
3034 4651 3163 4704 sua
3208 4630 3624 4729 proprietate
3672 4651 3801 4703 seu

976 4758 1405 4854 possessione
1435 4758 1534 4832 ibi
1570 4757 1897 4856 cuiquam
1929 4756 2375 4855 respondere.
2411 4755 2555 4830 Sed
2600 4756 2660 4829 si
2692 4754 2940 4851 aliquis
2975 4753 3312 4831 adversus
3349 4754 3649 4852 aliquem
3681 4773 3804 4828 eo·
