<?xml version="1.0" encoding="UTF-8"?>
<!DOCTYPE html PUBLIC "-//W3C//DTD XHTML 1.0 Transitional//EN"
    "http://www.w3.org/TR/xhtml1/DTD/xhtml1-transitional.dtd">
<html xmlns="http://www.w3.org/1999/xhtml" xml:lang="en" lang="en">
 <head>
  <title>
</title>
<meta http-equiv="Content-Type" content="text/html;charset=utf-8" />
  <meta name='ocr-system' content='tesseract 3.04.00' />
  <meta name='ocr-capabilities' content='ocr_page ocr_carea ocr_par ocr_line ocrx_word'/>
</head>
<body>
  <div class='ocr_page' id='page_1' title='image "./historiadiploma01degoog_0532.png"; bbox 0 0 4842 5802; ppageno 0'>
   <div class='ocr_carea' id='block_1_1' title="bbox 1208 622 3110 705">
    <p class='ocr_par' dir='ltr' id='par_1_1' title="bbox 1208 622 3110 705">
     <span class='ocr_line' id='line_1_1' title="bbox 1208 622 3110 705; baseline 0.009 -22"><span class='ocrx_word' id='word_1_1' title='bbox 1208 622 1367 684; x_wconf 77' lang='lat'><strong>1004</strong></span> <span class='ocrx_word' id='word_1_2' title='bbox 2122 637 2373 701; x_wconf 79' lang='lat' dir='ltr'>INDEX</span> <span class='ocrx_word' id='word_1_3' title='bbox 2419 642 3110 705; x_wconf 73' lang='lat' dir='ltr'><strong>nocuMEN‘ronnM.</strong></span> 
     </span>
    </p>
   </div>
   <div class='ocr_carea' id='block_1_2' title="bbox 1205 930 1479 944">
    <p class='ocr_par' dir='ltr' id='par_1_2' title="bbox 1205 930 1479 944">
     <span class='ocr_line' id='line_1_2' title="bbox 1205 930 1479 944; baseline 0 4858"><span class='ocrx_word' id='word_1_4' title='bbox 1205 930 1479 944; x_wconf 95' lang='lat' dir='ltr'><strong> </strong></span> 
     </span>
    </p>
   </div>
   <div class='ocr_carea' id='block_1_3' title="bbox 1460 953 4029 4512">
    <p class='ocr_par' dir='ltr' id='par_1_3' title="bbox 1460 953 4029 1146">
     <span class='ocr_line' id='line_1_3' title="bbox 1460 953 4029 1051; baseline 0.005 -36"><span class='ocrx_word' id='word_1_5' title='bbox 1460 999 1476 1015; x_wconf 95' lang='lat'><strong>.</strong></span> <span class='ocrx_word' id='word_1_6' title='bbox 1595 953 1854 1019; x_wconf 83' lang='lat' dir='ltr'><strong>Galetae.</strong></span> <span class='ocrx_word' id='word_1_7' title='bbox 1976 960 2257 1027; x_wconf 88' lang='lat' dir='ltr'><strong>Consules</strong></span> <span class='ocrx_word' id='word_1_8' title='bbox 2305 975 2366 1029; x_wconf 90' lang='lat' dir='ltr'><strong>et</strong></span> <span class='ocrx_word' id='word_1_9' title='bbox 2411 975 2666 1051; x_wconf 86' lang='lat' dir='ltr'><strong>populus</strong></span> <span class='ocrx_word' id='word_1_10' title='bbox 2709 971 2963 1033; x_wconf 80' lang='lat' dir='ltr'><strong>civitatis</strong></span> <span class='ocrx_word' id='word_1_11' title='bbox 3006 967 3247 1030; x_wconf 89' lang='lat' dir='ltr'><strong>Gaietae</strong></span> <span class='ocrx_word' id='word_1_12' title='bbox 3284 972 3589 1045; x_wconf 86' lang='lat' dir='ltr'><strong>acceptant</strong></span> <span class='ocrx_word' id='word_1_13' title='bbox 3623 985 3826 1046; x_wconf 89' lang='lat' dir='ltr'><strong>pacem</strong></span> <span class='ocrx_word' id='word_1_14' title='bbox 3863 973 4029 1029; x_wconf 89' lang='lat' dir='ltr'><strong>trac-</strong></span> 
     </span>
     <span class='ocr_line' id='line_1_4' title="bbox 2050 1063 4029 1146; baseline 0.002 -24"><span class='ocrx_word' id='word_1_15' title='bbox 2050 1066 2237 1122; x_wconf 87' lang='lat' dir='ltr'><strong>tatam</strong></span> <span class='ocrx_word' id='word_1_16' title='bbox 2264 1081 2370 1141; x_wconf 88' lang='lat' dir='ltr'><strong>per</strong></span> <span class='ocrx_word' id='word_1_17' title='bbox 2395 1068 2746 1146; x_wconf 86' lang='lat' dir='ltr'><strong>Gregorium</strong></span> <span class='ocrx_word' id='word_1_18' title='bbox 2787 1084 3001 1145; x_wconf 82' lang='lat' dir='ltr'><strong>papam</strong></span> <span class='ocrx_word' id='word_1_19' title='bbox 3040 1071 3103 1126; x_wconf 91' lang='lat' dir='ltr'><strong>et</strong></span> <span class='ocrx_word' id='word_1_20' title='bbox 3140 1067 3389 1143; x_wconf 83' lang='lat' dir='ltr'><strong>gratiam</strong></span> <span class='ocrx_word' id='word_1_21' title='bbox 3416 1063 3494 1124; x_wconf 89' lang='lat' dir='ltr'><strong>ab</strong></span> <span class='ocrx_word' id='word_1_22' title='bbox 3531 1067 3878 1141; x_wconf 77' lang='lat' dir='ltr'><strong>imperatore</strong></span> <span class='ocrx_word' id='word_1_23' title='bbox 3914 1065 4029 1126; x_wconf 89' lang='lat' dir='ltr'><strong>sibi</strong></span> 
     </span>
    </p>

    <p class='ocr_par' dir='ltr' id='par_1_4' title="bbox 2048 1161 4025 1240">
     <span class='ocr_line' id='line_1_5' title="bbox 2048 1161 4025 1240; baseline 0.002 -23"><span class='ocrx_word' id='word_1_24' title='bbox 2048 1174 2386 1223; x_wconf 87' lang='lat' dir='ltr'><strong>concessam</strong></span> <span class='ocrx_word' id='word_1_25' title='bbox 2430 1165 2504 1225; x_wconf 90' lang='lat' dir='ltr'><strong>de</strong></span> <span class='ocrx_word' id='word_1_26' title='bbox 2536 1167 2772 1226; x_wconf 88' lang='lat' dir='ltr'><strong>datione</strong></span> <span class='ocrx_word' id='word_1_27' title='bbox 2807 1165 3063 1226; x_wconf 87' lang='lat' dir='ltr'><strong>civitatis</strong></span> <span class='ocrx_word' id='word_1_28' title='bbox 3097 1162 3360 1240; x_wconf 80' lang='lat' dir='ltr'><strong>ejusdem</strong></span> <span class='ocrx_word' id='word_1_29' title='bbox 3399 1161 3665 1222; x_wconf 89' lang='lat' dir='ltr'><strong>Conrado</strong></span> <span class='ocrx_word' id='word_1_30' title='bbox 3693 1163 3878 1240; x_wconf 74' lang='lat' dir='ltr'><strong>Ipsius</strong></span> <span class='ocrx_word' id='word_1_31' title='bbox 3912 1163 4025 1221; x_wconf 91' lang='lat' dir='ltr'><strong>im·</strong></span> 
     </span>
    </p>

    <p class='ocr_par' dir='ltr' id='par_1_5' title="bbox 2050 1259 4023 1332">
     <span class='ocr_line' id='line_1_6' title="bbox 2050 1259 4023 1332; baseline -0.001 -15"><span class='ocrx_word' id='word_1_32' title='bbox 2050 1262 2333 1332; x_wconf 69' lang='lat' dir='ltr'><strong>perator-is</strong></span> <span class='ocrx_word' id='word_1_33' title='bbox 2359 1259 2515 1332; x_wconf 83' lang='lat' dir='ltr'><strong>filio,</strong></span> <span class='ocrx_word' id='word_1_34' title='bbox 2545 1269 2660 1323; x_wconf 88' lang='lat' dir='ltr'><strong>etc.</strong></span> <span class='ocrx_word' id='word_1_35' title='bbox 3908 1266 4023 1317; x_wconf 78' lang='grc'><strong>440</strong></span> 
     </span>
    </p>

    <p class='ocr_par' dir='ltr' id='par_1_6' title="bbox 1557 1339 4026 1628">
     <span class='ocr_line' id='line_1_7' title="bbox 1639 1339 4026 1436; baseline -0.002 -19"><span class='ocrx_word' id='word_1_36' title='bbox 1639 1339 1814 1417; x_wconf 69' lang='lat' dir='ltr'><strong>Apud</strong></span> <span class='ocrx_word' id='word_1_37' title='bbox 1969 1350 2248 1413; x_wconf 78' lang='lat' dir='ltr'><strong>Robereus</strong></span> <span class='ocrx_word' id='word_1_38' title='bbox 2291 1354 2555 1416; x_wconf 75' lang='lat' dir='ltr'><strong>Materba</strong></span> <span class='ocrx_word' id='word_1_39' title='bbox 2569 1403 2589 1432; x_wconf 93' lang='lat'><strong>,</strong></span> <span class='ocrx_word' id='word_1_40' title='bbox 2628 1357 2895 1436; x_wconf 77' lang='lat' dir='ltr'><strong>provisor</strong></span> <span class='ocrx_word' id='word_1_41' title='bbox 2946 1361 3265 1416; x_wconf 79' lang='lat' dir='ltr'><strong>castrorum</strong></span> <span class='ocrx_word' id='word_1_42' title='bbox 3307 1352 3683 1431; x_wconf 63' lang='lat' dir='ltr'><strong>Principum</strong></span> <span class='ocrx_word' id='word_1_43' title='bbox 3729 1360 3786 1414; x_wconf 81' lang='lat' dir='ltr'><strong>et</strong></span> <span class='ocrx_word' id='word_1_44' title='bbox 3838 1359 4026 1413; x_wconf 79' lang='lat' dir='ltr'><strong>terrae</strong></span> 
     </span>
     <span class='ocr_line' id='line_1_8' title="bbox 1557 1434 4024 1532; baseline 0.007 -37"><span class='ocrx_word' id='word_1_45' title='bbox 1557 1434 1888 1499; x_wconf 75' lang='lat' dir='ltr'><strong>Nuceriam.</strong></span> <span class='ocrx_word' id='word_1_46' title='bbox 2045 1450 2511 1529; x_wconf 75' lang='lat' dir='ltr'><strong>Beneventanus,</strong></span> <span class='ocrx_word' id='word_1_47' title='bbox 2544 1456 2982 1532; x_wconf 82' lang='lat' dir='ltr'><strong>inquisitionem</strong></span> <span class='ocrx_word' id='word_1_48' title='bbox 3024 1452 3153 1512; x_wconf 82' lang='lat' dir='ltr'><strong>fieri</strong></span> <span class='ocrx_word' id='word_1_49' title='bbox 3202 1452 3343 1511; x_wconf 81' lang='lat' dir='ltr'><strong>facit</strong></span> <span class='ocrx_word' id='word_1_50' title='bbox 3386 1468 3465 1511; x_wconf 89' lang='lat' dir='ltr'><strong>an</strong></span> <span class='ocrx_word' id='word_1_51' title='bbox 3507 1449 3774 1510; x_wconf 82' lang='lat' dir='ltr'><strong>homines</strong></span> <span class='ocrx_word' id='word_1_52' title='bbox 3816 1450 4024 1512; x_wconf 85' lang='lat' dir='ltr'><strong>casalis</strong></span> 
     </span>
     <span class='ocr_line' id='line_1_9' title="bbox 2044 1546 4022 1628; baseline 0.001 -22"><span class='ocrx_word' id='word_1_53' title='bbox 2044 1546 2269 1609; x_wconf 87' lang='lat' dir='ltr'><strong>Caveae</strong></span> <span class='ocrx_word' id='word_1_54' title='bbox 2328 1552 2406 1612; x_wconf 91' lang='lat' dir='ltr'><strong>ad</strong></span> <span class='ocrx_word' id='word_1_55' title='bbox 2474 1552 2861 1628; x_wconf 76' lang='lat' dir='ltr'><strong>reparandam</strong></span> <span class='ocrx_word' id='word_1_56' title='bbox 2940 1552 3196 1612; x_wconf 87' lang='lat' dir='ltr'><strong>Roccam</strong></span> <span class='ocrx_word' id='word_1_57' title='bbox 3271 1550 3559 1609; x_wconf 87' lang='lat' dir='ltr'><strong>Pimontis</strong></span> <span class='ocrx_word' id='word_1_58' title='bbox 3629 1549 3833 1607; x_wconf 88' lang='lat' dir='ltr'><strong>venire</strong></span> <span class='ocrx_word' id='word_1_59' title='bbox 3905 1548 4022 1608; x_wconf 91' lang='lat' dir='ltr'><strong>de-</strong></span> 
     </span>
    </p>

    <p class='ocr_par' dir='ltr' id='par_1_7' title="bbox 2039 1641 4014 1705">
     <span class='ocr_line' id='line_1_10' title="bbox 2039 1641 4014 1705; baseline 0.002 -3"><span class='ocrx_word' id='word_1_60' title='bbox 2039 1641 2237 1704; x_wconf 88' lang='lat' dir='ltr'><strong>beant.</strong></span> <span class='ocrx_word' id='word_1_61' title='bbox 3898 1651 4014 1705; x_wconf 82' lang='grc'><strong>428</strong></span> 
     </span>
    </p>

    <p class='ocr_par' dir='ltr' id='par_1_8' title="bbox 1586 1721 4022 1917">
     <span class='ocr_line' id='line_1_11' title="bbox 1586 1721 4022 1817; baseline 0.008 -36"><span class='ocrx_word' id='word_1_62' title='bbox 1586 1721 1839 1788; x_wconf 86' lang='lat' dir='ltr'><strong>Brixiae·</strong></span> <span class='ocrx_word' id='word_1_63' title='bbox 1963 1740 2239 1802; x_wconf 84' lang='lat' dir='ltr'><strong>Rectores</strong></span> <span class='ocrx_word' id='word_1_64' title='bbox 2293 1745 2590 1803; x_wconf 82' lang='lat' dir='ltr'><strong>societatis</strong></span> <span class='ocrx_word' id='word_1_65' title='bbox 2641 1743 3027 1804; x_wconf 88' lang='lat' dir='ltr'><strong>Lombardiae</strong></span> <span class='ocrx_word' id='word_1_66' title='bbox 3052 1785 3071 1817; x_wconf 92' lang='lat'><strong>,</strong></span> <span class='ocrx_word' id='word_1_67' title='bbox 3128 1740 3425 1801; x_wconf 83' lang='lat' dir='ltr'><strong>Marchiae</strong></span> <span class='ocrx_word' id='word_1_68' title='bbox 3476 1748 3537 1801; x_wconf 92' lang='lat' dir='ltr'><strong>et</strong></span> <span class='ocrx_word' id='word_1_69' title='bbox 3585 1742 3909 1802; x_wconf 71' lang='lat' dir='ltr'><strong>RomanIae</strong></span> <span class='ocrx_word' id='word_1_70' title='bbox 3961 1747 4022 1801; x_wconf 91' lang='lat' dir='ltr'><strong>et</strong></span> 
     </span>
     <span class='ocr_line' id='line_1_12' title="bbox 2039 1836 4017 1917; baseline 0.001 -21"><span class='ocrx_word' id='word_1_71' title='bbox 2039 1840 2453 1899; x_wconf 77' lang='lat' dir='ltr'><strong>universitates</strong></span> <span class='ocrx_word' id='word_1_72' title='bbox 2479 1843 2776 1900; x_wconf 86' lang='lat' dir='ltr'><strong>societatis</strong></span> <span class='ocrx_word' id='word_1_73' title='bbox 2803 1840 3068 1917; x_wconf 82' lang='lat' dir='ltr'><strong>ejusdem</strong></span> <span class='ocrx_word' id='word_1_74' title='bbox 3100 1844 3287 1898; x_wconf 90' lang='lat' dir='ltr'><strong>ratam</strong></span> <span class='ocrx_word' id='word_1_75' title='bbox 3320 1837 3541 1898; x_wconf 86' lang='lat' dir='ltr'><strong>babent</strong></span> <span class='ocrx_word' id='word_1_76' title='bbox 3566 1854 3773 1913; x_wconf 90' lang='lat' dir='ltr'><strong>pacem</strong></span> <span class='ocrx_word' id='word_1_77' title='bbox 3799 1854 3836 1898; x_wconf 94' lang='lat' dir='ltr'><strong>a</strong></span> <span class='ocrx_word' id='word_1_78' title='bbox 3863 1836 4017 1897; x_wconf 86' lang='lat' dir='ltr'><strong>Gre-</strong></span> 
     </span>
    </p>

    <p class='ocr_par' dir='ltr' id='par_1_9' title="bbox 2039 1933 4017 2012">
     <span class='ocr_line' id='line_1_13' title="bbox 2039 1933 4017 2012; baseline -0.001 -19"><span class='ocrx_word' id='word_1_79' title='bbox 2039 1935 2205 2010; x_wconf 83' lang='lat' dir='ltr'><strong>gorio</strong></span> <span class='ocrx_word' id='word_1_80' title='bbox 2245 1950 2397 2011; x_wconf 90' lang='lat' dir='ltr'><strong>papa</strong></span> <span class='ocrx_word' id='word_1_81' title='bbox 2434 1935 2647 1995; x_wconf 79' lang='lat' dir='ltr'><strong>iactam</strong></span> <span class='ocrx_word' id='word_1_82' title='bbox 2687 1943 2747 1995; x_wconf 90' lang='lat' dir='ltr'><strong>et</strong></span> <span class='ocrx_word' id='word_1_83' title='bbox 2783 1942 3151 2012; x_wconf 85' lang='lat' dir='ltr'><strong>praeceptam</strong></span> <span class='ocrx_word' id='word_1_84' title='bbox 3188 1936 3341 1993; x_wconf 89' lang='lat' dir='ltr'><strong>inter</strong></span> <span class='ocrx_word' id='word_1_85' title='bbox 3380 1940 3784 2010; x_wconf 75' lang='lat' dir='ltr'><strong>procuratores</strong></span> <span class='ocrx_word' id='word_1_86' title='bbox 3811 1933 4017 1994; x_wconf 84' lang='lat' dir='ltr'><strong>Fride-</strong></span> 
     </span>
    </p>

    <p class='ocr_par' dir='ltr' id='par_1_10' title="bbox 2040 2031 4020 2110">
     <span class='ocr_line' id='line_1_14' title="bbox 2040 2031 4020 2110; baseline 0.001 -22"><span class='ocrx_word' id='word_1_87' title='bbox 2040 2032 2145 2090; x_wconf 89' lang='lat' dir='ltr'><strong>rlci</strong></span> <span class='ocrx_word' id='word_1_88' title='bbox 2195 2032 2597 2092; x_wconf 88' lang='lat' dir='ltr'><strong>Romanorum</strong></span> <span class='ocrx_word' id='word_1_89' title='bbox 2651 2034 3020 2110; x_wconf 81' lang='lat' dir='ltr'><strong>imperatoris</strong></span> <span class='ocrx_word' id='word_1_90' title='bbox 3075 2038 3136 2092; x_wconf 88' lang='lat' dir='ltr'><strong>et</strong></span> <span class='ocrx_word' id='word_1_91' title='bbox 3181 2031 3456 2109; x_wconf 84' lang='lat' dir='ltr'><strong>syndicos</strong></span> <span class='ocrx_word' id='word_1_92' title='bbox 3505 2032 3803 2090; x_wconf 87' lang='lat' dir='ltr'><strong>societatis</strong></span> <span class='ocrx_word' id='word_1_93' title='bbox 3851 2046 4020 2107; x_wconf 84' lang='lat' dir='ltr'><strong>prae-</strong></span> 
     </span>
    </p>

    <p class='ocr_par' dir='ltr' id='par_1_11' title="bbox 2037 2127 4017 2188">
     <span class='ocr_line' id='line_1_15' title="bbox 2037 2127 4017 2188; baseline 0.001 -2"><span class='ocrx_word' id='word_1_94' title='bbox 2037 2127 2251 2188; x_wconf 73' lang='lat' dir='ltr'><strong>dictae.</strong></span> <span class='ocrx_word' id='word_1_95' title='bbox 3896 2136 4017 2187; x_wconf 79' lang='lat'><strong>4³4</strong></span> 
     </span>
    </p>

    <p class='ocr_par' dir='ltr' id='par_1_12' title="bbox 1512 2220 4015 2400">
     <span class='ocr_line' id='line_1_16' title="bbox 1512 2220 4015 2299; baseline 0 -18"><span class='ocrx_word' id='word_1_96' title='bbox 1512 2247 1925 2271; x_wconf 89' lang='lat'><strong>·······</strong></span> <span class='ocrx_word' id='word_1_97' title='bbox 1959 2220 2295 2299; x_wconf 79' lang='lat' dir='ltr'><strong>Raynaldus</strong></span> <span class='ocrx_word' id='word_1_98' title='bbox 2335 2223 2613 2286; x_wconf 72' lang='lat' dir='ltr'><strong>Ostiensis</strong></span> <span class='ocrx_word' id='word_1_99' title='bbox 2652 2223 2858 2285; x_wconf 77' lang='lat' dir='ltr'><strong>electus</strong></span> <span class='ocrx_word' id='word_1_100' title='bbox 2891 2226 3190 2287; x_wconf 75' lang='lat' dir='ltr'><strong>Friderieo</strong></span> <span class='ocrx_word' id='word_1_101' title='bbox 3235 2224 3636 2284; x_wconf 88' lang='lat' dir='ltr'><strong>Romanorum</strong></span> <span class='ocrx_word' id='word_1_102' title='bbox 3680 2224 4015 2299; x_wconf 87' lang='lat' dir='ltr'><strong>imperatori</strong></span> 
     </span>
     <span class='ocr_line' id='line_1_17' title="bbox 2034 2320 4012 2400; baseline -0.001 -20"><span class='ocrx_word' id='word_1_103' title='bbox 2034 2321 2346 2397; x_wconf 76' lang='lat' dir='ltr'><strong>respondet</strong></span> <span class='ocrx_word' id='word_1_104' title='bbox 2371 2339 2550 2398; x_wconf 90' lang='lat' dir='ltr'><strong>super</strong></span> <span class='ocrx_word' id='word_1_105' title='bbox 2584 2325 2825 2399; x_wconf 89' lang='lat' dir='ltr'><strong>querela</strong></span> <span class='ocrx_word' id='word_1_106' title='bbox 2851 2338 3033 2400; x_wconf 89' lang='lat' dir='ltr'><strong>quam</strong></span> <span class='ocrx_word' id='word_1_107' title='bbox 3068 2322 3180 2382; x_wconf 88' lang='lat' dir='ltr'><strong>sibi</strong></span> <span class='ocrx_word' id='word_1_108' title='bbox 3219 2321 3294 2381; x_wconf 90' lang='lat' dir='ltr'><strong>de</strong></span> <span class='ocrx_word' id='word_1_109' title='bbox 3319 2321 3652 2397; x_wconf 75' lang='lat' dir='ltr'><strong>provisione</strong></span> <span class='ocrx_word' id='word_1_110' title='bbox 3679 2320 3743 2378; x_wconf 91' lang='lat' dir='ltr'><strong>in</strong></span> <span class='ocrx_word' id='word_1_111' title='bbox 3782 2321 4012 2396; x_wconf 88' lang='lat' dir='ltr'><strong>negotio</strong></span> 
     </span>
    </p>

    <p class='ocr_par' dir='ltr' id='par_1_13' title="bbox 2033 2416 4013 2496">
     <span class='ocr_line' id='line_1_18' title="bbox 2033 2416 4013 2496; baseline 0.001 -19"><span class='ocrx_word' id='word_1_112' title='bbox 2033 2417 2418 2478; x_wconf 89' lang='lat' dir='ltr'><strong>Lombardiae</strong></span> <span class='ocrx_word' id='word_1_113' title='bbox 2446 2418 2603 2479; x_wconf 81' lang='lat' dir='ltr'><strong>facta</strong></span> <span class='ocrx_word' id='word_1_114' title='bbox 2628 2420 3044 2492; x_wconf 87' lang='lat' dir='ltr'><strong>destinaverat,</strong></span> <span class='ocrx_word' id='word_1_115' title='bbox 3075 2433 3330 2496; x_wconf 87' lang='lat' dir='ltr'><strong>eumque</strong></span> <span class='ocrx_word' id='word_1_116' title='bbox 3364 2417 3441 2477; x_wconf 89' lang='lat' dir='ltr'><strong>ad</strong></span> <span class='ocrx_word' id='word_1_117' title='bbox 3467 2416 3807 2494; x_wconf 88' lang='lat' dir='ltr'><strong>exemplum</strong></span> <span class='ocrx_word' id='word_1_118' title='bbox 3830 2419 4013 2492; x_wconf 83' lang='lat' dir='ltr'><strong>ipsius</strong></span> 
     </span>
    </p>

    <p class='ocr_par' dir='ltr' id='par_1_14' title="bbox 2029 2515 4010 2594">
     <span class='ocr_line' id='line_1_19' title="bbox 2029 2515 4010 2594; baseline -0.001 -21"><span class='ocrx_word' id='word_1_119' title='bbox 2029 2530 2217 2590; x_wconf 90' lang='lat' dir='ltr'><strong>papae</strong></span> <span class='ocrx_word' id='word_1_120' title='bbox 2244 2522 2448 2576; x_wconf 90' lang='lat' dir='ltr'><strong>monet</strong></span> <span class='ocrx_word' id='word_1_121' title='bbox 2473 2520 2773 2594; x_wconf 85' lang='lat' dir='ltr'><strong>negotium</strong></span> <span class='ocrx_word' id='word_1_122' title='bbox 2798 2519 2850 2577; x_wconf 87' lang='lat' dir='ltr'><strong>si</strong></span> <span class='ocrx_word' id='word_1_123' title='bbox 2886 2516 3170 2594; x_wconf 84' lang='lat' dir='ltr'><strong>placuerit</strong></span> <span class='ocrx_word' id='word_1_124' title='bbox 3202 2515 3280 2574; x_wconf 91' lang='lat' dir='ltr'><strong>ad</strong></span> <span class='ocrx_word' id='word_1_125' title='bbox 3308 2520 3527 2575; x_wconf 88' lang='lat' dir='ltr'><strong>statum</strong></span> <span class='ocrx_word' id='word_1_126' title='bbox 3555 2515 3868 2590; x_wconf 87' lang='lat' dir='ltr'><strong>pristinum</strong></span> <span class='ocrx_word' id='word_1_127' title='bbox 3904 2530 4010 2572; x_wconf 91' lang='lat' dir='ltr'><strong>re-</strong></span> 
     </span>
    </p>

    <p class='ocr_par' dir='ltr' id='par_1_15' title="bbox 2030 2611 4006 2688">
     <span class='ocr_line' id='line_1_20' title="bbox 2030 2611 4006 2688; baseline 0.001 -18"><span class='ocrx_word' id='word_1_128' title='bbox 2030 2611 2165 2671; x_wconf 89' lang='lat' dir='ltr'><strong>duci</strong></span> <span class='ocrx_word' id='word_1_129' title='bbox 2189 2627 2382 2688; x_wconf 86' lang='lat' dir='ltr'><strong>posse.</strong></span> <span class='ocrx_word' id='word_1_130' title='bbox 3891 2618 4006 2671; x_wconf 78' lang='lat'><strong>449</strong></span> 
     </span>
    </p>

    <p class='ocr_par' dir='ltr' id='par_1_16' title="bbox 1521 2703 4009 2980">
     <span class='ocr_line' id='line_1_21' title="bbox 1613 2703 4009 2790; baseline -0.002 -23"><span class='ocrx_word' id='word_1_131' title='bbox 1613 2708 1790 2785; x_wconf 86' lang='lat' dir='ltr'><strong>Apud</strong></span> <span class='ocrx_word' id='word_1_132' title='bbox 1956 2703 2198 2766; x_wconf 73' lang='lat' dir='ltr'><strong>Thomas</strong></span> <span class='ocrx_word' id='word_1_133' title='bbox 2223 2706 2293 2767; x_wconf 79' lang='lat' dir='ltr'><strong>de</strong></span> <span class='ocrx_word' id='word_1_134' title='bbox 2318 2709 2705 2790; x_wconf 80' lang='lat' dir='ltr'><strong>Monteniqro,</strong></span> <span class='ocrx_word' id='word_1_135' title='bbox 2720 2709 3091 2790; x_wconf 75' lang='lat' dir='ltr'><strong>justiciarius</strong></span> <span class='ocrx_word' id='word_1_136' title='bbox 3115 2707 3490 2787; x_wconf 68' lang='lat' dir='ltr'><strong>Principum</strong></span> <span class='ocrx_word' id='word_1_137' title='bbox 3520 2711 3579 2766; x_wconf 77' lang='lat' dir='ltr'><strong>et</strong></span> <span class='ocrx_word' id='word_1_138' title='bbox 3610 2711 3799 2766; x_wconf 77' lang='lat' dir='ltr'><strong>terras</strong></span> <span class='ocrx_word' id='word_1_139' title='bbox 3823 2705 4009 2764; x_wconf 77' lang='lat' dir='ltr'><strong>Bene-</strong></span> 
     </span>
     <span class='ocr_line' id='line_1_22' title="bbox 1521 2802 4008 2879; baseline 0 -17"><span class='ocrx_word' id='word_1_140' title='bbox 1521 2802 1890 2869; x_wconf 83' lang='lat' dir='ltr'><strong>surrentum.</strong></span> <span class='ocrx_word' id='word_1_141' title='bbox 2025 2811 2326 2879; x_wconf 73' lang='lat' dir='ltr'><strong>ventanae,</strong></span> <span class='ocrx_word' id='word_1_142' title='bbox 2373 2807 2658 2867; x_wconf 79' lang='lat' dir='ltr'><strong>vassallos</strong></span> <span class='ocrx_word' id='word_1_143' title='bbox 2694 2807 2925 2867; x_wconf 88' lang='lat' dir='ltr'><strong>abbatis</strong></span> <span class='ocrx_word' id='word_1_144' title='bbox 2950 2807 3230 2867; x_wconf 85' lang='lat' dir='ltr'><strong>cavensis</strong></span> <span class='ocrx_word' id='word_1_145' title='bbox 3256 2808 3317 2865; x_wconf 88' lang='lat' dir='ltr'><strong>in</strong></span> <span class='ocrx_word' id='word_1_146' title='bbox 3341 2805 3535 2865; x_wconf 87' lang='lat' dir='ltr'><strong>Rocca</strong></span> <span class='ocrx_word' id='word_1_147' title='bbox 3555 2802 3868 2875; x_wconf 85' lang='lat' dir='ltr'><strong>Pimontis,</strong></span> <span class='ocrx_word' id='word_1_148' title='bbox 3888 2803 4008 2863; x_wconf 88' lang='lat' dir='ltr'><strong>Nu·</strong></span> 
     </span>
     <span class='ocr_line' id='line_1_23' title="bbox 2025 2899 4006 2980; baseline -0.002 -19"><span class='ocrx_word' id='word_1_149' title='bbox 2025 2903 2180 2961; x_wconf 87' lang='lat' dir='ltr'><strong>ceria</strong></span> <span class='ocrx_word' id='word_1_150' title='bbox 2208 2908 2267 2961; x_wconf 92' lang='lat' dir='ltr'><strong>et</strong></span> <span class='ocrx_word' id='word_1_151' title='bbox 2295 2904 2659 2979; x_wconf 86' lang='lat' dir='ltr'><strong>pertinentiis</strong></span> <span class='ocrx_word' id='word_1_152' title='bbox 2699 2904 2952 2980; x_wconf 85' lang='lat' dir='ltr'><strong>quinon</strong></span> <span class='ocrx_word' id='word_1_153' title='bbox 2979 2908 3180 2963; x_wconf 90' lang='lat' dir='ltr'><strong>tenent</strong></span> <span class='ocrx_word' id='word_1_154' title='bbox 3202 2900 3279 2962; x_wconf 94' lang='lat' dir='ltr'><strong>ab</strong></span> <span class='ocrx_word' id='word_1_155' title='bbox 3306 2904 3684 2977; x_wconf 88' lang='lat' dir='ltr'><strong>imperatore,</strong></span> <span class='ocrx_word' id='word_1_156' title='bbox 3712 2899 4006 2958; x_wconf 83' lang='lat' dir='ltr'><strong>immunes</strong></span> 
     </span>
    </p>

    <p class='ocr_par' dir='ltr' id='par_1_17' title="bbox 2025 2997 3997 3074">
     <span class='ocr_line' id='line_1_24' title="bbox 2025 2997 3997 3074; baseline 0 -18"><span class='ocrx_word' id='word_1_157' title='bbox 2025 3013 2062 3056; x_wconf 91' lang='lat' dir='ltr'><strong>a</strong></span> <span class='ocrx_word' id='word_1_158' title='bbox 2087 2997 2601 3074; x_wconf 85' lang='lat' dir='ltr'><strong>subventionibus,</strong></span> <span class='ocrx_word' id='word_1_159' title='bbox 2628 3000 3034 3060; x_wconf 85' lang='lat' dir='ltr'><strong>exactionibus</strong></span> <span class='ocrx_word' id='word_1_160' title='bbox 3059 3006 3120 3060; x_wconf 90' lang='lat' dir='ltr'><strong>et</strong></span> <span class='ocrx_word' id='word_1_161' title='bbox 3143 3001 3402 3060; x_wconf 85' lang='lat' dir='ltr'><strong>collectis</strong></span> <span class='ocrx_word' id='word_1_162' title='bbox 3421 2998 3702 3069; x_wconf 86' lang='lat' dir='ltr'><strong>declarat,</strong></span> <span class='ocrx_word' id='word_1_163' title='bbox 3726 3003 3841 3057; x_wconf 83' lang='lat' dir='ltr'><strong>etc.</strong></span> <span class='ocrx_word' id='word_1_164' title='bbox 3885 3004 3997 3056; x_wconf 80' lang='grc'><strong>467</strong></span> 
     </span>
    </p>

    <p class='ocr_par' dir='ltr' id='par_1_18' title="bbox 1504 3090 4002 3272">
     <span class='ocr_line' id='line_1_25' title="bbox 1504 3090 4002 3176; baseline 0.001 -27"><span class='ocrx_word' id='word_1_165' title='bbox 1504 3136 1913 3160; x_wconf 83' lang='grc'><strong>.......</strong></span> <span class='ocrx_word' id='word_1_166' title='bbox 1945 3090 2237 3152; x_wconf 74' lang='lat' dir='ltr'><strong>Hem-icus</strong></span> <span class='ocrx_word' id='word_1_167' title='bbox 2272 3091 2342 3152; x_wconf 79' lang='lat' dir='ltr'><strong>de</strong></span> <span class='ocrx_word' id='word_1_168' title='bbox 2375 3095 2613 3171; x_wconf 82' lang='lat' dir='ltr'><strong>Mor-ra,</strong></span> <span class='ocrx_word' id='word_1_169' title='bbox 2655 3113 2901 3175; x_wconf 60' lang='lat' dir='ltr'><strong>&#39;itaquae</strong></span> <span class='ocrx_word' id='word_1_170' title='bbox 2939 3094 3258 3174; x_wconf 78' lang='lat' dir='ltr'><strong>imperialis</strong></span> <span class='ocrx_word' id='word_1_171' title='bbox 3295 3096 3489 3156; x_wconf 71' lang='lat' dir='ltr'><strong>curiae</strong></span> <span class='ocrx_word' id='word_1_172' title='bbox 3526 3094 3801 3176; x_wconf 75' lang='lat' dir='ltr'><strong>maqister</strong></span> <span class='ocrx_word' id='word_1_173' title='bbox 3817 3094 4002 3174; x_wconf 77' lang='lat' dir='ltr'><strong>justi-</strong></span> 
     </span>
     <span class='ocr_line' id='line_1_26' title="bbox 2021 3191 4000 3272; baseline 0.003 -25"><span class='ocrx_word' id='word_1_174' title='bbox 2021 3191 2267 3265; x_wconf 81' lang='lat' dir='ltr'><strong>ciarius,</strong></span> <span class='ocrx_word' id='word_1_175' title='bbox 2291 3193 2642 3267; x_wconf 80' lang='lat' dir='ltr'><strong>justiciariis</strong></span> <span class='ocrx_word' id='word_1_176' title='bbox 2670 3194 2917 3254; x_wconf 87' lang='lat' dir='ltr'><strong>mandat</strong></span> <span class='ocrx_word' id='word_1_177' title='bbox 2951 3200 3022 3255; x_wconf 91' lang='lat' dir='ltr'><strong>ut</strong></span> <span class='ocrx_word' id='word_1_178' title='bbox 3055 3197 3464 3272; x_wconf 76' lang='lat' dir='ltr'><strong>inquisitiones</strong></span> <span class='ocrx_word' id='word_1_179' title='bbox 3486 3210 3592 3271; x_wconf 81' lang='lat' dir='ltr'><strong>per</strong></span> <span class='ocrx_word' id='word_1_180' title='bbox 3618 3193 3879 3253; x_wconf 87' lang='lat' dir='ltr'><strong>diversas</strong></span> <span class='ocrx_word' id='word_1_181' title='bbox 3904 3210 4000 3252; x_wconf 89' lang='lat' dir='ltr'><strong>re-</strong></span> 
     </span>
    </p>

    <p class='ocr_par' dir='ltr' id='par_1_19' title="bbox 2023 3289 4000 3369">
     <span class='ocr_line' id='line_1_27' title="bbox 2023 3289 4000 3369; baseline 0.001 -22"><span class='ocrx_word' id='word_1_182' title='bbox 2023 3290 2124 3366; x_wconf 88' lang='lat' dir='ltr'><strong>gni</strong></span> <span class='ocrx_word' id='word_1_183' title='bbox 2150 3291 2419 3366; x_wconf 83' lang='lat' dir='ltr'><strong>regiones</strong></span> <span class='ocrx_word' id='word_1_184' title='bbox 2455 3290 2581 3350; x_wconf 84' lang='lat' dir='ltr'><strong>fieri</strong></span> <span class='ocrx_word' id='word_1_185' title='bbox 2616 3290 2838 3351; x_wconf 80' lang='lat' dir='ltr'><strong>faciant</strong></span> <span class='ocrx_word' id='word_1_186' title='bbox 2855 3336 2874 3369; x_wconf 86' lang='lat'><strong>,</strong></span> <span class='ocrx_word' id='word_1_187' title='bbox 2910 3297 2970 3351; x_wconf 91' lang='lat' dir='ltr'><strong>et</strong></span> <span class='ocrx_word' id='word_1_188' title='bbox 2993 3309 3142 3369; x_wconf 84' lang='lat' dir='ltr'><strong>quos</strong></span> <span class='ocrx_word' id='word_1_189' title='bbox 3182 3295 3395 3353; x_wconf 85' lang='lat' dir='ltr'><strong>noxios</strong></span> <span class='ocrx_word' id='word_1_190' title='bbox 3431 3293 3767 3351; x_wconf 89' lang='lat' dir='ltr'><strong>invenerint</strong></span> <span class='ocrx_word' id='word_1_191' title='bbox 3794 3306 3831 3350; x_wconf 94' lang='lat' dir='ltr'><strong>a</strong></span> <span class='ocrx_word' id='word_1_192' title='bbox 3858 3289 4000 3349; x_wconf 84' lang='lat' dir='ltr'><strong>locis</strong></span> 
     </span>
    </p>

    <p class='ocr_par' dir='ltr' id='par_1_20' title="bbox 2020 3386 3994 3462">
     <span class='ocr_line' id='line_1_28' title="bbox 2020 3386 3994 3462; baseline 0.001 -18"><span class='ocrx_word' id='word_1_193' title='bbox 2020 3388 2272 3462; x_wconf 87' lang='lat' dir='ltr'><strong>propriis</strong></span> <span class='ocrx_word' id='word_1_194' title='bbox 2312 3402 2451 3446; x_wconf 90' lang='lat' dir='ltr'><strong>cum</strong></span> <span class='ocrx_word' id='word_1_195' title='bbox 2494 3386 2733 3448; x_wconf 79' lang='lat' dir='ltr'><strong>familiis</strong></span> <span class='ocrx_word' id='word_1_196' title='bbox 2789 3403 2994 3448; x_wconf 89' lang='lat' dir='ltr'><strong>eorum</strong></span> <span class='ocrx_word' id='word_1_197' title='bbox 3039 3388 3357 3449; x_wconf 73' lang='lat' dir='ltr'><strong>transferre</strong></span> <span class='ocrx_word' id='word_1_198' title='bbox 3402 3393 3463 3448; x_wconf 87' lang='lat' dir='ltr'><strong>et</strong></span> <span class='ocrx_word' id='word_1_199' title='bbox 3507 3393 3738 3447; x_wconf 83' lang='lat' dir='ltr'><strong>mutare</strong></span> <span class='ocrx_word' id='word_1_200' title='bbox 3782 3401 3994 3462; x_wconf 87' lang='lat' dir='ltr'><strong>procu-</strong></span> 
     </span>
    </p>

    <p class='ocr_par' dir='ltr' id='par_1_21' title="bbox 2020 3491 3994 3546">
     <span class='ocr_line' id='line_1_29' title="bbox 2020 3491 3994 3546; baseline 0 -2"><span class='ocrx_word' id='word_1_201' title='bbox 2020 3491 2172 3546; x_wconf 89' lang='lat' dir='ltr'><strong>rent.</strong></span> <span class='ocrx_word' id='word_1_202' title='bbox 3878 3493 3994 3546; x_wconf 79' lang='grc'><strong>494</strong></span> 
     </span>
    </p>

    <p class='ocr_par' dir='ltr' id='par_1_22' title="bbox 1577 3580 3995 3758">
     <span class='ocr_line' id='line_1_30' title="bbox 1577 3580 3993 3662; baseline 0 -23"><span class='ocrx_word' id='word_1_203' title='bbox 1577 3580 1807 3656; x_wconf 81' lang='lat' dir='ltr'><strong>Trojae.</strong></span> <span class='ocrx_word' id='word_1_204' title='bbox 1942 3583 2265 3643; x_wconf 82' lang='lat' dir='ltr'><strong>Taxatores</strong></span> <span class='ocrx_word' id='word_1_205' title='bbox 2318 3584 2574 3645; x_wconf 87' lang='lat' dir='ltr'><strong>civitatis</strong></span> <span class='ocrx_word' id='word_1_206' title='bbox 2612 3583 2823 3662; x_wconf 77' lang='lat' dir='ltr'><strong>TroJae</strong></span> <span class='ocrx_word' id='word_1_207' title='bbox 2877 3601 2914 3645; x_wconf 94' lang='lat' dir='ltr'><strong>a</strong></span> <span class='ocrx_word' id='word_1_208' title='bbox 2965 3587 3130 3645; x_wconf 88' lang='lat' dir='ltr'><strong>curia</strong></span> <span class='ocrx_word' id='word_1_209' title='bbox 3179 3584 3481 3644; x_wconf 82' lang='lat' dir='ltr'><strong>constituti</strong></span> <span class='ocrx_word' id='word_1_210' title='bbox 3535 3582 3611 3642; x_wconf 89' lang='lat' dir='ltr'><strong>ad</strong></span> <span class='ocrx_word' id='word_1_211' title='bbox 3663 3581 3993 3659; x_wconf 88' lang='lat' dir='ltr'><strong>colligenda</strong></span> 
     </span>
     <span class='ocr_line' id='line_1_31' title="bbox 2017 3680 3995 3758; baseline 0.001 -21"><span class='ocrx_word' id='word_1_212' title='bbox 2017 3680 2130 3737; x_wconf 88' lang='lat' dir='ltr'><strong>tria</strong></span> <span class='ocrx_word' id='word_1_213' title='bbox 2157 3680 2340 3739; x_wconf 85' lang='lat' dir='ltr'><strong>millia</strong></span> <span class='ocrx_word' id='word_1_214' title='bbox 2362 3686 2423 3739; x_wconf 90' lang='lat' dir='ltr'><strong>et</strong></span> <span class='ocrx_word' id='word_1_215' title='bbox 2445 3681 2907 3758; x_wconf 84' lang='lat' dir='ltr'><strong>quadringentas</strong></span> <span class='ocrx_word' id='word_1_216' title='bbox 2932 3683 3138 3742; x_wconf 88' lang='lat' dir='ltr'><strong>uncias</strong></span> <span class='ocrx_word' id='word_1_217' title='bbox 3159 3683 3289 3741; x_wconf 88' lang='lat' dir='ltr'><strong>auri</strong></span> <span class='ocrx_word' id='word_1_218' title='bbox 3309 3696 3417 3757; x_wconf 90' lang='lat' dir='ltr'><strong>pro</strong></span> <span class='ocrx_word' id='word_1_219' title='bbox 3436 3680 3834 3756; x_wconf 84' lang='lat' dir='ltr'><strong>redemptione</strong></span> <span class='ocrx_word' id='word_1_220' title='bbox 3860 3694 3995 3755; x_wconf 81' lang='lat' dir='ltr'><strong>cap-</strong></span> 
     </span>
    </p>

    <p class='ocr_par' dir='ltr' id='par_1_23' title="bbox 2016 3776 3990 3855">
     <span class='ocr_line' id='line_1_32' title="bbox 2016 3776 3990 3855; baseline 0 -21"><span class='ocrx_word' id='word_1_221' title='bbox 2016 3777 2270 3835; x_wconf 87' lang='lat' dir='ltr'><strong>tivorum</strong></span> <span class='ocrx_word' id='word_1_222' title='bbox 2312 3776 2375 3835; x_wconf 90' lang='lat' dir='ltr'><strong>in</strong></span> <span class='ocrx_word' id='word_1_223' title='bbox 2403 3776 2634 3838; x_wconf 88' lang='lat' dir='ltr'><strong>obsidio</strong></span> <span class='ocrx_word' id='word_1_224' title='bbox 2671 3778 2852 3855; x_wconf 74' lang='lat' dir='ltr'><strong>hujus</strong></span> <span class='ocrx_word' id='word_1_225' title='bbox 2878 3777 3070 3855; x_wconf 87' lang='lat' dir='ltr'><strong>urbis,</strong></span> <span class='ocrx_word' id='word_1_226' title='bbox 3099 3776 3212 3837; x_wconf 86' lang='lat' dir='ltr'><strong>sub</strong></span> <span class='ocrx_word' id='word_1_227' title='bbox 3245 3777 3418 3837; x_wconf 84' lang='lat' dir='ltr'><strong>basta</strong></span> <span class='ocrx_word' id='word_1_228' title='bbox 3445 3777 3713 3837; x_wconf 90' lang='lat' dir='ltr'><strong>vendunt</strong></span> <span class='ocrx_word' id='word_1_229' title='bbox 3749 3791 3858 3850; x_wconf 91' lang='lat' dir='ltr'><strong>pro</strong></span> <span class='ocrx_word' id='word_1_230' title='bbox 3883 3777 3990 3833; x_wconf 86' lang='lat' dir='ltr'><strong>tri-</strong></span> 
     </span>
    </p>

    <p class='ocr_par' dir='ltr' id='par_1_24' title="bbox 1982 3870 3989 3950">
     <span class='ocr_line' id='line_1_33' title="bbox 1982 3870 3989 3950; baseline -0 -20"><span class='ocrx_word' id='word_1_231' title='bbox 1982 3870 2129 3931; x_wconf 89' lang='lat' dir='ltr'><strong>-bus</strong></span> <span class='ocrx_word' id='word_1_232' title='bbox 2172 3873 2361 3932; x_wconf 89' lang='lat' dir='ltr'><strong>unciis</strong></span> <span class='ocrx_word' id='word_1_233' title='bbox 2401 3879 2462 3933; x_wconf 84' lang='lat' dir='ltr'><strong>et</strong></span> <span class='ocrx_word' id='word_1_234' title='bbox 2497 3874 2741 3934; x_wconf 87' lang='lat' dir='ltr'><strong>dimidia</strong></span> <span class='ocrx_word' id='word_1_235' title='bbox 2772 3881 3002 3950; x_wconf 87' lang='lat' dir='ltr'><strong>partem</strong></span> <span class='ocrx_word' id='word_1_236' title='bbox 3041 3880 3230 3932; x_wconf 89' lang='lat' dir='ltr'><strong>terrae</strong></span> <span class='ocrx_word' id='word_1_237' title='bbox 3269 3872 3558 3933; x_wconf 85' lang='lat' dir='ltr'><strong>Johannis</strong></span> <span class='ocrx_word' id='word_1_238' title='bbox 3602 3870 3802 3932; x_wconf 75' lang='lat' dir='ltr'><strong>Tafuri</strong></span> <span class='ocrx_word' id='word_1_239' title='bbox 3843 3872 3989 3929; x_wconf 87' lang='lat' dir='ltr'><strong>civis</strong></span> 
     </span>
    </p>

    <p class='ocr_par' dir='ltr' id='par_1_25' title="bbox 2013 3967 3989 4046">
     <span class='ocr_line' id='line_1_34' title="bbox 2013 3967 3989 4046; baseline -0.001 -19"><span class='ocrx_word' id='word_1_240' title='bbox 2013 3968 2279 4043; x_wconf 74' lang='lat' dir='ltr'><strong>Trojani,</strong></span> <span class='ocrx_word' id='word_1_241' title='bbox 2294 3970 2399 4046; x_wconf 86' lang='lat' dir='ltr'><strong>qui</strong></span> <span class='ocrx_word' id='word_1_242' title='bbox 2416 3969 2494 4029; x_wconf 90' lang='lat' dir='ltr'><strong>ad</strong></span> <span class='ocrx_word' id='word_1_243' title='bbox 2512 3970 2788 4030; x_wconf 87' lang='lat' dir='ltr'><strong>undecim</strong></span> <span class='ocrx_word' id='word_1_244' title='bbox 2815 3971 3021 4030; x_wconf 85' lang='lat' dir='ltr'><strong>uncias</strong></span> <span class='ocrx_word' id='word_1_245' title='bbox 3046 3969 3353 4046; x_wconf 87' lang='lat' dir='ltr'><strong>impositus</strong></span> <span class='ocrx_word' id='word_1_246' title='bbox 3377 3969 3562 4029; x_wconf 85' lang='lat' dir='ltr'><strong>exivit</strong></span> <span class='ocrx_word' id='word_1_247' title='bbox 3583 3967 3657 4027; x_wconf 87' lang='lat' dir='ltr'><strong>de</strong></span> <span class='ocrx_word' id='word_1_248' title='bbox 3682 3967 3859 4044; x_wconf 82' lang='lat' dir='ltr'><strong>TroJa</strong></span> <span class='ocrx_word' id='word_1_249' title='bbox 3878 3982 3989 4026; x_wconf 87' lang='lat' dir='ltr'><strong>nec</strong></span> 
     </span>
    </p>

    <p class='ocr_par' dir='ltr' id='par_1_26' title="bbox 2013 4063 3980 4123">
     <span class='ocr_line' id='line_1_35' title="bbox 2013 4063 3980 4123; baseline 0.001 -1"><span class='ocrx_word' id='word_1_250' title='bbox 2013 4063 2212 4123; x_wconf 89' lang='lat' dir='ltr'><strong>solvit.</strong></span> <span class='ocrx_word' id='word_1_251' title='bbox 3866 4071 3980 4123; x_wconf 81' lang='grc'><strong>’180</strong></span> 
     </span>
    </p>

    <p class='ocr_par' dir='ltr' id='par_1_27' title="bbox 1559 4156 3981 4333">
     <span class='ocr_line' id='line_1_36' title="bbox 1559 4156 3980 4234; baseline 0.001 -19"><span class='ocrx_word' id='word_1_252' title='bbox 1559 4156 1813 4221; x_wconf 84' lang='lat' dir='ltr'><strong>Brixiae.</strong></span> <span class='ocrx_word' id='word_1_253' title='bbox 1933 4157 2260 4218; x_wconf 85' lang='lat' dir='ltr'><strong>Renovatio</strong></span> <span class='ocrx_word' id='word_1_254' title='bbox 2298 4162 2595 4221; x_wconf 85' lang='lat' dir='ltr'><strong>societatis</strong></span> <span class='ocrx_word' id='word_1_255' title='bbox 2639 4161 3061 4234; x_wconf 87' lang='lat' dir='ltr'><strong>Lombardiae,</strong></span> <span class='ocrx_word' id='word_1_256' title='bbox 3097 4161 3320 4221; x_wconf 87' lang='lat' dir='ltr'><strong>scilicet</strong></span> <span class='ocrx_word' id='word_1_257' title='bbox 3354 4161 3510 4220; x_wconf 88' lang='lat' dir='ltr'><strong>inter</strong></span> <span class='ocrx_word' id='word_1_258' title='bbox 3542 4159 3941 4220; x_wconf 81' lang='lat' dir='ltr'><strong>Mediolanum</strong></span> <span class='ocrx_word' id='word_1_259' title='bbox 3961 4200 3980 4230; x_wconf 89' lang='lat'><strong>,</strong></span> 
     </span>
     <span class='ocr_line' id='line_1_37' title="bbox 2010 4253 3981 4333; baseline -0.001 -20"><span class='ocrx_word' id='word_1_260' title='bbox 2010 4253 2274 4314; x_wconf 90' lang='lat' dir='ltr'><strong>Laudam</strong></span> <span class='ocrx_word' id='word_1_261' title='bbox 2297 4298 2314 4328; x_wconf 90' lang='lat'><strong>,</strong></span> <span class='ocrx_word' id='word_1_262' title='bbox 2376 4257 2694 4318; x_wconf 90' lang='lat' dir='ltr'><strong>Novariam</strong></span> <span class='ocrx_word' id='word_1_263' title='bbox 2719 4300 2739 4330; x_wconf 88' lang='lat'><strong>,</strong></span> <span class='ocrx_word' id='word_1_264' title='bbox 2794 4258 3252 4330; x_wconf 85' lang='lat' dir='ltr'><strong>Alexandriam,</strong></span> <span class='ocrx_word' id='word_1_265' title='bbox 3312 4254 3564 4333; x_wconf 80' lang='lat' dir='ltr'><strong>Cumas,</strong></span> <span class='ocrx_word' id='word_1_266' title='bbox 3620 4256 3937 4316; x_wconf 87' lang='lat' dir='ltr'><strong>Trivisium</strong></span> <span class='ocrx_word' id='word_1_267' title='bbox 3960 4295 3981 4326; x_wconf 88' lang='lat'><strong>,</strong></span> 
     </span>
    </p>

    <p class='ocr_par' dir='ltr' id='par_1_28' title="bbox 2008 4349 3982 4427">
     <span class='ocr_line' id='line_1_38' title="bbox 2008 4349 3982 4427; baseline 0 -17"><span class='ocrx_word' id='word_1_268' title='bbox 2008 4349 2298 4425; x_wconf 89' lang='lat' dir='ltr'><strong>Paduam,</strong></span> <span class='ocrx_word' id='word_1_269' title='bbox 2328 4352 2676 4427; x_wconf 90' lang='lat' dir='ltr'><strong>Bononiam,</strong></span> <span class='ocrx_word' id='word_1_270' title='bbox 2704 4355 2993 4425; x_wconf 86' lang='lat' dir='ltr'><strong>Brixiam,</strong></span> <span class='ocrx_word' id='word_1_271' title='bbox 3021 4353 3390 4426; x_wconf 84' lang='lat' dir='ltr'><strong>Faventiam,</strong></span> <span class='ocrx_word' id='word_1_272' title='bbox 3421 4354 3518 4413; x_wconf 89' lang='lat' dir='ltr'><strong>cui</strong></span> <span class='ocrx_word' id='word_1_273' title='bbox 3557 4351 3846 4412; x_wconf 85' lang='lat' dir='ltr'><strong>accedunt</strong></span> <span class='ocrx_word' id='word_1_274' title='bbox 3871 4366 3982 4426; x_wconf 92' lang='lat' dir='ltr'><strong>po-</strong></span> 
     </span>
    </p>

    <p class='ocr_par' dir='ltr' id='par_1_29' title="bbox 2006 4450 3978 4512">
     <span class='ocr_line' id='line_1_39' title="bbox 2006 4450 3978 4512; baseline -0.001 -5"><span class='ocrx_word' id='word_1_275' title='bbox 2006 4451 2189 4508; x_wconf 82' lang='lat' dir='ltr'><strong>testas</strong></span> <span class='ocrx_word' id='word_1_276' title='bbox 2215 4455 2275 4508; x_wconf 89' lang='lat' dir='ltr'><strong>et</strong></span> <span class='ocrx_word' id='word_1_277' title='bbox 2300 4450 2710 4512; x_wconf 84' lang='lat' dir='ltr'><strong>ambaxatores</strong></span> <span class='ocrx_word' id='word_1_278' title='bbox 2736 4450 3057 4511; x_wconf 87' lang='lat' dir='ltr'><strong>Ferrariae.</strong></span> <span class='ocrx_word' id='word_1_279' title='bbox 3865 4454 3978 4506; x_wconf 83' lang='lat'><strong>796</strong></span> 
     </span>
    </p>
   </div>
   <div class='ocr_carea' id='block_1_4' title="bbox 1177 2670 1451 2686">
    <p class='ocr_par' dir='ltr' id='par_1_30' title="bbox 1177 2670 1451 2686">
     <span class='ocr_line' id='line_1_40' title="bbox 1177 2670 1451 2686; baseline 0 3116"><span class='ocrx_word' id='word_1_280' title='bbox 1177 2670 1451 2686; x_wconf 95' lang='lat' dir='ltr'><strong> </strong></span> 
     </span>
    </p>
   </div>
   <div class='ocr_carea' id='block_1_5' title="bbox 1195 3446 1416 3524">
    <p class='ocr_par' dir='ltr' id='par_1_31' title="bbox 1195 3446 1416 3524">
     <span class='ocr_line' id='line_1_41' title="bbox 1195 3446 1416 3524; baseline 0.018 -5"><span class='ocrx_word' id='word_1_281' title='bbox 1195 3446 1416 3524; x_wconf 79' lang='lat'>1255</span> 
     </span>
    </p>
   </div>
   <div class='ocr_carea' id='block_1_6' title="bbox 1218 3582 1402 3637">
    <p class='ocr_par' dir='ltr' id='par_1_32' title="bbox 1218 3582 1402 3637">
     <span class='ocr_line' id='line_1_42' title="bbox 1218 3582 1402 3637; baseline 0.016 -4"><span class='ocrx_word' id='word_1_282' title='bbox 1218 3583 1253 3633; x_wconf 84' lang='lat'>⁵</span> <span class='ocrx_word' id='word_1_283' title='bbox 1283 3582 1402 3637; x_wconf 81' lang='lat' dir='ltr'><strong>oct.</strong></span> 
     </span>
    </p>
   </div>
   <div class='ocr_carea' id='block_1_7' title="bbox 1168 3551 1439 3565">
    <p class='ocr_par' dir='ltr' id='par_1_33' title="bbox 1168 3551 1439 3565">
     <span class='ocr_line' id='line_1_43' title="bbox 1168 3551 1439 3565; baseline 0 2237"><span class='ocrx_word' id='word_1_284' title='bbox 1168 3551 1439 3565; x_wconf 95' lang='lat' dir='ltr'><strong> </strong></span> 
     </span>
    </p>
   </div>
   <div class='ocr_carea' id='block_1_8' title="bbox 1158 4159 1435 4312">
    <p class='ocr_par' dir='ltr' id='par_1_34' title="bbox 1158 4159 1435 4312">
     <span class='ocr_line' id='line_1_44' title="bbox 1213 4159 1397 4212; baseline 0.011 -2"><span class='ocrx_word' id='word_1_285' title='bbox 1213 4160 1247 4210; x_wconf 81' lang='lat'>5</span> <span class='ocrx_word' id='word_1_286' title='bbox 1276 4159 1336 4212; x_wconf 82' lang='lat' dir='ltr'><strong>et</strong></span> <span class='ocrx_word' id='word_1_287' title='bbox 1365 4161 1397 4212; x_wconf 88' lang='grc'><strong>7</strong></span> 
     </span>
     <span class='ocr_line' id='line_1_45' title="bbox 1158 4250 1435 4312; baseline 0.014 -4"><span class='ocrx_word' id='word_1_288' title='bbox 1158 4250 1435 4312; x_wconf 87' lang='lat' dir='ltr'><strong>novemb.</strong></span> 
     </span>
    </p>
   </div>
   <div class='ocr_carea' id='block_1_9' title="bbox 1437 811 1504 4777">
    <p class='ocr_par' dir='ltr' id='par_1_35' title="bbox 1437 811 1504 4777">
     <span class='ocr_line' id='line_1_46' title="bbox 1437 811 1504 4777; baseline 0 0"><span class='ocrx_word' id='word_1_289' title='bbox 1437 811 1504 4777; x_wconf 95' lang='lat' dir='ltr'><strong> </strong></span> 
     </span>
    </p>
   </div>
  </div>
 </body>
</html>
