<?xml version="1.0" encoding="UTF-8"?>
<!DOCTYPE html PUBLIC "-//W3C//DTD XHTML 1.0 Transitional//EN"
    "http://www.w3.org/TR/xhtml1/DTD/xhtml1-transitional.dtd">
<html xmlns="http://www.w3.org/1999/xhtml" xml:lang="en" lang="en">
 <head>
  <title>
</title>
<meta http-equiv="Content-Type" content="text/html;charset=utf-8" />
  <meta name='ocr-system' content='tesseract 3.04.00' />
  <meta name='ocr-capabilities' content='ocr_page ocr_carea ocr_par ocr_line ocrx_word'/>
</head>
<body>
  <div class='ocr_page' id='page_1' title='image "./historiadiploma01degoog_0371.png"; bbox 0 0 4842 5802; ppageno 0'>
   <div class='ocr_carea' id='block_1_1' title="bbox 911 733 3718 819">
    <p class='ocr_par' dir='ltr' id='par_1_1' title="bbox 911 733 3718 819">
     <span class='ocr_line' id='line_1_1' title="bbox 911 733 3718 819; baseline -0.003 -17"><span class='ocrx_word' id='word_1_1' title='bbox 911 743 1108 807; x_wconf 61' lang='lat' dir='ltr'>laniet.</span> <span class='ocrx_word' id='word_1_2' title='bbox 1141 741 1235 819; x_wconf 85' lang='grc'>9.]</span> <span class='ocrx_word' id='word_1_3' title='bbox 1806 735 2197 798; x_wconf 81' lang='lat' dir='ltr'>HISTORIA</span> <span class='ocrx_word' id='word_1_4' title='bbox 2246 733 2829 798; x_wconf 77' lang='lat' dir='ltr'>mPLOMATicA.</span> <span class='ocrx_word' id='word_1_5' title='bbox 2885 812 2890 817; x_wconf 77' lang='lat'>,</span> <span class='ocrx_word' id='word_1_6' title='bbox 3602 734 3718 795; x_wconf 85' lang='lat'>851</span> 
     </span>
    </p>
   </div>
   <div class='ocr_carea' id='block_1_2' title="bbox 913 869 3752 4427">
    <p class='ocr_par' dir='ltr' id='par_1_2' title="bbox 913 869 3752 4427">
     <span class='ocr_line' id='line_1_2' title="bbox 913 869 3724 969; baseline -0.003 -20"><span class='ocrx_word' id='word_1_7' title='bbox 913 889 1170 952; x_wconf 90' lang='lat' dir='ltr'>trorum</span> <span class='ocrx_word' id='word_1_8' title='bbox 1217 876 1499 949; x_wconf 90' lang='lat' dir='ltr'>consilio</span> <span class='ocrx_word' id='word_1_9' title='bbox 1537 873 1959 969; x_wconf 86' lang='lat' dir='ltr'>principum,</span> <span class='ocrx_word' id='word_1_10' title='bbox 2002 874 2192 967; x_wconf 89' lang='lat' dir='ltr'>apud</span> <span class='ocrx_word' id='word_1_11' title='bbox 2231 873 2646 947; x_wconf 74' lang='lat' dir='ltr'>Placentiam</span> <span class='ocrx_word' id='word_1_12' title='bbox 2681 873 2784 967; x_wconf 84' lang='lat' dir='ltr'>(a)</span> <span class='ocrx_word' id='word_1_13' title='bbox 2820 873 3169 947; x_wconf 83' lang='lat' dir='ltr'><strong>solennem</strong></span> <span class='ocrx_word' id='word_1_14' title='bbox 3203 870 3464 943; x_wconf 90' lang='lat' dir='ltr'>curiam</span> <span class='ocrx_word' id='word_1_15' title='bbox 3510 869 3724 943; x_wconf 80' lang='lat' dir='ltr'>duxi-</span> 
     </span>
     <span class='ocr_line' id='line_1_3' title="bbox 913 992 3729 1090; baseline -0.004 -17"><span class='ocrx_word' id='word_1_16' title='bbox 913 1023 1069 1073; x_wconf 86' lang='lat' dir='ltr'>mus</span> <span class='ocrx_word' id='word_1_17' title='bbox 1102 998 1578 1087; x_wconf 83' lang='lat' dir='ltr'>indicendam,</span> <span class='ocrx_word' id='word_1_18' title='bbox 1613 995 1708 1068; x_wconf 90' lang='lat' dir='ltr'>ad</span> <span class='ocrx_word' id='word_1_19' title='bbox 1742 1016 1955 1090; x_wconf 88' lang='lat' dir='ltr'>quam</span> <span class='ocrx_word' id='word_1_20' title='bbox 1979 996 2069 1067; x_wconf 90' lang='lat' dir='ltr'>ab</span> <span class='ocrx_word' id='word_1_21' title='bbox 2097 996 2279 1069; x_wconf 88' lang='lat' dir='ltr'>Urbe</span> <span class='ocrx_word' id='word_1_22' title='bbox 2312 997 2480 1069; x_wconf 88' lang='lat' dir='ltr'>citra</span> <span class='ocrx_word' id='word_1_23' title='bbox 2501 997 2810 1068; x_wconf 90' lang='lat' dir='ltr'>omnium</span> <span class='ocrx_word' id='word_1_24' title='bbox 2835 996 3191 1069; x_wconf 88' lang='lat' dir='ltr'>civitatum</span> <span class='ocrx_word' id='word_1_25' title='bbox 3219 994 3410 1066; x_wconf 88' lang='lat' dir='ltr'>Italie</span> <span class='ocrx_word' id='word_1_26' title='bbox 3438 992 3729 1065; x_wconf 82' lang='lat' dir='ltr'>nuncios</span> 
     </span>
     <span class='ocr_line' id='line_1_4' title="bbox 916 1116 3731 1216; baseline -0.004 -20"><span class='ocrx_word' id='word_1_27' title='bbox 916 1125 1317 1196; x_wconf 81' lang='lat' dir='ltr'>invitamus.</span> <span class='ocrx_word' id='word_1_28' title='bbox 1358 1122 1603 1216; x_wconf 86' lang='lat' dir='ltr'>Ibique</span> <span class='ocrx_word' id='word_1_29' title='bbox 1637 1120 2083 1214; x_wconf 86' lang='lat' dir='ltr'>quamplures</span> <span class='ocrx_word' id='word_1_30' title='bbox 2119 1119 2480 1191; x_wconf 91' lang='lat' dir='ltr'>nobiscum</span> <span class='ocrx_word' id='word_1_31' title='bbox 2524 1120 2871 1215; x_wconf 86' lang='lat' dir='ltr'>principes</span> <span class='ocrx_word' id='word_1_32' title='bbox 2897 1127 3163 1191; x_wconf 92' lang='lat' dir='ltr'>nostros</span> <span class='ocrx_word' id='word_1_33' title='bbox 3201 1117 3615 1189; x_wconf 88' lang='lat' dir='ltr'>habebimus</span> <span class='ocrx_word' id='word_1_34' title='bbox 3657 1116 3731 1187; x_wconf 90' lang='lat' dir='ltr'>in</span> 
     </span>
     <span class='ocr_line' id='line_1_5' title="bbox 916 1240 3729 1336; baseline -0.002 -19"><span class='ocrx_word' id='word_1_35' title='bbox 916 1244 1299 1318; x_wconf 87' lang='lat' dir='ltr'>honorabili</span> <span class='ocrx_word' id='word_1_36' title='bbox 1353 1243 1717 1331; x_wconf 87' lang='lat' dir='ltr'>comitiva;</span> <span class='ocrx_word' id='word_1_37' title='bbox 1774 1244 2034 1334; x_wconf 90' lang='lat' dir='ltr'>legatos</span> <span class='ocrx_word' id='word_1_38' title='bbox 2067 1242 2272 1313; x_wconf 90' lang='lat' dir='ltr'>etiam</span> <span class='ocrx_word' id='word_1_39' title='bbox 2331 1245 2640 1315; x_wconf 90' lang='lat' dir='ltr'>omnium</span> <span class='ocrx_word' id='word_1_40' title='bbox 2694 1264 2934 1336; x_wconf 89' lang='lat' dir='ltr'>regum</span> <span class='ocrx_word' id='word_1_41' title='bbox 2983 1240 3509 1314; x_wconf 91' lang='lat' dir='ltr'>occidentalium</span> <span class='ocrx_word' id='word_1_42' title='bbox 3568 1262 3729 1335; x_wconf 88' lang='lat' dir='ltr'>par-</span> 
     </span>
     <span class='ocr_line' id='line_1_6' title="bbox 913 1362 3730 1461; baseline -0.003 -21"><span class='ocrx_word' id='word_1_43' title='bbox 913 1370 1128 1456; x_wconf 90' lang='lat' dir='ltr'>tium,</span> <span class='ocrx_word' id='word_1_44' title='bbox 1168 1389 1345 1461; x_wconf 90' lang='lat' dir='ltr'>quos</span> <span class='ocrx_word' id='word_1_45' title='bbox 1399 1368 1541 1439; x_wconf 80' lang='lat' dir='ltr'>fere</span> <span class='ocrx_word' id='word_1_46' title='bbox 1575 1386 1816 1438; x_wconf 89' lang='lat' dir='ltr'>omnes</span> <span class='ocrx_word' id='word_1_47' title='bbox 1847 1364 2198 1436; x_wconf 87' lang='lat' dir='ltr'>affinitatis</span> <span class='ocrx_word' id='word_1_48' title='bbox 2243 1365 2441 1437; x_wconf 90' lang='lat' dir='ltr'>nobis</span> <span class='ocrx_word' id='word_1_49' title='bbox 2488 1366 2843 1439; x_wconf 88' lang='lat' dir='ltr'>vinculum</span> <span class='ocrx_word' id='word_1_50' title='bbox 2896 1364 3259 1437; x_wconf 90' lang='lat' dir='ltr'>unanimes</span> <span class='ocrx_word' id='word_1_51' title='bbox 3299 1365 3442 1457; x_wconf 88' lang='lat' dir='ltr'>jam</span> <span class='ocrx_word' id='word_1_52' title='bbox 3480 1362 3730 1452; x_wconf 87' lang='lat' dir='ltr'>effecit,</span> 
     </span>
     <span class='ocr_line' id='line_1_7' title="bbox 916 1487 3739 1585; baseline -0.001 -22"><span class='ocrx_word' id='word_1_53' title='bbox 916 1491 1174 1565; x_wconf 88' lang='lat' dir='ltr'>ibidem</span> <span class='ocrx_word' id='word_1_54' title='bbox 1220 1493 1459 1585; x_wconf 92' lang='lat' dir='ltr'>procul</span> <span class='ocrx_word' id='word_1_55' title='bbox 1504 1489 1719 1562; x_wconf 89' lang='lat' dir='ltr'>dubio</span> <span class='ocrx_word' id='word_1_56' title='bbox 1774 1508 1900 1560; x_wconf 92' lang='lat' dir='ltr'>nos</span> <span class='ocrx_word' id='word_1_57' title='bbox 1948 1488 2294 1560; x_wconf 90' lang='lat' dir='ltr'>credimus</span> <span class='ocrx_word' id='word_1_58' title='bbox 2328 1487 2721 1583; x_wconf 91' lang='lat' dir='ltr'>habituros,</span> <span class='ocrx_word' id='word_1_59' title='bbox 2768 1499 2841 1559; x_wconf 91' lang='lat' dir='ltr'>ut</span> <span class='ocrx_word' id='word_1_60' title='bbox 2887 1488 3285 1560; x_wconf 91' lang='lat' dir='ltr'>intentionis</span> <span class='ocrx_word' id='word_1_61' title='bbox 3331 1495 3561 1559; x_wconf 91' lang='lat' dir='ltr'>nostre</span> <span class='ocrx_word' id='word_1_62' title='bbox 3612 1508 3739 1559; x_wconf 90' lang='lat' dir='ltr'>sa-</span> 
     </span>
     <span class='ocr_line' id='line_1_8' title="bbox 917 1611 3740 1706; baseline -0.001 -20"><span class='ocrx_word' id='word_1_63' title='bbox 917 1615 1114 1687; x_wconf 91' lang='lat' dir='ltr'>lubre</span> <span class='ocrx_word' id='word_1_64' title='bbox 1152 1614 1515 1687; x_wconf 89' lang='lat' dir='ltr'>consilium</span> <span class='ocrx_word' id='word_1_65' title='bbox 1570 1633 1655 1684; x_wconf 89' lang='lat' dir='ltr'>ac</span> <span class='ocrx_word' id='word_1_66' title='bbox 1713 1612 2175 1706; x_wconf 88' lang='lat' dir='ltr'>propositum,</span> <span class='ocrx_word' id='word_1_67' title='bbox 2218 1611 2410 1705; x_wconf 93' lang='lat' dir='ltr'>quod</span> <span class='ocrx_word' id='word_1_68' title='bbox 2461 1612 2552 1685; x_wconf 93' lang='lat' dir='ltr'>de</span> <span class='ocrx_word' id='word_1_69' title='bbox 2599 1611 2909 1684; x_wconf 93' lang='lat' dir='ltr'>subsidio</span> <span class='ocrx_word' id='word_1_70' title='bbox 2957 1613 3161 1683; x_wconf 88' lang='lat' dir='ltr'>Terre</span> <span class='ocrx_word' id='word_1_71' title='bbox 3210 1611 3334 1683; x_wconf 90' lang='lat' dir='ltr'>Dei</span> <span class='ocrx_word' id='word_1_72' title='bbox 3390 1619 3460 1684; x_wconf 92' lang='lat' dir='ltr'>et</span> <span class='ocrx_word' id='word_1_73' title='bbox 3508 1613 3740 1684; x_wconf 81' lang='lat' dir='ltr'>refor—</span> 
     </span>
     <span class='ocr_line' id='line_1_9' title="bbox 921 1733 3742 1831; baseline -0.002 -20"><span class='ocrx_word' id='word_1_74' title='bbox 921 1740 1220 1811; x_wconf 90' lang='lat' dir='ltr'>matione</span> <span class='ocrx_word' id='word_1_75' title='bbox 1259 1738 1523 1831; x_wconf 90' lang='lat' dir='ltr'>jurium</span> <span class='ocrx_word' id='word_1_76' title='bbox 1578 1735 1882 1808; x_wconf 90' lang='lat' dir='ltr'>Ecclesie</span> <span class='ocrx_word' id='word_1_77' title='bbox 1919 1744 1989 1806; x_wconf 93' lang='lat' dir='ltr'>et</span> <span class='ocrx_word' id='word_1_78' title='bbox 2040 1734 2309 1828; x_wconf 91' lang='lat' dir='ltr'>imperii</span> <span class='ocrx_word' id='word_1_79' title='bbox 2371 1736 2444 1805; x_wconf 93' lang='lat' dir='ltr'>in</span> <span class='ocrx_word' id='word_1_80' title='bbox 2501 1736 2694 1807; x_wconf 87' lang='lat' dir='ltr'>Italia</span> <span class='ocrx_word' id='word_1_81' title='bbox 2750 1746 2820 1807; x_wconf 91' lang='lat' dir='ltr'>et</span> <span class='ocrx_word' id='word_1_82' title='bbox 2871 1743 3054 1809; x_wconf 89' lang='lat' dir='ltr'>statu</span> <span class='ocrx_word' id='word_1_83' title='bbox 3105 1733 3392 1830; x_wconf 87' lang='lat' dir='ltr'>pacifico</span> <span class='ocrx_word' id='word_1_84' title='bbox 3442 1736 3742 1829; x_wconf 84' lang='lat' dir='ltr'>regionis</span> 
     </span>
     <span class='ocr_line' id='line_1_10' title="bbox 920 1858 3743 1956; baseline -0.001 -21"><span class='ocrx_word' id='word_1_85' title='bbox 920 1863 1233 1955; x_wconf 87' lang='lat' dir='ltr'>ejusdem</span> <span class='ocrx_word' id='word_1_86' title='bbox 1271 1862 1388 1956; x_wconf 89' lang='lat' dir='ltr'>pia</span> <span class='ocrx_word' id='word_1_87' title='bbox 1421 1868 1650 1932; x_wconf 89' lang='lat' dir='ltr'>mente</span> <span class='ocrx_word' id='word_1_88' title='bbox 1685 1858 2151 1953; x_wconf 87' lang='lat' dir='ltr'>concepimus,</span> <span class='ocrx_word' id='word_1_89' title='bbox 2191 1858 2263 1928; x_wconf 90' lang='lat' dir='ltr'>in</span> <span class='ocrx_word' id='word_1_90' title='bbox 2299 1859 2649 1932; x_wconf 90' lang='lat' dir='ltr'>solennem</span> <span class='ocrx_word' id='word_1_91' title='bbox 2682 1869 2751 1931; x_wconf 89' lang='lat' dir='ltr'>et</span> <span class='ocrx_word' id='word_1_92' title='bbox 2795 1859 3141 1953; x_wconf 91' lang='lat' dir='ltr'>publicam</span> <span class='ocrx_word' id='word_1_93' title='bbox 3185 1859 3472 1953; x_wconf 80' lang='lat' dir='ltr'>prodeat</span> <span class='ocrx_word' id='word_1_94' title='bbox 3507 1861 3743 1932; x_wconf 91' lang='lat' dir='ltr'>notio-</span> 
     </span>
     <span class='ocr_line' id='line_1_11' title="bbox 924 1982 3740 2077; baseline -0.002 -18"><span class='ocrx_word' id='word_1_95' title='bbox 924 2009 1122 2077; x_wconf 92' lang='lat' dir='ltr'>nem;</span> <span class='ocrx_word' id='word_1_96' title='bbox 1160 1994 1229 2059; x_wconf 89' lang='lat' dir='ltr'>et</span> <span class='ocrx_word' id='word_1_97' title='bbox 1275 1986 1336 2057; x_wconf 91' lang='lat' dir='ltr'>si</span> <span class='ocrx_word' id='word_1_98' title='bbox 1387 1992 1577 2057; x_wconf 87' lang='lat' dir='ltr'>tanta</span> <span class='ocrx_word' id='word_1_99' title='bbox 1629 1983 1987 2056; x_wconf 90' lang='lat' dir='ltr'>rebellium</span> <span class='ocrx_word' id='word_1_100' title='bbox 2035 1982 2241 2053; x_wconf 80' lang='lat' dir='ltr'>fuerit</span> <span class='ocrx_word' id='word_1_101' title='bbox 2294 1984 2574 2054; x_wconf 88' lang='lat' dir='ltr'>inventa</span> <span class='ocrx_word' id='word_1_102' title='bbox 2625 1982 3062 2076; x_wconf 87' lang='lat' dir='ltr'>protervitas,</span> <span class='ocrx_word' id='word_1_103' title='bbox 3099 1982 3288 2077; x_wconf 92' lang='lat' dir='ltr'>quod</span> <span class='ocrx_word' id='word_1_104' title='bbox 3326 2003 3454 2054; x_wconf 90' lang='lat' dir='ltr'>nec</span> <span class='ocrx_word' id='word_1_105' title='bbox 3489 1983 3582 2055; x_wconf 91' lang='lat' dir='ltr'>ad</span> <span class='ocrx_word' id='word_1_106' title='bbox 3615 1982 3740 2055; x_wconf 90' lang='lat' dir='ltr'>Dei</span> 
     </span>
     <span class='ocr_line' id='line_1_12' title="bbox 924 2105 3739 2201; baseline -0.002 -19"><span class='ocrx_word' id='word_1_107' title='bbox 924 2111 1274 2201; x_wconf 79' lang='lat' dir='ltr'>negotium</span> <span class='ocrx_word' id='word_1_108' title='bbox 1324 2129 1453 2181; x_wconf 91' lang='lat' dir='ltr'>nec</span> <span class='ocrx_word' id='word_1_109' title='bbox 1489 2106 1581 2181; x_wconf 86' lang='lat' dir='ltr'>ad</span> <span class='ocrx_word' id='word_1_110' title='bbox 1619 2106 1835 2179; x_wconf 90' lang='lat' dir='ltr'>decus</span> <span class='ocrx_word' id='word_1_111' title='bbox 1870 2106 2135 2201; x_wconf 90' lang='lat' dir='ltr'>imperii</span> <span class='ocrx_word' id='word_1_112' title='bbox 2176 2114 2247 2177; x_wconf 91' lang='lat' dir='ltr'>et</span> <span class='ocrx_word' id='word_1_113' title='bbox 2278 2105 2579 2179; x_wconf 90' lang='lat' dir='ltr'>Ecclesie</span> <span class='ocrx_word' id='word_1_114' title='bbox 2620 2105 2836 2178; x_wconf 89' lang='lat' dir='ltr'>velint</span> <span class='ocrx_word' id='word_1_115' title='bbox 2861 2106 3119 2180; x_wconf 89' lang='lat' dir='ltr'>habere</span> <span class='ocrx_word' id='word_1_116' title='bbox 3153 2116 3564 2200; x_wconf 89' lang='lat' dir='ltr'>respectum,</span> <span class='ocrx_word' id='word_1_117' title='bbox 3602 2113 3739 2179; x_wconf 90' lang='lat' dir='ltr'>tam</span> 
     </span>
     <span class='ocr_line' id='line_1_13' title="bbox 922 2227 3744 2324; baseline -0.002 -17"><span class='ocrx_word' id='word_1_118' title='bbox 922 2234 1211 2307; x_wconf 89' lang='lat' dir='ltr'>celebris</span> <span class='ocrx_word' id='word_1_119' title='bbox 1259 2230 1625 2304; x_wconf 88' lang='lat' dir='ltr'>tribunalis</span> <span class='ocrx_word' id='word_1_120' title='bbox 1657 2231 1733 2301; x_wconf 91' lang='lat' dir='ltr'>in</span> <span class='ocrx_word' id='word_1_121' title='bbox 1770 2251 1889 2302; x_wconf 90' lang='lat' dir='ltr'>eos</span> <span class='ocrx_word' id='word_1_122' title='bbox 1932 2230 2265 2302; x_wconf 87' lang='lat' dir='ltr'>sententie</span> <span class='ocrx_word' id='word_1_123' title='bbox 2298 2227 2579 2321; x_wconf 83' lang='lat' dir='ltr'>gladius</span> <span class='ocrx_word' id='word_1_124' title='bbox 2612 2238 2934 2302; x_wconf 83' lang='lat' dir='ltr'>exeratur</span> <span class='ocrx_word' id='word_1_125' title='bbox 2974 2255 2991 2299; x_wconf 75' lang='grc' dir='ltr'><strong>ε</strong></span> <span class='ocrx_word' id='word_1_126' title='bbox 3031 2251 3171 2323; x_wconf 89' lang='lat' dir='ltr'>que</span> <span class='ocrx_word' id='word_1_127' title='bbox 3205 2228 3463 2300; x_wconf 89' lang='lat' dir='ltr'>nullius</span> <span class='ocrx_word' id='word_1_128' title='bbox 3500 2231 3744 2324; x_wconf 89' lang='lat' dir='ltr'>appel-</span> 
     </span>
     <span class='ocr_line' id='line_1_14' title="bbox 925 2352 3744 2449; baseline -0.001 -19"><span class='ocrx_word' id='word_1_129' title='bbox 925 2357 1199 2430; x_wconf 88' lang='lat' dir='ltr'>lationis</span> <span class='ocrx_word' id='word_1_130' title='bbox 1248 2378 1377 2429; x_wconf 94' lang='lat' dir='ltr'>nec</span> <span class='ocrx_word' id='word_1_131' title='bbox 1440 2352 1965 2449; x_wconf 88' lang='lat' dir='ltr'>supplicationis</span> <span class='ocrx_word' id='word_1_132' title='bbox 2017 2354 2322 2427; x_wconf 89' lang='lat' dir='ltr'>remedio</span> <span class='ocrx_word' id='word_1_133' title='bbox 2374 2352 2859 2448; x_wconf 88' lang='lat' dir='ltr'>suspendetur,</span> <span class='ocrx_word' id='word_1_134' title='bbox 2912 2352 3039 2425; x_wconf 93' lang='lat' dir='ltr'>sed</span> <span class='ocrx_word' id='word_1_135' title='bbox 3090 2354 3161 2423; x_wconf 92' lang='lat' dir='ltr'>in</span> <span class='ocrx_word' id='word_1_136' title='bbox 3210 2374 3353 2425; x_wconf 91' lang='lat' dir='ltr'>rem</span> <span class='ocrx_word' id='word_1_137' title='bbox 3405 2354 3744 2426; x_wconf 89' lang='lat' dir='ltr'>transiens</span> 
     </span>
     <span class='ocr_line' id='line_1_15' title="bbox 919 2476 3743 2573; baseline -0 -22"><span class='ocrx_word' id='word_1_138' title='bbox 919 2480 1342 2573; x_wconf 87' lang='lat' dir='ltr'>judicatam,</span> <span class='ocrx_word' id='word_1_139' title='bbox 1385 2479 1705 2550; x_wconf 85' lang='lat' dir='ltr'>effectum</span> <span class='ocrx_word' id='word_1_140' title='bbox 1755 2476 1964 2549; x_wconf 91' lang='lat' dir='ltr'>dante</span> <span class='ocrx_word' id='word_1_141' title='bbox 2022 2477 2313 2549; x_wconf 90' lang='lat' dir='ltr'>Domino</span> <span class='ocrx_word' id='word_1_142' title='bbox 2363 2477 2673 2549; x_wconf 88' lang='lat' dir='ltr'>debitum</span> <span class='ocrx_word' id='word_1_143' title='bbox 2710 2499 2751 2549; x_wconf 91' lang='lat' dir='ltr'>e</span> <span class='ocrx_word' id='word_1_144' title='bbox 2787 2476 3080 2569; x_wconf 88' lang='lat' dir='ltr'>vestigio</span> <span class='ocrx_word' id='word_1_145' title='bbox 3131 2486 3613 2570; x_wconf 87' lang='lat' dir='ltr'>consequetur.</span> <span class='ocrx_word' id='word_1_146' title='bbox 3658 2478 3743 2550; x_wconf 90' lang='lat' dir='ltr'>Et</span> 
     </span>
     <span class='ocr_line' id='line_1_16' title="bbox 928 2601 3737 2695; baseline -0.002 -19"><span class='ocrx_word' id='word_1_147' title='bbox 928 2614 1004 2676; x_wconf 92' lang='lat' dir='ltr'>ut</span> <span class='ocrx_word' id='word_1_148' title='bbox 1063 2605 1134 2675; x_wconf 93' lang='lat' dir='ltr'>in</span> <span class='ocrx_word' id='word_1_149' title='bbox 1181 2603 1505 2675; x_wconf 92' lang='lat' dir='ltr'>omnibus</span> <span class='ocrx_word' id='word_1_150' title='bbox 1548 2602 1878 2694; x_wconf 90' lang='lat' dir='ltr'>antiquus</span> <span class='ocrx_word' id='word_1_151' title='bbox 1926 2608 1996 2673; x_wconf 90' lang='lat' dir='ltr'>et</span> <span class='ocrx_word' id='word_1_152' title='bbox 2044 2601 2323 2674; x_wconf 92' lang='lat' dir='ltr'>debitus</span> <span class='ocrx_word' id='word_1_153' title='bbox 2366 2622 2518 2673; x_wconf 92' lang='lat' dir='ltr'>mos</span> <span class='ocrx_word' id='word_1_154' title='bbox 2563 2611 2633 2673; x_wconf 93' lang='lat' dir='ltr'>et</span> <span class='ocrx_word' id='word_1_155' title='bbox 2680 2601 2901 2673; x_wconf 90' lang='lat' dir='ltr'>honor</span> <span class='ocrx_word' id='word_1_156' title='bbox 2939 2601 3208 2695; x_wconf 91' lang='lat' dir='ltr'>imperii</span> <span class='ocrx_word' id='word_1_157' title='bbox 3267 2610 3737 2690; x_wconf 88' lang='lat' dir='ltr'>conservetur,</span> 
     </span>
     <span class='ocr_line' id='line_1_17' title="bbox 928 2723 3745 2822; baseline -0.002 -21"><span class='ocrx_word' id='word_1_158' title='bbox 928 2748 1091 2801; x_wconf 89' lang='lat' dir='ltr'>ecce</span> <span class='ocrx_word' id='word_1_159' title='bbox 1127 2727 1319 2822; x_wconf 92' lang='lat' dir='ltr'>quod</span> <span class='ocrx_word' id='word_1_160' title='bbox 1353 2735 1514 2799; x_wconf 89' lang='lat' dir='ltr'>ante</span> <span class='ocrx_word' id='word_1_161' title='bbox 1558 2725 1800 2798; x_wconf 80' lang='lat' dir='ltr'>faciem</span> <span class='ocrx_word' id='word_1_162' title='bbox 1850 2734 2151 2797; x_wconf 88' lang='lat' dir='ltr'>nostram</span> <span class='ocrx_word' id='word_1_163' title='bbox 2185 2723 2277 2797; x_wconf 91' lang='lat' dir='ltr'>de</span> <span class='ocrx_word' id='word_1_164' title='bbox 2331 2725 2760 2820; x_wconf 87' lang='lat' dir='ltr'>principibus</span> <span class='ocrx_word' id='word_1_165' title='bbox 2813 2726 3059 2797; x_wconf 90' lang='lat' dir='ltr'>nostris</span> <span class='ocrx_word' id='word_1_166' title='bbox 3110 2725 3409 2819; x_wconf 91' lang='lat' dir='ltr'>aliquem</span> <span class='ocrx_word' id='word_1_167' title='bbox 3454 2725 3745 2819; x_wconf 92' lang='lat' dir='ltr'>premit-</span> 
     </span>
     <span class='ocr_line' id='line_1_18' title="bbox 929 2846 3745 2946; baseline -0.001 -21"><span class='ocrx_word' id='word_1_168' title='bbox 929 2862 1193 2940; x_wconf 91' lang='lat' dir='ltr'>temus,</span> <span class='ocrx_word' id='word_1_169' title='bbox 1252 2852 1363 2924; x_wconf 92' lang='lat' dir='ltr'>cui</span> <span class='ocrx_word' id='word_1_170' title='bbox 1439 2850 1813 2946; x_wconf 90' lang='lat' dir='ltr'>plenariam</span> <span class='ocrx_word' id='word_1_171' title='bbox 1876 2846 2198 2922; x_wconf 92' lang='lat' dir='ltr'>dabimus</span> <span class='ocrx_word' id='word_1_172' title='bbox 2253 2857 2655 2943; x_wconf 87' lang='lat' dir='ltr'>potestatem</span> <span class='ocrx_word' id='word_1_173' title='bbox 2725 2849 3203 2923; x_wconf 85' lang='lat' dir='ltr'>universitates</span> <span class='ocrx_word' id='word_1_174' title='bbox 3258 2848 3600 2944; x_wconf 90' lang='lat' dir='ltr'>quaslibet</span> <span class='ocrx_word' id='word_1_175' title='bbox 3662 2870 3745 2921; x_wconf 90' lang='lat' dir='ltr'>ac</span> 
     </span>
     <span class='ocr_line' id='line_1_19' title="bbox 927 2973 3746 3070; baseline -0.002 -21"><span class='ocrx_word' id='word_1_176' title='bbox 927 2978 1136 3049; x_wconf 90' lang='lat' dir='ltr'>etiam</span> <span class='ocrx_word' id='word_1_177' title='bbox 1184 2995 1513 3070; x_wconf 89' lang='lat' dir='ltr'>personas</span> <span class='ocrx_word' id='word_1_178' title='bbox 1573 2974 1958 3067; x_wconf 80' lang='lat' dir='ltr'>singulares</span> <span class='ocrx_word' id='word_1_179' title='bbox 2004 2982 2204 3044; x_wconf 84' lang='lat' dir='ltr'>extra</span> <span class='ocrx_word' id='word_1_180' title='bbox 2253 2973 2575 3045; x_wconf 90' lang='lat' dir='ltr'>culminis</span> <span class='ocrx_word' id='word_1_181' title='bbox 2611 2973 2822 3045; x_wconf 91' lang='lat' dir='ltr'>nostri</span> <span class='ocrx_word' id='word_1_182' title='bbox 2859 2973 3148 3066; x_wconf 82' lang='lat' dir='ltr'>gratiam</span> <span class='ocrx_word' id='word_1_183' title='bbox 3199 2973 3270 3045; x_wconf 92' lang='lat' dir='ltr'>in</span> <span class='ocrx_word' id='word_1_184' title='bbox 3322 2974 3552 3046; x_wconf 91' lang='lat' dir='ltr'>banno</span> <span class='ocrx_word' id='word_1_185' title='bbox 3605 2973 3746 3044; x_wconf 90' lang='lat' dir='ltr'>im-</span> 
     </span>
     <span class='ocr_line' id='line_1_20' title="bbox 925 3096 3744 3195; baseline -0.001 -22"><span class='ocrx_word' id='word_1_186' title='bbox 925 3101 1098 3195; x_wconf 91' lang='lat' dir='ltr'>perii</span> <span class='ocrx_word' id='word_1_187' title='bbox 1154 3099 1531 3173; x_wconf 87' lang='lat' dir='ltr'>existentes</span> <span class='ocrx_word' id='word_1_188' title='bbox 1545 3151 1566 3190; x_wconf 99' lang='lat'>,</span> <span class='ocrx_word' id='word_1_189' title='bbox 1628 3098 1699 3168; x_wconf 93' lang='lat' dir='ltr'>in</span> <span class='ocrx_word' id='word_1_190' title='bbox 1756 3096 2254 3191; x_wconf 91' lang='lat' dir='ltr'>plenitudinem</span> <span class='ocrx_word' id='word_1_191' title='bbox 2298 3106 2530 3170; x_wconf 90' lang='lat' dir='ltr'>nostre</span> <span class='ocrx_word' id='word_1_192' title='bbox 2579 3099 2797 3189; x_wconf 90' lang='lat' dir='ltr'>gratie</span> <span class='ocrx_word' id='word_1_193' title='bbox 2840 3099 3183 3192; x_wconf 88' lang='lat' dir='ltr'>recipere,</span> <span class='ocrx_word' id='word_1_194' title='bbox 3243 3107 3447 3193; x_wconf 91' lang='lat' dir='ltr'>prout</span> <span class='ocrx_word' id='word_1_195' title='bbox 3500 3098 3744 3172; x_wconf 92' lang='lat' dir='ltr'>honori</span> 
     </span>
     <span class='ocr_line' id='line_1_21' title="bbox 927 3218 3745 3318; baseline 0 -23"><span class='ocrx_word' id='word_1_196' title='bbox 927 3233 1160 3297; x_wconf 88' lang='lat' dir='ltr'>nostro</span> <span class='ocrx_word' id='word_1_197' title='bbox 1212 3233 1280 3296; x_wconf 92' lang='lat' dir='ltr'>et</span> <span class='ocrx_word' id='word_1_198' title='bbox 1329 3223 1597 3318; x_wconf 92' lang='lat' dir='ltr'>imperii</span> <span class='ocrx_word' id='word_1_199' title='bbox 1668 3218 1921 3294; x_wconf 89' lang='lat' dir='ltr'>viderit</span> <span class='ocrx_word' id='word_1_200' title='bbox 1983 3220 2339 3315; x_wconf 83' lang='lat' dir='ltr'>expedire.</span> <span class='ocrx_word' id='word_1_201' title='bbox 2396 3221 2858 3294; x_wconf 91' lang='lat' dir='ltr'>Premittendo</span> <span class='ocrx_word' id='word_1_202' title='bbox 2901 3223 3108 3295; x_wconf 89' lang='lat' dir='ltr'>etiam</span> <span class='ocrx_word' id='word_1_203' title='bbox 3166 3222 3457 3317; x_wconf 89' lang='lat' dir='ltr'>principi</span> <span class='ocrx_word' id='word_1_204' title='bbox 3516 3232 3745 3317; x_wconf 92' lang='lat' dir='ltr'>potes-</span> 
     </span>
     <span class='ocr_line' id='line_1_22' title="bbox 925 3344 3747 3421; baseline 0 -2"><span class='ocrx_word' id='word_1_205' title='bbox 925 3358 1136 3420; x_wconf 85' lang='lat' dir='ltr'>tatem</span> <span class='ocrx_word' id='word_1_206' title='bbox 1191 3347 1499 3419; x_wconf 84' lang='lat' dir='ltr'>conferre</span> <span class='ocrx_word' id='word_1_207' title='bbox 1564 3344 2001 3417; x_wconf 90' lang='lat' dir='ltr'>decrevimus</span> <span class='ocrx_word' id='word_1_208' title='bbox 2068 3344 2138 3415; x_wconf 89' lang='lat' dir='ltr'>in</span> <span class='ocrx_word' id='word_1_209' title='bbox 2207 3353 2647 3417; x_wconf 89' lang='lat' dir='ltr'>contumaces</span> <span class='ocrx_word' id='word_1_210' title='bbox 2713 3366 2896 3417; x_wconf 91' lang='lat' dir='ltr'>nova</span> <span class='ocrx_word' id='word_1_211' title='bbox 2953 3346 3181 3418; x_wconf 89' lang='lat' dir='ltr'>banna</span> <span class='ocrx_word' id='word_1_212' title='bbox 3248 3345 3615 3420; x_wconf 90' lang='lat' dir='ltr'>decernere</span> <span class='ocrx_word' id='word_1_213' title='bbox 3677 3356 3747 3421; x_wconf 90' lang='lat' dir='ltr'>et</span> 
     </span>
     <span class='ocr_line' id='line_1_23' title="bbox 927 3467 3738 3563; baseline 0 -21"><span class='ocrx_word' id='word_1_214' title='bbox 927 3469 1163 3542; x_wconf 89' lang='lat' dir='ltr'>debita</span> <span class='ocrx_word' id='word_1_215' title='bbox 1217 3490 1335 3542; x_wconf 85' lang='lat' dir='ltr'>eos</span> <span class='ocrx_word' id='word_1_216' title='bbox 1393 3467 1991 3540; x_wconf 88' lang='lat' dir='ltr'>animadversione</span> <span class='ocrx_word' id='word_1_217' title='bbox 2045 3467 2323 3562; x_wconf 82' lang='lat' dir='ltr'>punire3</span> <span class='ocrx_word' id='word_1_218' title='bbox 2374 3469 2492 3541; x_wconf 92' lang='lat' dir='ltr'>illo</span> <span class='ocrx_word' id='word_1_219' title='bbox 2539 3469 2973 3563; x_wconf 89' lang='lat' dir='ltr'>presentibus</span> <span class='ocrx_word' id='word_1_220' title='bbox 3015 3470 3393 3563; x_wconf 86' lang='lat' dir='ltr'>expressim</span> <span class='ocrx_word' id='word_1_221' title='bbox 3442 3470 3738 3562; x_wconf 83' lang='lat' dir='ltr'>inserte,</span> 
     </span>
     <span class='ocr_line' id='line_1_24' title="bbox 929 3591 3749 3688; baseline 0.001 -26"><span class='ocrx_word' id='word_1_222' title='bbox 929 3592 1122 3688; x_wconf 89' lang='lat' dir='ltr'>quod</span> <span class='ocrx_word' id='word_1_223' title='bbox 1156 3613 1282 3664; x_wconf 92' lang='lat' dir='ltr'>nos</span> <span class='ocrx_word' id='word_1_224' title='bbox 1312 3591 1773 3686; x_wconf 88' lang='lat' dir='ltr'>promittimus</span> <span class='ocrx_word' id='word_1_225' title='bbox 1817 3591 2305 3664; x_wconf 89' lang='lat' dir='ltr'>inviolabiliter</span> <span class='ocrx_word' id='word_1_226' title='bbox 2348 3592 2750 3683; x_wconf 88' lang='lat' dir='ltr'>observare,</span> <span class='ocrx_word' id='word_1_227' title='bbox 2792 3600 2861 3664; x_wconf 90' lang='lat' dir='ltr'>et</span> <span class='ocrx_word' id='word_1_228' title='bbox 2896 3592 3247 3682; x_wconf 84' lang='lat' dir='ltr'>observari</span> <span class='ocrx_word' id='word_1_229' title='bbox 3282 3593 3374 3664; x_wconf 91' lang='lat' dir='ltr'>ab</span> <span class='ocrx_word' id='word_1_230' title='bbox 3407 3594 3749 3666; x_wconf 89' lang='lat' dir='ltr'>universis</span> 
     </span>
     <span class='ocr_line' id='line_1_25' title="bbox 931 3712 3750 3810; baseline 0.001 -22"><span class='ocrx_word' id='word_1_231' title='bbox 931 3725 1001 3788; x_wconf 91' lang='lat' dir='ltr'>et</span> <span class='ocrx_word' id='word_1_232' title='bbox 1062 3716 1356 3807; x_wconf 88' lang='lat' dir='ltr'>singulis</span> <span class='ocrx_word' id='word_1_233' title='bbox 1421 3712 1691 3807; x_wconf 91' lang='lat' dir='ltr'>imperii</span> <span class='ocrx_word' id='word_1_234' title='bbox 1743 3713 2062 3787; x_wconf 86' lang='lat' dir='ltr'>fidelibus</span> <span class='ocrx_word' id='word_1_235' title='bbox 2108 3723 2179 3786; x_wconf 92' lang='lat' dir='ltr'>et</span> <span class='ocrx_word' id='word_1_236' title='bbox 2219 3714 2651 3809; x_wconf 91' lang='lat' dir='ltr'>principibus</span> <span class='ocrx_word' id='word_1_237' title='bbox 2701 3716 3028 3787; x_wconf 80' lang='lat' dir='ltr'>faciemus</span> <span class='ocrx_word' id='word_1_238' title='bbox 3067 3715 3397 3810; x_wconf 91' lang='lat' dir='ltr'>quicquid</span> <span class='ocrx_word' id='word_1_239' title='bbox 3442 3717 3532 3790; x_wconf 92' lang='lat' dir='ltr'>de</span> <span class='ocrx_word' id='word_1_240' title='bbox 3588 3738 3750 3791; x_wconf 91' lang='lat' dir='ltr'>res-</span> 
     </span>
     <span class='ocr_line' id='line_1_26' title="bbox 934 3837 3752 3938; baseline 0.002 -28"><span class='ocrx_word' id='word_1_241' title='bbox 934 3839 1315 3912; x_wconf 87' lang='lat' dir='ltr'>tauratione</span> <span class='ocrx_word' id='word_1_242' title='bbox 1347 3838 1564 3928; x_wconf 88' lang='lat' dir='ltr'>gratie</span> <span class='ocrx_word' id='word_1_243' title='bbox 1595 3847 1824 3910; x_wconf 91' lang='lat' dir='ltr'>nostre</span> <span class='ocrx_word' id='word_1_244' title='bbox 1863 3858 2023 3908; x_wconf 91' lang='lat' dir='ltr'>cum</span> <span class='ocrx_word' id='word_1_245' title='bbox 2059 3837 2480 3931; x_wconf 88' lang='lat' dir='ltr'>quibuslibet</span> <span class='ocrx_word' id='word_1_246' title='bbox 2512 3838 3075 3911; x_wconf 87' lang='lat' dir='ltr'>universitatibus</span> <span class='ocrx_word' id='word_1_247' title='bbox 3116 3861 3238 3912; x_wconf 91' lang='lat' dir='ltr'>seu</span> <span class='ocrx_word' id='word_1_248' title='bbox 3277 3842 3587 3935; x_wconf 90' lang='lat' dir='ltr'>personis</span> <span class='ocrx_word' id='word_1_249' title='bbox 3628 3864 3752 3938; x_wconf 90' lang='lat' dir='ltr'>per</span> 
     </span>
     <span class='ocr_line' id='line_1_27' title="bbox 934 3960 3748 4058; baseline 0.002 -24"><span class='ocrx_word' id='word_1_250' title='bbox 934 3965 1159 4058; x_wconf 90' lang='lat' dir='ltr'>ipsum</span> <span class='ocrx_word' id='word_1_251' title='bbox 1203 3963 1505 4037; x_wconf 85' lang='lat' dir='ltr'>extiterit</span> <span class='ocrx_word' id='word_1_252' title='bbox 1542 3960 1933 4034; x_wconf 90' lang='lat' dir='ltr'>ordinatum</span> <span class='ocrx_word' id='word_1_253' title='bbox 1983 3986 2000 4030; x_wconf 74' lang='grc' dir='ltr'><strong><em>ε</em></strong></span> <span class='ocrx_word' id='word_1_254' title='bbox 2055 3981 2182 4032; x_wconf 92' lang='lat' dir='ltr'>nec</span> <span class='ocrx_word' id='word_1_255' title='bbox 2228 3961 2459 4032; x_wconf 90' lang='lat' dir='ltr'>minus</span> <span class='ocrx_word' id='word_1_256' title='bbox 2507 3960 2748 4032; x_wconf 91' lang='lat' dir='ltr'>honori</span> <span class='ocrx_word' id='word_1_257' title='bbox 2788 3969 2858 4031; x_wconf 91' lang='lat' dir='ltr'>et</span> <span class='ocrx_word' id='word_1_258' title='bbox 2903 3962 3237 4034; x_wconf 89' lang='lat' dir='ltr'>voluntati</span> <span class='ocrx_word' id='word_1_259' title='bbox 3267 3974 3498 4037; x_wconf 91' lang='lat' dir='ltr'>nostre</span> <span class='ocrx_word' id='word_1_260' title='bbox 3544 3966 3748 4039; x_wconf 88' lang='lat' dir='ltr'>satis·</span> 
     </span>
     <span class='ocr_line' id='line_1_28' title="bbox 931 4082 3747 4179; baseline 0.001 -20"><span class='ocrx_word' id='word_1_261' title='bbox 931 4089 1187 4160; x_wconf 85' lang='lat' dir='ltr'>sactum</span> <span class='ocrx_word' id='word_1_262' title='bbox 1216 4087 1627 4160; x_wconf 88' lang='lat' dir='ltr'>habebimus</span> <span class='ocrx_word' id='word_1_263' title='bbox 1661 4085 2087 4178; x_wconf 90' lang='lat' dir='ltr'>quicunque,</span> <span class='ocrx_word' id='word_1_264' title='bbox 2133 4083 2318 4156; x_wconf 90' lang='lat' dir='ltr'>dicto</span> <span class='ocrx_word' id='word_1_265' title='bbox 2356 4083 2667 4178; x_wconf 88' lang='lat' dir='ltr'>principe</span> <span class='ocrx_word' id='word_1_266' title='bbox 2708 4082 3079 4173; x_wconf 86' lang='lat' dir='ltr'>mediante,</span> <span class='ocrx_word' id='word_1_267' title='bbox 3122 4087 3412 4179; x_wconf 87' lang='lat' dir='ltr'>gratiam</span> <span class='ocrx_word' id='word_1_268' title='bbox 3449 4099 3747 4162; x_wconf 90' lang='lat' dir='ltr'>nostram</span> 
     </span>
     <span class='ocr_line' id='line_1_29' title="bbox 934 4206 3740 4305; baseline -0.001 -18"><span class='ocrx_word' id='word_1_269' title='bbox 934 4213 1166 4287; x_wconf 90' lang='lat' dir='ltr'>debita</span> <span class='ocrx_word' id='word_1_270' title='bbox 1195 4212 1562 4285; x_wconf 87' lang='lat' dir='ltr'>devotione</span> <span class='ocrx_word' id='word_1_271' title='bbox 1585 4209 1996 4305; x_wconf 89' lang='lat' dir='ltr'>poposcerit,</span> <span class='ocrx_word' id='word_1_272' title='bbox 2023 4228 2234 4301; x_wconf 90' lang='lat' dir='ltr'>quam</span> <span class='ocrx_word' id='word_1_273' title='bbox 2263 4207 2322 4278; x_wconf 93' lang='lat' dir='ltr'>si</span> <span class='ocrx_word' id='word_1_274' title='bbox 2355 4228 2399 4279; x_wconf 92' lang='lat' dir='ltr'>a</span> <span class='ocrx_word' id='word_1_275' title='bbox 2430 4206 2630 4278; x_wconf 90' lang='lat' dir='ltr'>nobis</span> <span class='ocrx_word' id='word_1_276' title='bbox 2667 4207 2886 4302; x_wconf 88' lang='lat' dir='ltr'>ipsam</span> <span class='ocrx_word' id='word_1_277' title='bbox 2919 4211 3348 4302; x_wconf 89' lang='lat' dir='ltr'>presentibus</span> <span class='ocrx_word' id='word_1_278' title='bbox 3381 4211 3740 4285; x_wconf 90' lang='lat' dir='ltr'>obtineret.</span> 
     </span>
     <span class='ocr_line' id='line_1_30' title="bbox 932 4330 3746 4427; baseline 0 -19"><span class='ocrx_word' id='word_1_279' title='bbox 932 4339 1036 4409; x_wconf 87' lang='lat' dir='ltr'>Tu</span> <span class='ocrx_word' id='word_1_280' title='bbox 1067 4357 1261 4426; x_wconf 88' lang='lat' dir='ltr'>vero,</span> <span class='ocrx_word' id='word_1_281' title='bbox 1303 4336 1493 4408; x_wconf 88' lang='lat' dir='ltr'>velut</span> <span class='ocrx_word' id='word_1_282' title='bbox 1526 4332 1748 4406; x_wconf 87' lang='lat' dir='ltr'>fidelis</span> <span class='ocrx_word' id='word_1_283' title='bbox 1779 4345 1847 4406; x_wconf 90' lang='lat' dir='ltr'>et</span> <span class='ocrx_word' id='word_1_284' title='bbox 1874 4330 2209 4427; x_wconf 91' lang='lat' dir='ltr'>prudens,</span> <span class='ocrx_word' id='word_1_285' title='bbox 2241 4331 2535 4425; x_wconf 90' lang='lat' dir='ltr'>teipsum</span> <span class='ocrx_word' id='word_1_286' title='bbox 2572 4331 2664 4404; x_wconf 92' lang='lat' dir='ltr'>ad</span> <span class='ocrx_word' id='word_1_287' title='bbox 2695 4332 2953 4404; x_wconf 88' lang='lat' dir='ltr'>curiam</span> <span class='ocrx_word' id='word_1_288' title='bbox 2992 4354 3203 4427; x_wconf 89' lang='lat' dir='ltr'>supra</span> <span class='ocrx_word' id='word_1_289' title='bbox 3245 4335 3496 4407; x_wconf 88' lang='lat' dir='ltr'>dictam</span> <span class='ocrx_word' id='word_1_290' title='bbox 3531 4335 3746 4409; x_wconf 91' lang='lat' dir='ltr'>hono-</span> 
     </span>
    </p>
   </div>
   <div class='ocr_carea' id='block_1_3' title="bbox 1016 4617 3744 4699">
    <p class='ocr_par' dir='ltr' id='par_1_3' title="bbox 1016 4617 3744 4699">
     <span class='ocr_line' id='line_1_31' title="bbox 1016 4617 3744 4699; baseline 0.001 -17"><span class='ocrx_word' id='word_1_291' title='bbox 1016 4625 1099 4697; x_wconf 82' lang='lat' dir='ltr'>(a)</span> <span class='ocrx_word' id='word_1_292' title='bbox 1142 4621 1213 4681; x_wconf 91' lang='lat' dir='ltr'>In</span> <span class='ocrx_word' id='word_1_293' title='bbox 1248 4623 1420 4698; x_wconf 85' lang='lat' dir='ltr'>epist.</span> <span class='ocrx_word' id='word_1_294' title='bbox 1444 4620 1600 4681; x_wconf 87' lang='lat' dir='ltr'>Petr.</span> <span class='ocrx_word' id='word_1_295' title='bbox 1637 4621 1711 4681; x_wconf 85' lang='lat' dir='ltr'>de</span> <span class='ocrx_word' id='word_1_296' title='bbox 1738 4620 1923 4679; x_wconf 83' lang='lat' dir='ltr'>Vinea</span> <span class='ocrx_word' id='word_1_297' title='bbox 1948 4621 2095 4679; x_wconf 87' lang='lat' dir='ltr'>etin</span> <span class='ocrx_word' id='word_1_298' title='bbox 2120 4619 2301 4680; x_wconf 88' lang='lat' dir='ltr'>Paris.</span> <span class='ocrx_word' id='word_1_299' title='bbox 2338 4619 2526 4678; x_wconf 88' lang='lat' dir='ltr'>codic.</span> <span class='ocrx_word' id='word_1_300' title='bbox 2556 4617 2877 4696; x_wconf 71' lang='lat' dir='ltr'>Parmam;</span> <span class='ocrx_word' id='word_1_301' title='bbox 2904 4620 3101 4678; x_wconf 86' lang='lat' dir='ltr'>minus</span> <span class='ocrx_word' id='word_1_302' title='bbox 3126 4625 3323 4679; x_wconf 84' lang='lat' dir='ltr'>tamen</span> <span class='ocrx_word' id='word_1_303' title='bbox 3346 4625 3526 4695; x_wconf 82' lang='lat' dir='ltr'>recte,</span> <span class='ocrx_word' id='word_1_304' title='bbox 3555 4638 3744 4699; x_wconf 85' lang='lat' dir='ltr'>quum</span> 
     </span>
    </p>
   </div>
   <div class='ocr_carea' id='block_1_4' title="bbox 935 4725 3747 4912">
    <p class='ocr_par' dir='ltr' id='par_1_4' title="bbox 935 4725 3747 4912">
     <span class='ocr_line' id='line_1_32' title="bbox 935 4725 3747 4804; baseline 0.002 -17"><span class='ocrx_word' id='word_1_305' title='bbox 935 4743 1011 4788; x_wconf 82' lang='lat' dir='ltr'>ex</span> <span class='ocrx_word' id='word_1_306' title='bbox 1057 4729 1189 4789; x_wconf 86' lang='lat' dir='ltr'>aliis</span> <span class='ocrx_word' id='word_1_307' title='bbox 1230 4729 1523 4790; x_wconf 84' lang='lat' dir='ltr'>discamus</span> <span class='ocrx_word' id='word_1_308' title='bbox 1567 4728 1921 4788; x_wconf 80' lang='lat' dir='ltr'>testimoniis</span> <span class='ocrx_word' id='word_1_309' title='bbox 1956 4726 2179 4785; x_wconf 70' lang='lat' dir='ltr'>curiam</span> <span class='ocrx_word' id='word_1_310' title='bbox 2217 4725 2377 4803; x_wconf 84' lang='lat' dir='ltr'>apud</span> <span class='ocrx_word' id='word_1_311' title='bbox 2411 4726 2786 4787; x_wconf 83' lang='lat' dir='ltr'>Placentiam·</span> <span class='ocrx_word' id='word_1_312' title='bbox 2801 4725 3082 4786; x_wconf 81' lang='lat' dir='ltr'>indictam</span> <span class='ocrx_word' id='word_1_313' title='bbox 3116 4741 3192 4786; x_wconf 83' lang='lat' dir='ltr'>ex</span> <span class='ocrx_word' id='word_1_314' title='bbox 3231 4725 3517 4804; x_wconf 73' lang='lat' dir='ltr'>legatione</span> <span class='ocrx_word' id='word_1_315' title='bbox 3540 4728 3747 4792; x_wconf 79' lang='lat' dir='ltr'>Jaeohi</span> 
     </span>
     <span class='ocr_line' id='line_1_33' title="bbox 936 4825 2784 4912; baseline -0.002 -18"><span class='ocrx_word' id='word_1_316' title='bbox 936 4835 1264 4895; x_wconf 81' lang='lat' dir='ltr'>Prenestini</span> <span class='ocrx_word' id='word_1_317' title='bbox 1289 4835 1546 4912; x_wconf 88' lang='lat' dir='ltr'>episcopi</span> <span class='ocrx_word' id='word_1_318' title='bbox 1568 4834 1911 4910; x_wconf 84' lang='lat' dir='ltr'>impeditam</span> <span class='ocrx_word' id='word_1_319' title='bbox 1938 4833 2223 4893; x_wconf 82' lang='lat' dir='ltr'>extitisse.</span> <span class='ocrx_word' id='word_1_320' title='bbox 2755 4825 2784 4834; x_wconf 76' lang='grc'><em>”</em></span> 
     </span>
    </p>
   </div>
  </div>
 </body>
</html>
