4842 5802
889 551 1086 612 lxntcr.
1120 552 1206 627 7.]
1785 549 2179 610 HISTORIA
2228 551 2808 615 DIPLOMATch.
3587 551 3709 614 665

887 686 1019 760 sibi
1054 688 1140 758 V.
1188 684 1454 758 decano
1479 684 1744 777 totique
1774 684 2075 780 capitulo
2110 684 2517 759 Goslariensi
2541 688 2828 779 gratiam
2854 709 3051 759 suam
3079 697 3149 759 et
3180 708 3385 760 omne
3409 687 3697 761 bonum.

889 809 1093 897 Quod
1118 809 1479 882 ecclesiam
1500 818 1799 882 vestram
1821 818 1892 880 et
1918 830 2044 882 vos
2065 809 2249 882 bone
2279 808 2443 882 fidei
2478 810 2849 904 diligamus
2875 811 3119 885 affectu
3136 865 3156 903 ,
3204 834 3297 885 ex
3322 811 3556 884 studio
3588 833 3707 886 vo-

889 933 1167 1007 luntatis
1190 940 1420 1005 nostre
1444 931 1870 1026 perpendere
1895 933 2204 1026 poteritis
2234 932 2617 1007 evidenter.
2644 934 2827 1008 Ecce
2852 936 3038 1007 enim
3073 936 3359 1029 gratiam
3392 957 3433 1008 a
3466 935 3706 1031 primis

887 1057 1174 1130 ecclesie
1231 1065 1458 1130 vestre
1501 1054 1989 1128 fundatoribus
2037 1056 2240 1128 vobis
2293 1057 2543 1129 factam
2586 1079 2796 1153 super
2848 1058 3171 1130 omnibus
3203 1058 3382 1131 areis
3413 1057 3709 1130 civitatis

890 1179 1339 1253 Goslariensis
1375 1187 1444 1250 et
1477 1178 1799 1250 censibus
1831 1178 2266 1271 earumdem,
2309 1180 2488 1257 sicut
2508 1181 2581 1252 in
2607 1182 2854 1253 vestris
2877 1181 3259 1276 privilegiis
3290 1181 3700 1273 continetur,

891 1303 1291 1376 auctoritate
1317 1303 1507 1394 regia
1540 1301 2053 1390 confirmanteS‚
2095 1303 2460 1375 statuimus
2487 1313 2557 1376 et
2599 1305 2945 1377 sancimus
2974 1313 3049 1376 ut
3072 1305 3237 1398 quia
3273 1304 3513 1400 eedem
3547 1326 3707 1378 aree

889 1428 980 1503 ad
1013 1427 1369 1501 ecclesiam
1408 1436 1709 1499 vestram
1744 1435 2056 1522 spectant
2085 1438 2154 1500 et
2185 1449 2607 1522 possessores
2634 1450 2869 1502 earum
2895 1429 3169 1523 proprie
3186 1429 3428 1501 salutis
3461 1428 3706 1502 imme·

891 1573 1117 1625 mores
1142 1573 1427 1625 censum
1462 1551 1665 1623 vobis
1688 1550 2000 1623 debitum
2031 1552 2122 1624 de
2155 1551 2417 1625 eisdem
2457 1553 2529 1623 in
2560 1553 2760 1625 certis
2788 1553 3198 1648 pensionum
3236 1551 3543 1646 terminis
3564 1574 3712 1646 per-

890 1676 1156 1746 solvere
1195 1696 1333 1747 non
1382 1682 1786 1768 procurant,
1845 1674 1903 1744 si
1947 1674 2105 1767 quis
2150 1675 2452 1748 monitus
2488 1686 2640 1769 post
2675 1675 2907 1749 debite
2955 1674 3314 1748 solutionis
3343 1674 3708 1746 terminum

893 1798 1069 1869 infra
1098 1818 1407 1869 mensem
1442 1818 1582 1869 non
1609 1797 2015 1892 persolverit
2048 1792 2333 1869 censum
2369 1819 2612 1886 suum,
2677 1798 2768 1871 ab
2816 1797 3156 1870 advocato
3200 1798 3322 1891 qui
3366 1817 3490 1891 pro
3520 1805 3710 1868 tem-

894 1942 1060 2017 pore
1087 1920 1291 1993 fuerit
1323 1920 1724 1993 auctoritate
1754 1921 1945 2013 regia
1978 1920 2049 1991 in
2079 1921 2441 2015 sexaginta
2475 1921 2733 1995 solidos
2772 1920 3319 2016 condempnetur
3338 1975 3359 2010 ,
3412 1941 3709 2014 quorum

895 2044 1224 2116 medietas
1256 2043 1574 2133 ecclesie,
1617 2043 1885 2136 reliqua
1913 2065 2080 2117 vero
2114 2045 2447 2118 medietas
2481 2044 2649 2117 fisco
2681 2044 2904 2118 cedat.
2937 2044 3048 2118 Ad
3070 2044 3201 2117 hec
3235 2044 3295 2116 si
3327 2045 3450 2137 qui
3478 2045 3711 2138 plures

860 2187 1091 2247 =areas
1126 2166 1518 2258 redegerint
1571 2167 1644 2238 in
1678 2189 1889 2239 unam
1941 2168 2054 2239 vel
2112 2168 2281 2240 forte
2335 2166 2751 2262 redegerunt
2786 2168 2859 2238 in
2894 2168 3238 2257 futurum,
3291 2167 3382 2240 de
3416 2169 3711 2260 singulis

894 2290 1326 2384 singulariter
1358 2288 1667 2362 debitum
1699 2288 1866 2362 dare
1884 2310 2165 2362 censum
2193 2298 2528 2382 cogantur
2552 2309 2677 2384 per
2706 2288 3152 2376 advocatum,
3193 2289 3372 2361 sicut
3393 2291 3712 2384 superius

894 2423 995 2487 est
1025 2436 1460 2510 expressum.
1512 2415 1601 2487 Ut
1648 2422 1879 2487 autem
1934 2412 2064 2485 hec
2118 2413 2336 2505 gratia
2383 2412 2589 2485 vobis
2640 2414 2815 2485 facta
2861 2412 3164 2485 debitam
3195 2423 3266 2485 et
3307 2422 3709 2509 perpetuam

894 2538 1199 2611 obtineat
1250 2534 1675 2625 firmitatem,
1730 2544 2115 2630 presentem
2168 2535 2497 2630 paginam
2548 2534 2716 2608 inde
2766 2535 3221 2631 conscriptam
3264 2536 3711 2632 impressione

897 2661 1103 2755 sigilli
1138 2661 1349 2733 nostri
1373 2660 1663 2733 fecimus
1683 2659 2117 2732 communiri.

992 2783 1242 2856 Actum
1300 2782 1491 2879 apud
1540 2782 2029 2875 Aldenburch,
2085 2803 2268 2855 anno
2305 2783 2525 2878 gratie
2566 2782 2656 2855 M.
2691 2782 2819 2855 CC.
2849 2783 3200 2874 XXXIIII,
3276 2782 3709 2879 presentibus

897 2909 1194 3004 Sigfrido
1240 2908 1753 3003 archiepiscopo
1802 2907 2347 3002 Moguntinensi,
2397 2907 2797 2980 Burcbardo
2829 2907 3048 2980 electo
3081 2907 3655 3002 magdeburgensi
3681 2960 3703 2998 ,

896 3033 1234 3107 Ekeberto
1286 3032 1775 3126 Bambergensi
1791 3089 1808 3119 ‚
1860 3032 2253 3104 Hermanno
2298 3031 2771 3127 Herbipolensi
2786 3085 2807 3122 ,
2856 3033 3293 3123 Engelhardo
3332 3033 3709 3105 Nuenbur-

896 3159 1125 3250 gensi,
1166 3155 1441 3229 Ekardo
1476 3155 2023 3249 Mersburgensi,
2066 3154 2378 3229 Conrado
2412 3155 2926 3250 Osnabrugensi
2974 3157 3349 3253 episcopis,
3398 3156 3482 3229 A.
3529 3156 3708 3231 duce

895 3283 1246 3354 Saxonum
1265 3332 1285 3370 ,
1349 3280 1436 3350 Η.
1490 3278 1740 3352 comite
1780 3276 2148 3370 Ascharie,
2198 3280 2278 3350 Β.
2350 3279 2728 3373 burgi-avio
2762 3277 3379 3374 Magdeburgensi,
3430 3287 3502 3352 et
3552 3279 3707 3352 aliis

894 3403 1442 3499 quamplurimis.

991 3529 1244 3599 Datum
1281 3526 1576 3619 ibidem,
1619 3527 1679 3597 V
1710 3546 1928 3598 nonas
1945 3525 2137 3618 julii,
2176 3525 2556 3599 indictione
2584 3526 2730 3598 VII.

997 4088 1366 4172 Hem-icus
1390 4151 1415 4197 ,
1481 4091 1998 4174 Romanorum
2080 4116 2212 4173 rex
2232 4150 2257 4194 ‚
2331 4090 2655 4174 Johanni
2733 4087 2989 4172 abbati
3067 4089 3322 4174 Sancti
3404 4091 3704 4202 Georgii

896 4219 1574 4332 NuemburgensiS,
1614 4224 1714 4306 ad
1748 4250 2004 4333 preces
2040 4223 2570 4333 Thegenhardi
2601 4223 3013 4333 imperialis
3068 4225 3287 4308 aulae
3321 4236 3699 4336 protono-

895 4352 1093 4460 tarii,
1151 4354 1499 4464 indulget
1548 4354 1984 4451 facultatem
2048 4355 2380 4464 eligendi
2445 4358 2893 4440 advocatum
2946 4384 3176 4467 quem
3228 4359 3586 4464 voluerit,
3626 4369 3701 4442 et

900 4486 1287 4567 exercendi
1324 4486 1668 4568 bannum
1703 4488 2030 4597 regium,
2071 4514 2314 4597 quum
2345 4488 2489 4597 ipsi
2542 4501 2617 4570 et
2649 4490 3004 4573 ecclesiae
3037 4489 3202 4599 ejus
3238 4492 3318 4573 id
3354 4489 3697 4573 bannum

899 4616 1264 4720 pertinere
1290 4607 1500 4700 velit.

1053 4749 1161 4811 IV.
1200 4767 1315 4811 Pu·
1334 4768 1378 4810 2.
3312 4764 3385 4818 84

3863 4115 3990 4169 Apud

3791 4166 4033 4223 utenburg
4043 4198 4055 4222 ,

3840 4224 3871 4265 4
3881 4223 4002 4277 julil.
