4842 5802
789 644 989 702 tamer.
1019 633 1105 719 9.]
1694 625 2096 691 fflsronm
2142 625 2732 692 manufirma,
3508 617 3630 682 787

795 774 1054 847 cesimo
1082 768 1356 865 quinto,
1385 782 1623 839 mense
1650 762 1973 853 octobris,
2006 760 2388 836 indictione
2414 783 2626 856 nona,
2659 761 3039 857 imperante
3066 756 3349 835 domino
3382 763 3619 830 nostro

795 895 1143 970 Friderico
1158 945 1178 981 ‚
1230 889 1357 963 Dei
1410 887 1631 984 gratia
1674 885 2132 960 invictissimo
2186 888 2650 960 Romanorum
2705 886 3116 981 imperatore
3170 901 3442 977 semper
3494 901 3624 954 au·

796 1028 1042 1114 gusto,
1079 1013 1458 1089 Jerusalem
1498 1020 1569 1084 et
1601 1010 1833 1085 Sicilie
1864 1031 2057 1105 rege,
2091 1031 2276 1084 anno
2308 1010 2581 1107 imperii
2617 1011 2772 1102 ejus
2806 1008 3052 1104 quinto
3079 1005 3389 1098 decimo,
3428 1005 3646 1103 regni,

796 1141 1182 1218 Jerusalem
1236 1136 1510 1212 decimo
1527 1188 1550 1226 ,
1599 1133 1797 1229 regni
1846 1154 2016 1208 vero
2077 1133 2314 1208 Sicilie
2372 1133 2722 1208 tricesimo
2788 1131 3076 1227 septimo
3117 1127 3259 1226 (l),
3311 1128 3621 1204 feliciter.

797 1267 1045 1341 Amen.

896 1392 1153 1463 Datum
1187 1384 1380 1484 apud
1418 1384 1830 1479 Augustam,
1862 1403 2127 1474 mense,
2163 1401 2350 1455 anno
2384 1391 2456 1456 et
2482 1379 2859 1455 indictione
2889 1377 3307 1473 prescriptis.

913 2017 1341 2103 Fridericus
1357 2080 1380 2126 ,
1451 2018 1976 2102 Romanorum
2045 2015 2491 2124 imperator,
2549 2013 2649 2096 ad
2737 2004 3364 2122 supplicationem
3433 2012 3638 2097 Her-
3731 2031 4004 2138 „34⁸”th

808 2150 1074 2233 manni
1144 2148 1497 2261 magistri
1566 2149 1845 2232 domus
1915 2147 2236 2230 Sanctae
2303 2144 2583 2232 Mariae
2656 2145 3296 2230 Theutonicorum
3321 2208 3344 2254 ‚
3421 2146 3490 2228 ei
3559 2159 3636 2230 et
3776 2138 3963 2183 ‘mm

808 2283 1175 2367 fratribus
1237 2283 1404 2393 ejus
1474 2282 1871 2365 ecclesiam
1925 2281 2007 2362 in
2067 2280 2338 2364 Kunitz
2363 2340 2389 2388 ‚
2448 2305 2628 2363 cum
2698 2277 3032 2362 ecclesiis
3102 2279 3184 2362 in
3253 2279 3498 2363 Berne
3558 2292 3635 2364 et

809 2414 1283 2527 Yvernstorf‚
1325 2441 1521 2527 quas
1557 2414 1743 2497 olim
1781 2413 2067 2496 eisdem
2095 2412 2261 2525 jam
2304 2411 2713 2520 concessit,
2763 2413 3017 2496 denuo
3061 2412 3405 2496 concedit
3440 2424 3514 2497 et
3549 2414 3630 2494 in

809 2558 1260 2660 perpetuum
1305 2545 1731 2631 confirmat.

979 2788 1171 2868 (Edit.
1202 2791 1268 2849 ln
1292 2784 1514 2849 Solotlt.
1546 2783 1959 2865 Wochenblatt‚
1989 2803 2132 2848 ann.
2167 2793 2346 2860 1828,
2375 2794 2445 2845 11⁰
2472 2793 2583 2859 23,
2625 2801 2689 2863 p.
2723 2793 2871 2860 2363
2905 2786 3038 2847 0011.
3075 2802 3211 2847 cum
3248 2786 3400 2847 libro
3426 2787 3637 2865 coptalt

1053 2894 1184 2956 ord.
1214 2894 1570 2957 Theutonlc.
1600 2895 1667 2955 ln
1692 2893 1934 2956 archivo
1954 2890 2371 2972 Konlgsberg„
2401 2889 2507 2954 fol.
2539 2889 2864 2971 111-112.)

910 3108 989 3182 In
1023 3108 1304 3183 nomine
1348 3116 1587 3183 sancte
1620 3115 1692 3182 et
1732 3105 2101 3182 individue
2136 3105 2511 3180 Trinitatis.
2557 3104 2945 3181 Fridericus
2978 3104 3366 3198 secundus,
3398 3106 3643 3182 divina

816 3231 1097 3306 favente
1143 3231 1511 3305 clementia
1560 3231 2028 3305 Romanorum
2075 3230 2449 3325 imperator
2495 3249 2771 3325 semper
2825 3239 3197 3323 angustus,
3261 3231 3644 3307 Jerusalem

817 3362 888 3426 et
922 3354 1156 3426 Sicilie
1187 3375 1343 3426 rex.
1393 3354 1466 3425 Si
1513 3351 1826 3427 fidelium
1872 3362 2262 3427 nostrorum
2302 3362 2376 3429 et
2412 3372 2653 3428 eorum
2693 3352 3026 3449 precipue
3077 3373 3378 3447 quorum
3418 3352 3648 3429 devo-

820 3474 1073 3547 tionem
1140 3475 1477 3569 obsequia
1529 3475 1827 3568 gratiora
1876 3474 2399 3567 commendant,
2470 3475 2835 3570 petitiones
2901 3475 3368 3550 favorabiliter
3424 3497 3647 3552 exau-

822 3594 1082 3687 dimoe,
1136 3596 1389 3669 nostris
1427 3595 1663 3693 potius
1704 3598 2112 3671 utilitatibus
2151 3597 2641 3694 providemus,
2690 3597 2861 3672 dum
2892 3597 3084 3693 quod
3119 3598 3242 3672 uni
3293 3601 3642 3675 confertur

819 3719 914 3793 ob
948 3719 1270 3794 meritum
1316 3717 1821 3794 transfunditur
1845 3718 1935 3793 ad
1968 3720 2139 3796 alios
2167 3742 2296 3818 per
2327 3723 2753 3816 exemplum.
2793 3720 3147 3795 Universis
3176 3721 3387 3815 igitur
3410 3733 3644 3799 nostro

821 3843 1114 3939 imperio
1175 3843 1504 3936 subjectis
1552 3851 1690 3919 tam
1750 3843 2187 3940 presentibus
2231 3865 2444 3939 quam
2502 3842 2755 3918 futuris
2809 3842 3136 3918 volumus
3193 3867 3345 3920 esse
3400 3857 3643 3923 notum

818 3969 1013 4065 quod
1054 3971 1464 4044 constitutus
1508 3970 1584 4044 in
1620 3971 1966 4067 presentia
2001 3979 2235 4047 nostra
2268 3972 2478 4045 frater
2520 3971 2991 4063 Hermannns‚
3022 3972 3442 4047 venerabilis
3496 3997 3646 4051 ma-

821 4094 1035 4188 gister
1075 4092 1325 4168 domus
1359 4094 1720 4190 hospitalis
1766 4097 2015 4169 Sancte
2061 4095 2279 4171 Marie
2323 4094 2903 4169 Theutonicorum
2953 4095 3028 4167 in
3071 4097 3444 4172 Jerusalem
3465 4151 3488 4189 ,
3537 4097 3647 4174 di-

823 4218 1041 4290 lectus
1090 4215 1313 4290 fidelis
1351 4227 1606 4309 noster,
1648 4229 1880 4293 nostre
1919 4219 2310 4293 celsitudini
2342 4218 2758 4315 supplicavit
2800 4219 2993 4314 quod
3036 4241 3195 4293 cum
3239 4222 3404 4295 olim
3452 4222 3648 4320 apud

822 4340 1130 4435 Burgum
1178 4342 1412 4415 Sancti
1463 4343 1769 4417 Donnini
1819 4342 1954 4415 sihi
2004 4352 2073 4417 et
2117 4342 2359 4418 domui
2406 4363 2533 4416 sue
2575 4343 3113 4418 concesserimus
3165 4346 3524 4420 ecclesiam
3570 4347 3646 4420 in

829 4739 865 4797 d
898 4643 979 4798 g)
1013 4643 1201 4703 Annus
1233 4646 1386 4720 regni
1422 4646 1651 4723 Siciliae,
1681 4649 1920 4726 quinque
1948 4648 2227 4711 mensibus
2245 4649 2362 4724 iam
2386 4653 2518 4708 ante
2560 4649 2867 4725 incoeptus,
2912 4648 3214 4710 triceeimm
3261 4654 3486 4711 octavus
3526 4667 3651 4713 esse

867 4756 897 4798 e
937 4747 1072 4800 eret.
