4842 5802
850 659 1044 720 lame-r.
1075 653 1165 738 9.]
1744 644 2140 708 HISTORIA
2189 643 2774 707 n1PLOMA'r1cA.
3548 630 3667 693 867

844 795 1031 885 Justo
1062 784 1537 885 acquisitionis
1567 782 1764 856 titulo
1792 782 2040 877 poterit
2059 781 2387 877 adipisci,
2426 781 2563 854 sub
2583 777 3008 876 protectione
3038 781 3271 847 nostra
3296 780 3365 845 et
3391 769 3659 864 imperii

853 914 1234 1010 recepimus
1254 907 1558 1005 speciali.
1596 906 2019 979 Presentium
2046 905 2256 999 igitur
2282 913 2514 978 teuore
2539 902 2947 977 mandamus
2975 897 3254 970 firmiter
3277 894 3663 967 inhibentes

851 1047 1194 1135 quatenus
1229 1032 1414 1106 ullus
1447 1031 1539 1102 sit
1570 1029 1694 1124 qui
1729 1029 2023 1124 prefatas
2053 1028 2470 1101 abbatissam
2502 1036 2573 1101 et
2607 1032 3057 1113 conventum,
3097 1020 3338 1093 fideles
3365 1028 3659 1105 nostras,

855 1185 938 1235 ac
970 1162 1199 1256 ipsum
1234 1153 1721 1229 monasterium
1755 1158 1991 1224 contra
2013 1151 2223 1243 hujus
2256 1151 2691 1247 protectionis
2720 1156 2951 1223 nostre
2977 1146 3301 1242 paginam
3333 1164 3511 1216 ausu
3548 1152 3665 1214 te·

856 1283 1147 1358 merario
1183 1283 1255 1353 in
1287 1280 1522 1374 aliquo
1562 1278 1953 1362 molestare,
2001 1274 2307 1347 indebite
2338 1275 2677 1371 impedire
2719 1272 2833 1347 vel
2868 1271 3252 1367 inquietare
3287 1277 3659 1365 presumat.

856 1406 1059 1493 Quod
1088 1406 1212 1500 qui
1255 1402 1749 1501 presumpserit
1787 1399 2330 1490 indignationem
2375 1399 2588 1473 nostri
2639 1396 2957 1470 culminis
3001 1416 3078 1468 se
3119 1396 3386 1467 noverit
3422 1393 3667 1464 incur-

858 1552 1126 1604 surum.
1164 1527 1275 1601 Ad
1312 1528 1522 1619 hujus
1553 1534 1786 1598 autem
1817 1522 1917 1595 rei
1954 1522 2352 1595 memoriam
2381 1532 2451 1596 et
2486 1529 2883 1618 perpetuam
2913 1517 3298 1591 firmitatem
3317 1570 3337 1607 ,
3389 1535 3671 1612 presens

859 1655 1188 1749 scriptum
1219 1650 1366 1725 fieri
1396 1650 1687 1722 fecimus
1718 1648 2089 1739 majestatis
2118 1658 2347 1721 nostre
2370 1647 2597 1742 sigillo
2619 1644 2988 1718 munitum.

955 1779 1206 1849 Datum
1263 1773 1454 1871 apud
1495 1771 1951 1867 Herbipolim,
1992 1791 2175 1843 anno
2221 1770 2572 1845 dominice
2609 1766 3091 1842 incarnationis
3136 1764 3493 1838 millesimo
3533 1762 3675 1838 du-

862 1901 1236 1974 centesimo
1271 1896 1589 1989 xxxvl,
1627 1914 1864 1969 mense
1890 1895 2056 1967 maii
2082 1892 2206 1991 (a).

974 2512 1400 2596 Fridcricus
1415 2572 1439 2618 ,
1487 2511 2009 2596 Romanorum
2063 2510 2503 2619 imperator,
2561 2510 2658 2592 ad
2707 2508 3329 2618 supplicationem
3380 2511 3679 2594 Wenc—

870 2646 1064 2727 mari
1102 2638 1400 2729 abbatis
1434 2644 1816 2729 Portensis
1864 2641 2002 2754 (de
2036 2641 2369 2753 Pforta),
2407 2642 2886 2752 privilegium
2923 2642 3167 2725 eidem
3222 2644 3680 2727 monasterio

873 2788 1210 2889 tempore
1262 2779 1478 2891 regni
1534 2778 1652 2861 sui
1689 2804 1736 2860 a
1794 2803 1878 2860 se
1929 2776 2315 2861 indultum
2350 2783 2666 2860 renovat
2707 2787 2783 2857 et
2814 2774 3216 2859 inserendo
3249 2775 3674 2860 confirmat.

1030 3006 1285 3088 (Inedit.
1314 3023 1394 3068 ex
1420 3006 1731 3086 originali,
1758 3005 1917 3067 unde
1941 3004 2200 3085 sigillum
2226 3004 2551 3083 appendet,
2578 3006 2643 3066 in
2665 3004 2910 3066 archivo
2931 3004 3271 3086 Dresdensi,
3297 3015 3367 3066 n⁰
3396 3005 3563 3086 335.)

964 3206 1042 3277 In
1074 3206 1354 3279 nomine
1393 3216 1631 3279 sancte
1675 3214 1743 3279 et
1790 3205 2157 3279 individue
2190 3205 2564 3278 Trinitatis.
2620 3204 3000 3277 Fridericus
3033 3203 3408 3297 secundus,
3446 3205 3685 3281 divina

880 3332 1151 3402 favente
1177 3329 1537 3402 clementia
1572 3330 2035 3402 Romanorum
2066 3329 2433 3424 imperator
2467 3348 2739 3422 semper
2769 3336 3141 3420 augustus,
3197 3327 3567 3400 Jerusalem
3618 3337 3688 3401 et

878 3451 1107 3523 Sicilie
1160 3472 1310 3523 rex.
1359 3449 1469 3524 Ad
1529 3449 2002 3524 confirmanda
2054 3451 2417 3522 salubriter
2473 3450 2918 3523 ecclesiarum
2958 3451 3148 3542 jura,
3209 3450 3396 3522 illius
3431 3451 3686 3523 intuitu

879 3573 1078 3662 cujus
1112 3573 1393 3644 nomine
1421 3581 1585 3643 sunt
1621 3572 1882 3666 dicate,
1933 3573 2024 3646 de
2051 3575 2249 3665 cujus
2280 3575 2639 3646 clementia
2682 3574 2966 3646 feliciter
3003 3575 3453 3667 imperamus,
3498 3584 3687 3647 tanto

881 3693 1326 3768 favorabilius
1354 3694 1752 3766 inducimur
1784 3704 1854 3766 et
1885 3704 2195 3767 tenemur
2220 3706 2479 3789 quanto
2505 3696 2576 3769 in
2618 3705 2988 3793 conspectu
3015 3697 3266 3770 summi
3304 3697 3488 3788 regis
3519 3719 3690 3791 gra-

883 3819 1090 3892 tiores
1122 3816 1480 3907 efficimur,
1515 3817 1606 3890 de
1646 3820 1845 3911 cujus
1891 3818 2326 3915 plenitudine
2374 3819 2727 3916 potestatis
2754 3820 2913 3911 jura
2941 3820 3208 3915 imperii
3254 3820 3688 3916 disponimus

882 3941 1229 4013 universa.
1271 3942 1417 4012 Hac
1452 3941 1662 4034 igitur
1696 3942 2240 4016 consideratione
2272 3943 2505 4034 ducti,
2540 3951 2774 4015 tenore
2804 3925 3221 4039 presentium
3262 3954 3501 4016 notum
3535 3965 3688 4018 esse

883 4065 1203 4138 volumus
1230 4073 1369 4135 tam
1400 4064 1833 4159 presentibus
1862 4088 2074 4160 quam
2114 4067 2360 4139 futuris
2391 4065 2584 4161 quod
2630 4067 3037 4138 constitutus
3073 4087 3300 4138 coram
3331 4067 3528 4140 nobis
3565 4089 3686 4140 ve-

888 4187 1213 4260 nerabilis
1250 4188 1706 4260 Wenemarus
1732 4189 1949 4262 abbas
1987 4189 2328 4262 Portensis
2370 4189 2799 4280 monasterii,
2839 4187 3065 4260 fidelis
3094 4198 3357 4280 noster,
3396 4211 3688 4284 presen-

885 4313 1075 4386 tabat
1105 4312 1386 4384 culmini
1420 4323 1651 4385 nostro
1680 4312 2035 4409 quoddam
2073 4313 2402 4408 scriptum
2435 4333 2833 4386 concessum
2855 4312 3156 4384 Portensi
3191 4312 3473 4386 ecclesie
3509 4322 3691 4386 tem-

888 4457 1052 4531 pore
1076 4436 1272 4525 regni
1306 4437 1555 4526 nostri,
1597 4437 1991 4531 supplicans
2020 4437 2356 4530 majestati
2389 4447 2618 4509 nostre
2644 4458 2768 4532 pro
2805 4456 2881 4508 se
2922 4445 2990 4508 et
3029 4435 3315 4509 ecclesia
3344 4457 3470 4509 sua
3507 4437 3690 4511 idem

888 4559 1325 4653 privilegium
1363 4559 1454 4633 de
1481 4569 1707 4632 nostra
1741 4561 1961 4655 gratia
1997 4559 2423 4652 confirmari;
2463 4562 2663 4653 cujus
2698 4569 2892 4633 tenor
2921 4560 3077 4632 talis
3096 4568 3242 4632 erat
3275 4585 3294 4631 ε

912 4817 915 4820 ,
973 4745 1059 4826 (a)
1101 4748 1225 4810 Nec
1249 4748 1441 4826 plura.
1473 4750 1544 4810 In
1570 4750 1905 4829 apographo
1928 4751 2171 4812 indictio
2196 4751 2381 4813 deest.

3795 2514 4004 2614 was.

3837 2622 3986 2678 junio.
4009 2599 4023 2622 ⁸
