4842 5802
917 684 1121 743 lxmcr.
1150 674 1238 762 5.]
1826 673 2223 736 HISTORIA
2270 670 2858 767 mPLOMA'fch.
3622 665 3742 724 557

1397 939 2460 951 mmm-m-

1025 1198 1395 1281 Henricus
1408 1257 1434 1302 ‚
1474 1197 1990 1280 Romanorum
2033 1221 2167 1277 rex
2181 1255 2205 1301 ‚
2248 1197 2345 1277 ad
2401 1194 3025 1304 supplicationem
3070 1190 3506 1274 Theoderici
3543 1190 3745 1272 Tre-

922 1331 1254 1412 verensis
1293 1330 1864 1438 archiepiscopi,
1903 1330 2363 1412 monasterio
2384 1330 2481 1410 de
2514 1328 3025 1410 Hemmenrod
3059 1327 3139 1406 in
3160 1323 3454 1407 Eiffalia
3490 1323 3747 1406 eccle-

924 1463 1114 1543 siam
1152 1463 1356 1570 apud
1411 1462 1709 1570 Altripp
1762 1461 2055 1543 confert
2107 1487 2284 1543 cum
2340 1461 2699 1544 omnibus
2750 1458 3220 1568 pertinentiis
3263 1457 3428 1566 ejus
3472 1467 3545 1538 et
3572 1457 3747 1564 jure

923 1605 1187 1701 patron
1196 1604 1395 1676 atus.

1082 1808 1418 1888 (Memorat.
1450 1825 1547 1885 ap.
1574 1809 1865 1870 Bonmn
1883 1853 1905 1887 ‚
1926 1809 2152 1889 Reque.
2176 1808 2409 1887 imper„
2443 1826 2499 1885 p.
2531 1815 2672 1880 239,
2693 1817 2760 1868 u⁰
2783 1816 2925 1881 -250,
2948 1825 3026 1868 ex
3048 1807 3406 1868 chartulario
3426 1807 3741 1867 Hemmen-

1200 1915 1327 1973 rod.
1358 1915 1540 1975 seculi
1564 1914 1705 1977 XIV
1727 1931 1825 1990 ap.
1860 1916 2197 1988 Treverim‚
2233 1920 2282 1974 t.
2314 1915 2437 1987 111,
2466 1913 2568 1973 fol.
2606 1916 2730 1987 50.)

1022 2103 1268 2172 Datum
1293 2100 1484 2195 apud
1511 2099 1933 2194 Augustam,
1969 2121 2151 2171 anno
2188 2098 2532 2171 dominice
2562 2097 3053 2169 incarnationis
3084 2097 3473 2169 MCCXXXI
3488 2150 3507 2186 ,
3546 2100 3743 2170 nonis

931 2225 1350 2315 novembris,
1396 2224 1771 2297 indictione
1807 2224 2074 2318 quinta.

1031 2786 1395 2871 Henricus
1421 2849 1443 2891 ‚
1485 2788 2005 2872 Romanorum
2043 2816 2178 2873 rex
2202 2851 2225 2897 ,
2267 2790 2624 2875 ecclesiae
2660 2789 3121 2899 Augustensi
3157 2792 3630 2899 recognoscit
3672 2800 3746 2873 et

931 2921 1318 3004 confirmat
1374 2924 1848 3005 medietatem
1914 2924 2427 3032 precariarum
2484 2949 2617 3005 seu
2671 2921 3193 3024 collectarum,
3238 2949 3431 3032 quas
3485 2923 3645 3031 ipse
3700 2951 3744 3005 a

932 3050 1209 3135 civibus
1247 3055 1859 3164 Augustensibus
1895 3056 2248 3164 deinceps
2285 3055 2587 3137 duxerit
2620 3055 3056 3164 exigendas,

1085 3266 1265 3346 (Edit.
1297 3286 1391 3346 ap.
1424 3270 1688 3331 Manum.
1714 3270 1896 3343 Boio„
1936 3275 2083 3329 tom.
2122 3268 2322 3343 XXX,
2355 3286 2491 3345 pars
2524 3278 2601 3342 1⁸,
2648 3285 2707 3345 p.
2751 3277 2885 3343 180,
2920 3279 2986 3328 n⁰
3009 3279 3150 3347 702,
3182 3287 3259 3329 ex
3286 3272 3558 3349 originali
3584 3274 3741 3333 unde

1164 3376 1423 3453 sigillum
1450 3376 1625 3436 valde
1651 3374 1876 3436 laesum
1904 3374 2197 3451 appendet
2224 3391 2298 3433 ex
2325 3375 2442 3434 filis
2470 3376 2668 3434 sericis
2696 3374 2859 3434 rubri
2886 3381 2946 3434 et
2978 3375 3236 3436 subflavl
3261 3378 3492 3437 coloris.
3520 3378 3741 3437 Memo-

1157 3489 1353 3543 ratum
1395 3488 1593 3544 autem
1637 3488 1699 3542 et
1743 3483 2074 3561 germanice
2117 3487 2446 3542 extractum
2486 3498 2523 3542 a
2564 3482 2750 3541 Pmc.
2777 3482 2992 3541 Bnmu
3007 3527 3025 3560 ,
3056 3479 3247 3542 Gesch.
3279 3480 3383 3541 der
3412 3481 3598 3542 Bisclc.
3631 3501 3742 3543 von

1163 3585 1403 3668 Auqsb„
1433 3587 1527 3667 11,
1559 3586 1727 3666 2⁴5.)

1033 3771 1381 3845 Heinricus
1406 3774 1743 3871 septimus
1768 3773 2011 3847 divina
2045 3775 2318 3845 favente
2351 3772 2706 3844 clementia
2743 3772 3203 3842 Romanorum
3230 3792 3352 3844 rex
3382 3781 3452 3844 et
3474 3796 3747 3870 semper

937 3904 1299 3989 augustus,
1344 3897 1687 3970 universis
1710 3899 1782 3969 in
1822 3906 2259 3994 perpetuum.
2295 3897 2380 3969 Ut
2417 3897 2485 3966 in
2519 3894 2768 3967 nostris
2801 3895 3223 3989 temporibus
3240 3898 3744 3990 recognitiones

931 4040 971 4088 a
1012 4021 1204 4092 nobis
1238 4022 1448 4110 facte,
1487 4021 1677 4094 fideli
1732 4030 1801 4093 et
1834 4022 2157 4117 prudenti
2195 4020 2475 4094 consilio
2507 4019 2907 4109 deliberate,
2941 4028 3122 4091 certa
3162 4021 3465 4114 quadam
3503 4023 3739 4095 notitia

930 4155 1389 4237 propagentur
1423 4145 1493 4214 in
1529 4154 1870 4239 posteroS,
1917 4166 2002 4216 ne
2030 4165 2356 4240 processu
2394 4143 2717 4238 temporis
2742 4165 2862 4237 per
2889 4152 3200 4215 exortam
3227 4144 3593 4217 oblivionis
3629 4169 3743 4219 ca·

932 4265 1202 4359 liginem
1230 4277 1680 4355 evanescant,
1728 4269 2107 4340 litterarum
2140 4269 2631 4340 consuevimus
2681 4267 2958 4339 indiciis
3003 4269 3319 4340 eternari.
3362 4270 3747 4343 Meminerit

930 4388 1133 4482 igitur
1161 4412 1450 4486 presens
1482 4400 1627 4463 etas
1650 4400 1720 4464 et
1753 4399 2120 4485 cognoscat
2150 4392 2383 4463 futura
2418 4390 2775 4485 posteritas
2805 4389 2997 4482 quod
3030 4412 3156 4462 nos
3190 4392 3746 4484 recognoscimus

931 4513 1208 4583 ecclesie
1240 4513 1661 4606 Augustensi
1703 4513 2143 4587 medietatem
2179 4514 2639 4607 precariarum
2670 4534 2792 4584 seu
2825 4514 3259 4585 collectarum
3290 4537 3466 4607 quas
3493 4538 3535 4588 a
3563 4517 3745 4588 civi-

934 4631 1062 4703 bus
1095 4635 1652 4728 Augustensibus
1685 4635 2012 4730 deinceps
2048 4635 2459 4709 duxerimus
2499 4633 2925 4728 exigendas3
2985 4636 3294 4708 volentes
3328 4646 3408 4708 ut
3453 4638 3745 4712 dilectus

939 4754 1245 4853 princeps
1280 4768 1512 4831 noster
1543 4758 1782 4832 Siboto
1808 4757 2264 4854 Augustensis
2295 4759 2581 4831 ecclesie
2607 4758 2977 4855 episcopus
3012 4768 3081 4832 et
3124 4759 3418 4854 quilibet
3458 4783 3746 4837 succes—

3910 1197 4033 1251 Apud

3838 1248 4077 1301 Augustam
4089 1281 4104 1303 ,

3818 1306 3847 1346 5
3867 1305 4131 1346 novembrio.

3791 2791 3916 2847 Apud
3939 2792 4121 2836 Ulmum
4134 2822 4145 2842 ,

3791 2850 3846 2892 22
3883 2847 4144 2889 novembris.
