4842 5802
1134 564 1256 624 856
2123 551 2553 611 rnlnssnlcl
2601 551 2947 612 SECUNDI
3184 602 3192 611 .
3588 552 3743 638 [Anu.
3783 555 3953 618 1236.

1141 700 1230 772 ad
1265 697 1580 790 Agenum
1606 690 1795 788 apud
1821 688 1920 786 (a)
1945 695 2241 761 nostram
2266 687 2695 784 provinciam
2717 690 3060 780 citaretur,
3089 688 3473 761 indiximus
3498 689 3629 762 sibi
3657 693 3957 766 eundem

1140 824 1364 896 locum
1394 829 1465 893 et
1497 817 1866 891 terminum
1900 821 2436 909 competentem,
2498 813 2570 884 in
2612 835 2752 907 quo
2801 814 2990 910 apud
3030 814 3344 908 Agenum
3383 812 3477 909 (b)
3521 814 3615 887 ad
3656 824 3959 889 nostram

1145 943 1554 1040 presentiam
1593 962 1669 1012 se
1689 939 2064 1028 conferret,
2107 935 2364 1008 ibidem
2393 934 2485 1007 de
2521 936 2702 1008 bono
2727 945 2904 1009 statu
2939 946 3008 1009 et
3043 938 3429 1031 integritate
3453 940 3635 1011 fame
3661 961 3791 1012 sue
3814 940 3956 1013 dis·

1146 1090 1403 1163 ponere
1430 1066 1785 1160 cupientes
1816 1061 1931 1155 (c).
1970 1063 2122 1153 lpse
2149 1079 2314 1129 vero
2345 1079 2502 1130 cum
2537 1080 2671 1129 non
2707 1070 2935 1153 posset
2980 1061 3338 1134 vulnerate
3381 1063 3795 1135 conscientie
3834 1086 3960 1136 sue

1147 1191 1447 1263 nefanda
1493 1197 1891 1279 contegere,
1933 1184 2061 1256 etsi
2104 1182 2337 1275 sepius
2374 1184 2699 1275 exposuit
2731 1205 2808 1255 se
2842 1194 3250 1275 venturum,
3290 1207 3561 1280 semper
3595 1187 3842 1277 illusit,
3891 1197 3962 1260 et

1146 1314 1521 1409 potentiam
1557 1319 1858 1382 nostram
1898 1308 1968 1377 in
2015 1306 2341 1399 superbia
2368 1316 2438 1378 et
2468 1306 2801 1378 abusione
2821 1318 3263 1379 contemnens
3284 1363 3303 1395 ,
3346 1308 3548 1381 datus
3581 1310 3651 1379 in
3680 1331 3958 1382 sensum

1146 1436 1512 1532 reprobum
1567 1443 1636 1506 et
1682 1432 1957 1528 penitus
2000 1431 2282 1501 effectus
2332 1429 2676 1523 ingratuS,
2728 1432 2910 1525 cepit
2952 1442 3188 1503 contra
3245 1453 3604 1526 personam
3659 1443 3962 1506 nostram

1149 1561 1365 1633 verbo
1426 1568 1495 1630 et
1551 1578 1758 1651 opere
1802 1553 2180 1627 machinari
2213 1553 2357 1624 :ita
2406 1552 2510 1649 (d)
2553 1563 2631 1624 ut
2676 1563 2902 1649 preter
2951 1554 3238 1627 insidias
3291 1578 3467 1649 quas
3513 1557 3586 1626 in
3647 1557 3964 1652 captione

1153 1684 1424 1758 dudum
1458 1679 1549 1777 (e)
1574 1679 1694 1752 filii
1726 1678 1936 1751 nostri
1967 1680 2048 1749 Η.
2095 1678 2166 1748 in
2201 1677 2446 1749 itinere
2485 1678 2845 1750 manifeste
2882 1680 3272 1774 proposuit,
3312 1700 3467 1751 cum
3497 1680 3962 1754 Mediolanen-

1153 1809 1348 1880 sibus
1390 1815 1458 1878 et
1500 1805 1652 1875 aliis
1706 1802 2002 1874 inimicis
2036 1800 2284 1872 nostris
2320 1810 2556 1872 contra
2587 1800 2913 1873 honorem
2968 1812 3275 1874 nostrum
3325 1814 3396 1875 et
3448 1804 3714 1897 imperii
3765 1806 3965 1877 moli-

1154 1939 1366 2003 retur.
1404 1926 1543 1999 Sed
1566 1927 1670 2019 (Γ)
1709 1924 2024 2017 nequiter
2052 1931 2288 1994 contra
2313 1922 2615 1993 animam
2651 1932 2950 1994 nostram
2987 1926 3420 2018 excogitans,
3459 1926 3645 1998 misit
3675 1927 3965 2000 nuncios

1156 2076 1319 2126 suos
1344 2052 1434 2124 ad
1464 2051 1800 2147 seniorem
1829 2048 2189 2131 Montano,
2224 2045 2344 2138 qui
2374 2046 2628 2116 dicitur
2659 2046 3044 2135 Assisinus,
3087 2050 3491 2142 promittens
3511 2049 3576 2121 ei
3603 2050 3962 2142 pecuniam

1156 2174 1527 2263 infinitam,
1569 2181 1645 2243 ut
1681 2181 1980 2242 nostram
2014 2167 2273 2240 lederet
2304 2168 2755 2259 majestatem.
2789 2169 2945 2242 Alio
2972 2171 3174 2242 etiam
3204 2172 3451 2266 spiritu
3483 2195 3611 2244 sue
3635 2175 3966 2246 fatuitatis

1156 2299 1513 2385 inductus,
1555 2293 1745 2389 quod
1779 2293 1978 2364 nobis
2002 2304 2107 2363 est
2142 2291 2352 2363 valde
2378 2293 2774 2380 molestum,
2807 2315 2946 2365 non
2983 2304 3087 2366 est
3107 2296 3367 2368 veritus
3395 2306 3729 2369 attentare
3762 2318 3963 2369 sanc·

1156 2424 1493 2495 tissimum
1530 2420 1601 2490 in
1653 2418 1918 2489 Christo
1969 2425 2230 2512 patrem
2278 2425 2588 2486 nostrum
2647 2438 2993 2488 summum
3050 2417 3474 2514 pontificem,
3519 2429 3596 2491 ut
3622 2421 3754 2492 sibi
3792 2431 3971 2494 esset

1154 2544 1548 2619 favorabilis
1578 2540 1907 2613 inducere
1941 2539 2342 2631 satagendo.
2384 2539 2697 2611 Preterea
2730 2541 3020 2613 nuncios
3050 2551 3313 2615 nostros
3343 2543 3415 2613 in
3446 2545 3810 2616 securitate
3838 2566 3967 2616 sua

1158 2681 1225 2743 et
1243 2668 1588 2741 conductu
1610 2672 1921 2757 receptos
1939 2664 2215 2758 spoliari
2244 2662 2629 2734 mandavit.
2659 2662 2877 2735 Xenia
2906 2686 3187 2758 quoque
3200 2687 3323 2759 per
3342 2665 3590 2739 ducem
3613 2668 3854 2741 Roscie
3869 2667 3967 2763 (9)

1160 2793 1358 2865 nobis
1414 2791 1809 2862 transmissa
1859 2809 1901 2859 a
1950 2786 2222 2858 nunciis
2284 2788 2436 2877 ejus
2494 2787 2564 2857 in
2615 2788 3100 2860 contumeliam
3163 2798 3232 2860 et
3290 2790 3611 2881 injuriam
3672 2799 3969 2863 nostram

1160 2917 1318 2988 fecit
1341 2914 1644 2987 aufferri.
1677 2912 1911 2983 Castra
1942 2924 2171 2982 autem
2214 2932 2352 3002 que
2390 2963 2408 2979 .
2453 2963 2470 2980 .
2508 2963 2525 2980 .
2563 2911 3074 3005 Ratisponensis
3096 2913 3448 3005 quondam
3474 2913 3854 2986 advocatus
3871 2913 3969 3007 (h)

1162 3039 1360 3110 nobis
1395 3048 1464 3110 et
1500 3037 1785 3131 imperio
1822 3036 1893 3105 in
1930 3057 2058 3107 sua
2094 3044 2311 3107 morte
2353 3037 2743 3126 legaverat,
2801 3056 2939 3106 non
2980 3045 3086 3107 est
3121 3036 3383 3109 veritus
3410 3058 3785 3132 occupare,
3845 3059 3972 3109 nec

1162 3161 1393 3234 omisit
1431 3169 1677 3231 cuncta
1715 3180 2108 3254 presumere
2146 3180 2285 3251 que
2326 3158 2525 3230 nobis
2576 3167 2806 3230 essent
2852 3169 2921 3230 et
2966 3159 3253 3252 imperio
3306 3170 3738 3232 nocumenta.
3791 3159 3965 3250 Qui,

1162 3307 1321 3356 cum
1355 3305 1482 3355 nec
1512 3285 1731 3354 Deum
1774 3283 2041 3370 timeat,
2081 3281 2260 3352 sicut
2303 3281 2590 3369 dicitur,
2634 3303 2762 3354 nec
2794 3292 3139 3354 terrenum
3178 3282 3344 3354 velit
3380 3282 3738 3355 dominum
3763 3304 3975 3355 reve·-

1158 3408 1327 3497 reri,
1373 3417 1614 3477 nature
1644 3405 2095 3476 reverentiam
2121 3425 2259 3474 non
2280 3405 2693 3494 observans,
2741 3458 2758 3474 .
2821 3458 2839 3474 .
2905 3457 2922 3475 .
2965 3405 3264 3477 nobilem
3301 3405 3648 3478 dominam
3689 3416 3971 3478 matrem

1161 3553 1358 3604 suam
1395 3530 1540 3601 suis
1576 3529 1776 3600 bonis
1797 3527 2121 3599 omnibus
2170 3529 2569 3622 spoliatam,
2623 3527 2713 3600 de
2753 3537 2934 3601 terra
2969 3550 3097 3600 sua
3149 3529 3437 3624 turpiter
3478 3530 3812 3622 effugavit
3852 3556 3869 3600 :
3908 3538 3977 3601 et

1248 3797 1332 3877 (a)
1376 3798 1652 3858 Codicem
1699 3806 1814 3857 455
1863 3798 2186 3874 sequimur.
2220 3796 2293 3855 In
2347 3794 2633 3871 impresso
2677 3795 2841 3876 apud
2877 3796 3317 3878 Aqamiensem5
3351 3800 3416 3860 in
3460 3799 3594 3860 cod.
3631 3808 3778 3876 202,
3819 3797 3981 3880 apud

1166 3904 1667 3984 Anqanonemem,
1698 3903 1873 3963 ambo
1900 3905 2077 3963 male.
2106 3903 2322 3980 Agitur
2346 3905 2506 3962 enim
2530 3902 2606 3962 de
2630 3903 2961 3983 Haqenowe.

1251 4008 1332 4088 (b)
1373 4010 1489 4086 Ap.
1520 4010 1681 4070 Petr.
1713 4008 1789 4068 de
1813 4010 1953 4071 Vin.
1982 4006 2320 4089 Aqamiam,
2350 4006 2526 4067 male.

1250 4114 1329 4193 (c)
1369 4116 1532 4175 Alias
1549 4120 1949 4194 proponentes.

1255 4218 1340 4299 (d)
1384 4221 1457 4281 In
1483 4221 1783 4281 codicibus
1809 4226 1892 4290 εις
1921 4236 2019 4295 ap.
2044 4219 2205 4278 Petr.
2237 4219 2311 4278 de
2336 4218 2477 4277 Vin.
2507 4217 2692 4278 deest.

1253 4331 1328 4406 (e)
1372 4329 1488 4402 Ap.
1520 4328 1674 4386 Petr.
1704 4326 1780 4386 de
1807 4326 1950 4387 Vin.
1986 4323 2150 4403 (edit.
2183 4324 2258 4384 de
2291 4321 2465 4397 1566)
2492 4321 2660 4400 dum,
2687 4323 2862 4385 male.

1260 4432 1353 4512 (s)
1397 4430 1517 4493 Sed
1539 4435 1599 4491 in
1627 4432 1924 4492 codicibus
1947 4431 2132 4491 deest.

1264 4536 1349 4618 (q)
1390 4537 1487 4598 Sic
1513 4555 1589 4597 ex
1614 4536 1913 4598 codicibus
1938 4535 2337 4596 emendamus.
2366 4534 2439 4593 In
2465 4533 2602 4594 edit.
2634 4533 2709 4593 de
2741 4542 2893 4594 1566
2921 4536 3132 4597 Bossia.

1254 4641 1341 4720 (Ιι)
1385 4644 1497 4703 Hic
1524 4646 1585 4702 in
1611 4643 1863 4702 editione
1889 4641 1964 4700 de
1994 4649 2149 4701 1566
2177 4641 2416 4701 additur
2437 4639 2670 4719 imperii
2691 4659 2710 4696 .·
2737 4641 2900 4717 quod
2925 4644 2988 4701 in
3012 4642 3313 4703 codicibus
3333 4646 3495 4720 juste
3519 4642 3704 4702 deest.
