4842 5802
868 614 1063 673 Innuet.
1095 610 1180 694 8.]
1770 612 2171 673 HISTORIA
2221 610 2806 673 DlPLOMATICA.
3578 620 3686 679 711

870 767 996 819 nes
1032 745 1422 841 prepositus
1458 744 1550 817 de
1583 745 1920 831 Omnibus
1960 748 2260 839 Sanctis,
2311 746 2770 838 Marguardus
2810 749 3194 843 prepositus
3228 751 3453 823 Sancti
3500 753 3691 824 Pauli

870 871 943 941 in
969 869 1395 959 Wormacia,
1430 869 1873 943 Eberhardus
1899 872 2485 967 archipresbyter,
2521 871 2876 947 Conradus
2904 874 3244 966 palatinus
3277 875 3446 949 Reni
3469 929 3490 967 ,
3536 877 3693 948 Fri-

870 991 1145 1067 dericus
1199 992 1351 1065 dux
1397 993 1685 1083 Suevie,
1730 995 2112 1069 Florentius
2163 1016 2394 1070 comes
2442 995 2835 1086 Hollandie,
2877 995 3288 1076 ,Gerhardns
3331 1021 3558 1075 comes
3604 999 3695 1074 de

867 1118 1045 1207 Lon,
1082 1117 1449 1189 Heinricus
1484 1138 1713 1190 comes
1736 1116 2112 1207 Gelrensis,
2151 1120 2307 1191 Otto
2342 1118 2435 1199 de
2469 1118 2987 1207 Binthenhcim,
3049 1143 3277 1194 comes
3318 1123 3574 1218 Symon
3604 1123 3693 1200 de

868 1239 1335 1329 Sarabrnkke,
1374 1239 1616 1312 Comes
1652 1241 2012 1315 Heinricus
2047 1241 2139 1314 de
2168 1241 2434 1329 Dietse,
2489 1243 2722 1336 Poppo
2760 1242 2850 1315 de
2875 1244 3286 1335 Wertheim,
3341 1246 3695 1319 Conradus

870 1362 960 1435 de
992 1362 1456 1457 Buchiesberg
1483 1363 2007 1460 (Bockesberg),
2052 1364 2415 1437 Heinricus
2446 1363 2536 1437 de
2557 1364 2837 1438 Chuoch
2859 1420 2878 1454 ,
2919 1368 3380 1440 Hartmannus
3408 1368 3498 1441 de
3521 1371 3696 1442 Bue-

867 1487 1140 1580 tingen,
1197 1488 1544 1582 Rupertus
1576 1485 1669 1562 de
1704 1489 1975 1578 Durne,
2017 1488 2380 1569 Heinricus
2424 1491 2872 1581 marscalcnS,
2925 1489 3284 1563 Cunradus
3332 1491 3688 1587 pincerna,

869 1609 1052 1683 Cono
1081 1609 1172 1682 de
1197 1610 1686 1703 Mincenberg,
1708 1610 2080 1685 Anselmns
2096 1612 2534 1701 marscalcus,
2575 1613 2957 1687 Wicelinus
2984 1612 3076 1687 de
3107 1616 3325 1707 Berge
3342 1669 3362 1707 ‚
3404 1615 3695 1688 Anshel-

870 1754 1026 1805 mus
1059 1732 1151 1806 de
1180 1734 1491 1829 Roninge
1512 1790 1528 1821 ,
1568 1733 1995 1826 GotefriduS,
2027 1735 2239 1808 etalii
2272 1736 2740 1830 quamplures.

965 1857 1255 1950 Signum
1287 1856 1556 1943 domini
1581 1858 1913 1945 Friderici
1950 1859 2415 1933 Romanorum
2454 1859 2882 1954 imperatoris
2918 1859 3375 1934 invictissimi.
3432 1861 3692 1958 (Mono-

863 1979 1235 2074 qramma.)

963 2103 1112 2196 Ego
1130 2103 1479 2176 Gotfridus
1508 2103 1884 2198 imperialis
1910 2105 2068 2177 aule
2086 2107 2568 2194 cancellarius,
2593 2107 2749 2177 vice
2767 2105 3495 2201 CristianiMaguntine
3506 2107 3690 2180 sedis

869 2227 1366 2322 archiepiscopi
1402 2236 1471 2301 et
1503 2225 1871 2300 Germanic
1906 2228 2518 2317 archicancellarii,
2551 2229 2949 2321 recognovi.

966 2349 1136 2424 Acta
1167 2360 1332 2423 sunt
1359 2351 1490 2423 hec
1526 2372 1709 2423 anno
1747 2351 2090 2424 dominice
2124 2353 2609 2426 incarnationis
2635 2353 3055 2424 MCLXXXII
3073 2406 3092 2444 ,
3132 2352 3505 2427 indictione
3533 2354 3685 2443 XV,

868 2485 1202 2569 regnante
1230 2475 1512 2548 domino
1531 2475 1876 2550 Friderico
1896 2475 2302 2570 imperatore
2321 2476 2831 2570 gloriosissime,
2852 2497 3036 2549 anno
3051 2477 3248 2568 regni
3268 2478 3421 2569 ejus
3438 2479 3687 2565 XXXI,

870 2598 1142 2694 imperii
1176 2619 1343 2671 vero
1371 2599 1677 2671 XXVIII.

965 2724 1211 2795 Datum
1234 2722 1606 2817 Maguntiis
1638 2723 1709 2793 in
1731 2722 2068 2817 solempni
2099 2721 2326 2812 curia,
2359 2723 2450 2795 VI
2482 2721 2814 2794 kalendas
2833 2723 3014 2814 junii
3034 2775 3055 2813 ,
3094 2723 3397 2795 feliciter.
3432 2722 3679 2797 Amen.

966 2847 1106 2918 Nos
1153 2845 1365 2940 igitur
1395 2844 1698 2918 inclinati
1731 2846 2047 2940 precibus
2080 2845 2342 2918 civium
2378 2844 2873 2939 predictorum,
2918 2845 3101 2920 idem
3131 2848 3570 2942 privilegium
3603 2847 3693 2921 de

871 2969 1083 3042 verbo
1124 2969 1217 3042 ad
1242 2969 1535 3041 verbum
1572 2969 1873 3064 presenti
1908 2970 2161 3065 pagine
2200 2970 2480 3041 inscribi
2527 2972 2841 3056 fecimus,
2891 2970 3298 3043 innovantes
3341 2980 3409 3043 et
3444 2971 3691 3043 confir-

871 3101 1136 3166 mantes
1172 3093 1577 3171 auctoritate
1600 3093 1791 3186 regia
1827 3093 2213 3182 libertates,
2270 3093 2806 3166 consuetudines
2859 3094 3112 3188 pariter
3163 3103 3234 3166 et
3282 3095 3573 3167 honores
3610 3116 3691 3167 ac

869 3216 1100 3288 omnia
1136 3239 1416 3312 prorsus
1429 3217 1459 3308 j
1471 3239 1591 3289 ura
1623 3238 1760 3309 que
1792 3217 2055 3289 civitati
2089 3217 2395 3312 Spirensi
2431 3217 2503 3289 in
2532 3218 2778 3290 eodem
2805 3218 3168 3312 privilegio
3203 3228 3366 3291 sunt
3390 3219 3683 3293 indulta.

868 3340 1266 3413 Inhibemus
1293 3342 1527 3435 itaque
1559 3338 1846 3412 firmiter
1871 3349 1941 3413 et
1967 3340 2290 3413 distincte
2323 3339 2685 3437 (districte)
2715 3341 2848 3434 snb
2883 3341 3164 3413 obtentu
3203 3343 3433 3434 gracie
3463 3353 3693 3416 nostre

870 3485 961 3535 ne
976 3465 1115 3536 ulla
1134 3486 1426 3559 persona
1453 3466 1588 3537 alta
1620 3464 2055 3555 velhumilis,
2088 3464 2552 3536 ecclesiastica
2578 3465 2692 3537 vel
2726 3465 3079 3554 seculariS,
3111 3465 3486 3558 predictam
3515 3467 3686 3537 civi-

872 3594 1080 3656 tatem
1101 3587 1488 3681 Spirensem
1512 3589 1627 3659 vel
1657 3587 1849 3659 cives
1890 3586 2106 3680 ipsius
2132 3595 2369 3658 contra
2400 3598 2705 3657 tenorem
2740 3587 3252 3680 privilegiorum
3273 3590 3691 3682 presentium

874 3719 1205 3803 aggravet
1234 3707 1466 3803 aliquo
1498 3711 1706 3783 modo
1738 3710 1853 3782 vel
1887 3708 2222 3780 molestet.
2263 3708 2334 3778 Si
2364 3708 2524 3802 quis
2549 3708 2758 3800 igitur
2780 3707 2914 3781 hoc
2939 3718 3342 3803 attemptare
3378 3732 3691 3804 presum-

872 3831 1067 3922 serit,
1106 3842 1330 3926 preter
1366 3834 1439 3907 id
1478 3834 1667 3929 quod
1707 3856 1748 3906 a
1785 3842 2015 3906 nostre
2061 3830 2434 3923 majestatis
2471 3830 2706 3923 gracia
2744 3841 2848 3901 est
2894 3833 3261 3923 exclusus,
3300 3836 3518 3906 solvet
3561 3835 3691 3908 du-

873 3964 1104 4027 centas
1146 3978 1408 4031 marcas
1437 3958 1589 4030 auri
1622 3979 1745 4053 pro
1778 3978 1984 4051 pena,
2016 3976 2305 4050 quarum
2350 3954 2683 4026 medietas
2730 3953 2930 4027 cedat
2978 3953 3173 4048 fisco,
3222 3958 3489 4051 reliqua
3526 3981 3690 4032 vero

870 4079 1204 4152 medietas
1240 4081 1461 4175 passis
1493 4081 1813 4173 injuriam
1842 4080 2293 4177 persolvetur.

966 4193 1206 4275 Testes
1234 4204 1445 4295 hujus
1476 4204 1577 4276 rei
1613 4214 1776 4277 sunt
1812 4232 1829 4275 ε
1874 4204 2231 4278 Conradus
2262 4203 2600 4297 Spirensis
2641 4203 3038 4298 episcopuS,
3078 4205 3448 4279 Landolfus
3492 4207 3692 4277 Wor-

874 4325 1233 4398 maciensis
1277 4327 1534 4400 electus
1582 4326 1642 4424 (l
1660 4327 1721 4425 ),
1774 4326 2128 4402 Conradus
2163 4327 2254 4401 de
2299 4326 2530 4400 Steina
2580 4327 3003 4422 prepositus,
3052 4328 3344 4401 Sifridus
3392 4329 3694 4402 decanus

3379 4525 3638 4532 -—-------.-

943 4625 1014 4699 (l)
1051 4627 1329 4698 Quomodo
1361 4631 1452 4689 isti
1485 4632 1593 4689 duo
1621 4630 1849 4705 praelati
1872 4633 2149 4692 rebellioni
2174 4632 2387 4690 Henrici
2416 4633 2561 4704 regis
2594 4648 2787 4691 manus
2818 4633 3080 4702 dederint,
3112 4649 3178 4690 ex
3204 4634 3498 4732 Annalibus
3540 4638 3694 4692 Wor-

873 4724 1221 4781 metientibus
1252 4725 1399 4784 clare
1423 4729 1829 4801 comperimus:
1863 4751 1891 4785 α
1918 4731 2087 4792 Erant
2108 4730 2256 4788 cives
2284 4729 2568 4803 spirenses
2588 4745 2716 4786 cum
2741 4730 3231 4788 wormatiensibns
3264 4731 3321 4788 in
3342 4732 3448 4791 hoc
3471 4733 3693 4794 articulo
