4842 5802
1175 616 1292 677 '162
2166 615 2604 676 Fnlnmttcl
2655 616 3003 677 sEctmm
3614 617 3777 695 [Αιηι.
3818 619 3996 682 1235.

1269 749 1441 822 Acta
1508 758 1670 820 sunt
1720 748 1850 821 hec
1905 771 2089 824 anno
2144 749 2489 825 dominice
2552 751 3042 824 incarnationis
3102 751 3464 824 millesimo
3524 752 3996 827 ducentesimo

1171 875 1511 948 tricesimo
1541 875 1811 968 quinto,
1843 897 2080 949 mense
2110 876 2419 969 augusti,
2463 885 2706 948 octave
2738 874 3158 948 indictionis,

1264 1000 1435 1071 Data
1468 997 1660 1093 apud
1689 999 2115 1091 Hagenowe,
2149 1020 2358 1090 anno,
2400 1020 2639 1072 mense
2667 1009 2737 1071 et
2762 998 3144 1073 indictione
3172 999 3596 1096 prescriptis.

1628 1308 2619 1321 ‘mm

868 1619 993 1674 Apud
1270 1593 1732 1695 Fridericus,
1776 1592 2296 1677 Romanorum
2349 1594 2793 1704 imperator,
2833 1604 3103 1680 notum
3146 1595 3328 1680 facit
3370 1597 3583 1707 quod
3616 1596 3697 1679 in
3734 1622 3982 1707 gene-

788 1670 831 1713 11
834 1682 1041 1725 agonowe
1054 1708 1065 1727 ,

826 1732 1031 1778 ‘'¹⁸⁰⁸20·
1163 1725 1307 1809 rali
1361 1726 1572 1809 curia
1626 1751 1764 1809 sua
1818 1726 2262 1811 Ludewicus
2314 1727 2412 1810 de
2465 1728 2733 1838 Schipf
2770 1728 3189 1813 Gottifredo
3224 1730 3322 1812 de
3354 1728 3799 1813 Hohenlohe
3831 1755 3980 1813 co-

1163 1858 1327 1940 miti
1380 1858 1873 1942 Romaniolae
1924 1885 2066 1967 pro
2129 1860 2675 1944 restauratione
2719 1862 3177 1945 damnorum
3230 1888 3367 1970 per
3403 1888 3484 1945 se
3518 1861 3663 1970 ipsi
3702 1861 3979 1946 Gotte-

1159 1991 1357 2075 frido
1392 1990 1779 2074 illatorum
1796 2054 1819 2100 ,
1860 1989 2072 2073 mille
2107 2016 2406 2075 marcas
2450 1992 2745 2104 argenti
2780 1992 3181 2077 solvendas
3215 1992 3598 2103 promisit,
3640 2002 3716 2076 et
3752 2019 3980 2102 super

1157 2124 1532 2209 solutione
1567 2131 1903 2207 castrum
1942 2150 2169 2208 suum
2216 2125 2486 2236 Schipf
2537 2136 2615 2211 et
2675 2128 2827 2211 alia
2887 2128 3093 2212 bona
3154 2138 3316 2211 tam
3379 2128 3460 2211 in
3522 2126 3978 2238 proprietate

1153 2284 1390 2369 quam
1424 2257 1504 2339 in
1541 2257 1783 2341 feodis
1817 2257 2212 2369 obligavit.

1312 2481 1338 2563 (
1350 2482 1588 2545 Edider.
1612 2484 2086 2557 massmanni«,
2111 2480 2539 2562 Diptomaen‘sek
2570 2484 2813 2546 nemeen
2835 2482 2934 2546 des
2956 2483 3164 2548 lamen
3187 2481 3510 2546 Holoenloloe
3527 2526 3545 2557 ,
3573 2491 3620 2545 t.
3651 2485 3713 2561 1,
3736 2499 3794 2561 p.
3828 2490 3970 2555 899,

1388 2597 1456 2649 n⁰
1501 2588 1746 2667 XXIII,
1774 2603 1852 2648 ex
1899 2587 2191 2666 originali.
2222 2620 2302 2635 -
2328 2590 2662 2664 Lunxwm,
2705 2588 3038 2672 Reliquiae,
3087 2598 3138 2653 t.
3166 2592 3262 2666 11,
3315 2608 3377 2668 p.
3414 2598 3556 2652 218.
3586 2619 3667 2635 —
3692 2590 3969 2660 Omna,

1400 2690 1797 2774 Wappenbel„
1826 2699 1869 2754 t.
1902 2692 1994 2769 11,
2021 2710 2081 2771 p.
2121 2696 2285 2774 101.)

1242 2890 1659 2984 FridericuS,
1694 2891 1819 2964 Dei
1857 2892 2078 2985 gratia
2114 2893 2575 2966 Romanorum
2614 2894 2980 2990 imperator
3011 2903 3082 2968 et
3113 2917 3382 2990 semper
3433 2903 3798 2987 augustuS,
3835 2895 3963 2967 Je-

1144 3017 1441 3089 rusalem
1490 3025 1558 3087 et
1603 3015 1832 3088 Sicilie
1864 3039 2015 3089 rex.
2062 3017 2189 3089 Per
2234 3040 2516 3114 presens
2560 3018 2889 3114 scriptum
2947 3029 3186 3092 notum
3234 3018 3381 3091 fieri
3441 3019 3765 3092 volumus
3809 3018 3967 3089 uni-

1143 3160 1363 3213 versis
1423 3140 1693 3233 imperii
1729 3217 1732 3220 ,
1767 3139 2088 3213 fidelibus
2135 3150 2272 3213 tam
2330 3141 2764 3236 presentibus
2815 3164 3026 3236 quam
3078 3142 3326 3214 futuris
3374 3140 3564 3236 quod
3611 3141 3808 3213 nobis
3851 3161 3966 3213 re·

1142 3264 1532 3338 sidentibus
1603 3265 1675 3335 in
1736 3265 1990 3360 palatio
2047 3274 2276 3337 nostro
2325 3266 2725 3359 Hagenowe
2780 3265 2853 3337 in
2906 3266 3208 3360 generali
3263 3265 3454 3337 curia
3507 3285 3632 3358 pro
3680 3262 3965 3354 judiciis

1141 3389 1536 3480 audiendiS,
1571 3388 2045 3461 assistentibus
2069 3390 2267 3462 nobis
2292 3391 2638 3484 plerisque
2652 3390 3042 3486 principum
3068 3400 3139 3464 et
3165 3411 3524 3485 procerum
3548 3397 3958 3479 nostrorum,

1141 3517 1310 3590 dum
1348 3512 1764 3587 Godefridus
1802 3513 1891 3587 de
1928 3514 2326 3588 Hohenlohe
2375 3536 2605 3587 comes
2632 3515 2962 3587 Romanie
3011 3512 3234 3586 fidelis
3284 3522 3514 3585 noster
3563 3513 3967 3584 conveniret

1142 3640 1215 3711 in
1243 3638 1589 3734 presentia
1630 3648 1863 3711 nostra
1894 3638 2351 3713 Ludewicum
2384 3639 2477 3712 de
2506 3637 2807 3735 Schiphe
2849 3659 3060 3734 super
3090 3638 3444 3711 immensis
3474 3635 3795 3732 dampnis
3828 3635 3962 3708 sibi

1144 3764 1346 3837 illatis
1377 3784 1500 3858 per
1530 3784 1717 3853 enm,
1757 3762 1984 3835 dictus
2013 3762 2439 3837 Ludewicus
2474 3786 2633 3836 cum
2670 3763 2916 3838 eodem
2958 3761 3326 3836 Godefrido
3373 3761 3464 3834 ad
3502 3760 3959 3856 subscriptam

1141 3889 1660 3962 conventionem
1693 3895 1762 3959 et
1791 3887 2323 3960 satisfactionem
2365 3888 2736 3980 gratuitam
2767 3887 3047 3960 obtenta
3091 3886 3364 3959 licentia
3413 3895 3481 3957 et
3514 3884 3961 3979 permissione

1141 4022 1364 4086 nostra
1419 4010 1700 4084 devenit
1741 4035 1757 4079 :
1808 4009 2131 4080 videlicet
2176 4009 2368 4104 quod
2419 4032 2543 4104 pro
2596 4010 3093 4084 restauratione
3141 4008 3597 4102 dampnorum
3650 4003 3959 4100 promisit

1138 4137 1365 4210 eidem
1389 4132 1760 4207 Godefrido
1789 4133 1978 4205 mille
2013 4155 2279 4206 marcas
2313 4135 2574 4229 argenti
2609 4135 2765 4231 puri
2805 4144 2875 4206 et
2910 4134 3071 4206 boni
3105 4128 3509 4220 solvendaS,
3542 4148 3667 4222 pro
3704 4127 3960 4221 quibus

1135 4445 1310 4496 castro
1333 4435 1748 4511 pertinentibus.
1774 4437 1857 4492 lta
1878 4437 1932 4492 in
1962 4436 2066 4493 alio
2094 4436 2412 4494 documento
2438 4437 2599 4511 hujus
2622 4436 2876 4510 temporis
2903 4435 3075 4509 (apud
3093 4434 3527 4503 Bassaniam«,
3558 4429 3720 4499 lbid„
3752 4442 3814 4486 n⁰
3834 4430 3955 4501 Lu)

1135 4535 1416 4593 Heinricus
1437 4533 1594 4590 mila
1612 4532 1998 4590 doHohentoch
2019 4534 2371 4606 permissione
2391 4534 2591 4591 domini
2613 4533 2697 4591 sui
2720 4533 2924 4591 Alberti
2945 4532 3013 4590 de
3028 4531 3340 4589 Hohenloch
3359 4530 3547 4587 decem
3570 4526 3777 4588 maldra
3792 4525 3956 4582 tritici

1133 4635 1287 4691 offert
1312 4630 1566 4689 eeclesiae
1609 4630 1663 4685 in
1690 4630 2271 4689 Scbestersheim.1stis
2295 4631 2461 4688 etiam
2485 4630 2548 4688 de
2576 4630 2877 4689 Hohenloch
2919 4643 3217 4704 cognomen
3259 4633 3378 4687 erat
3418 4623 3801 4697 tantummodo,
3833 4638 3955 4679 cum

1133 4730 1267 4787 alias
1293 4746 1362 4787 ex
1387 4729 1726 4802 propriorum
1752 4727 2016 4787 bonorum
2044 4729 2195 4786 titulo
2224 4734 2504 4787 vocentur.
