4842 5802
1157 635 1277 697 708
2192 642 2534 707 HENRICI
2582 644 2919 707 SEPTml
3595 643 3755 722 [Anu.
3793 644 3964 708 1234.

1160 771 1390 842 munis
1404 770 1771 844 Mediolani
1792 774 2096 846 notarius
2125 785 2194 847 et
2219 800 2405 850 nunc
2428 780 2652 852 scriba
2670 777 3053 852 eommunis
3065 775 3463 870 Mediolani,
3494 780 3972 876 suprascriptis

1160 893 1439 966 interfui
1468 904 1535 965 et
1557 896 1960 991 subscripsi.

1256 1018 1404 1109 Ego
1451 1018 1784 1091 Hem-icus
1828 1018 1917 1091 de
1949 1019 2336 1115 Camenago
2372 1023 2557 1096 filius
2588 1024 2938 1119 quondam
2984 1024 3246 1097 domini
3280 1023 3547 1097 Castelli
3586 1028 3710 1120 qui
3751 1038 3856 1100 sto
3893 1029 3964 1099 in

1162 1149 1354 1213 curte
1378 1140 1902 1232 vicecomitum,
1935 1144 2239 1217 notarius
2275 1159 2344 1218 et
2384 1170 2569 1220 nunc
2595 1150 2821 1223 scriba
2845 1148 3229 1224 communis
3256 1147 3659 1241 Mediolani,
3688 1150 3965 1224 interfui

1151 1272 1222 1335 et
1248 1263 1644 1359 subscripsi.

1249 1872 1656 1977 HenricuS,
1714 1870 2233 1954 Romanorum
2286 1897 2461 1976 rex,
2519 1872 2809 1957 civibus
2864 1873 3344 1980 Spirensibus
3399 1874 3955 1983 amplissimum

1141 2003 1496 2086 Friderici
1533 2004 1607 2110 I,
1647 2004 1743 2085 de
1803 2028 2006 2084 anno
2049 2006 2291 2108 1182,
2337 2006 2441 2083 27
2489 2005 2704 2108 maii,
2744 2005 3270 2115 privilegium,
3318 2031 3474 2114 quo
3508 2005 3793 2088 eisdem
3845 2006 3954 2087 li-

1138 2136 1463 2219 bertates
1509 2145 1583 2217 et
1625 2135 1885 2218 omnia
1922 2135 2099 2244 jura
2135 2135 2236 2217 ab
2270 2135 2593 2218 Henrico
2636 2137 2703 2217 V
2747 2162 3103 2221 concessa
3156 2145 3616 2221 renovantur
3658 2149 3733 2220 et
3776 2163 3955 2221 am-

1135 2269 1498 2376 pliantur,
1538 2278 1851 2351 renovat
1884 2268 2135 2350 denuo
2169 2277 2245 2349 et
2286 2267 2713 2350 confirmat.

1298 2479 1480 2558 (Edit.
1513 2496 1612 2557 ap.
1639 2479 1900 2540 Monam.
1932 2479 2128 2554 Boia,
2158 2486 2305 2541 tom.
2336 2479 2508 2542 XXX
2531 2523 2545 2552 ,
2572 2497 2709 2558 pars
2742 2491 2821 2555 1⁸,
2851 2499 2914 2559 p.
2948 2491 3096 2555 230,
3124 2492 3189 2542 n⁰
3215 2444 3367 2555 728,
3399 2499 3474 2543 ex
3501 2484 3717 2560 origin.
3745 2484 3808 2542 in
3842 2498 3952 2542 ar-

1372 2587 1547 2647 chivo
1582 2587 1863 2661 Spirensi.
1888 2618 1969 2629 —
1992 2586 2371 2664 Privilegium
2406 2593 2604 2647 autem
2643 2588 2927 2648 Friderici
2952 2589 2982 2647 1
3017 2594 3183 2648 extat
3221 2588 3380 2664 apud
3414 2588 3719 2649 Limum«
3735 2632 3753 2662 ,
3794 2590 3952 2649 Ton-

1370 2709 1522 2770 m,
1567 2691 1803 2766 Lumo,
1853 2690 2120 2751 Duuom·
2155 2698 2213 2750 et
2257 2689 2576 2767 Gneus,
2604 2700 2664 2753 et
2703 2695 2766 2752 in
2801 2694 3068 2752 Menum.
3104 2694 3299 2767 Boio„
3331 2700 3374 2753 t.
3411 2693 3642 2767 XXXI,
3688 2711 3824 2771 pars
3871 2704 3951 2770 1⁸,

1371 2814 1434 2874 p.
1467 2795 1630 2873 419.)

1232 2984 1306 3053 In
1338 2980 1615 3053 nomine
1644 2989 1879 3052 sancte
1900 2988 1969 3050 et
2005 2980 2365 3054 individue
2393 2982 2763 3055 Trinitatis.
2799 2983 3164 3054 Heinricus
3191 2983 3524 3077 septimus
3565 2983 3806 3056 divina
3846 2985 3947 3055 sa-

1134 3111 1343 3176 vente
1395 3101 1754 3173 clementia
1786 3102 2246 3173 Romanorum
2280 3124 2407 3175 rex
2445 3112 2514 3176 et
2536 3126 2809 3200 semper
2848 3114 3207 3200 augustus.
3251 3106 3552 3198 Dignum
3590 3127 3949 3178 censemus

1135 3236 1205 3301 et
1237 3234 1768 3298 consentaneum
1804 3225 2049 3296 rationi
2086 3234 2160 3296 ut
2195 3226 2296 3297 eis
2322 3227 2444 3320 qui
2483 3226 2622 3299 fide
2654 3249 2737 3299 ac
2759 3227 3129 3301 devotione
3155 3250 3278 3323 pre
3306 3228 3459 3299 aliis
3483 3251 3559 3301 se
3595 3228 3686 3301 ad
3718 3238 3947 3302 nostra

1133 3348 1565 3444 beneplacita
1597 3347 1934 3421 exhibent
1967 3350 2449 3443 promptiores,
2507 3351 2579 3422 in
2615 3351 3176 3424 renovationibus
3221 3352 3733 3447 privilegiorum
3780 3373 3944 3425 suo-

1133 3497 1324 3566 rum,
1367 3482 1436 3546 et
1463 3473 1535 3543 in
1572 3472 1726 3545 aliis
1748 3472 1950 3565 justis
1988 3474 2308 3568 precibus
2343 3485 2412 3546 et
2445 3473 2805 3547 desideriis
2837 3474 3272 3567 eorumdem,
3316 3495 3438 3570 pre
3464 3476 3709 3548 ceteris
3738 3476 3944 3548 etiam

1136 3600 1292 3693 plus
1327 3596 1678 3693 impendat
1702 3605 1932 3669 nostra
1971 3597 2299 3669 serenitas
2324 3599 2555 3691 gracie
2595 3606 2663 3670 et
2706 3599 3006 3672 honoriS.
3041 3599 3372 3671 Noverint
3403 3598 3610 3693 igitur
3638 3599 3946 3671 universi

1138 3732 1487 3816 presentes
1513 3743 1595 3793 ac
1622 3721 1873 3816 posteri
1903 3720 2093 3813 quod
2126 3721 2352 3792 dilecti
2394 3720 2630 3795 fideles
2648 3722 2862 3793 nostri
2891 3722 3082 3795 cives
3110 3723 3464 3818 Spirenses
3495 3723 3695 3795 nobis
3721 3720 3947 3793 humi-

1140 3845 1292 3917 liter
1339 3845 1812 3939 supplicarunt
1860 3854 1936 3914 ut
1973 3845 2415 3939 dignaremur
2457 3846 2859 3918 auctoritate
2896 3845 3088 3939 regia
3127 3867 3459 3919 renovare
3500 3845 3946 3940 privilegium

1137 3968 1380 4066 proavi
1418 3969 1632 4040 nostri
1672 3968 1786 4063 pie
1822 3969 2147 4040 memorie
2188 3967 2513 4040 Friderici
2563 3969 2914 4061 quondam
2961 3970 3421 4042 Romanorum
3474 3967 3938 4061 imperatoris;

1130 4096 1330 4187 cujus
1368 4102 1558 4164 tenor
1587 4091 1739 4162 talis
1772 4101 1876 4163 est
1916 4116 1937 4162 z

1237 4219 1312 4289 In
1346 4216 1624 4289 nomine
1655 4224 1887 4286 sancte
1917 4224 1984 4286 et
2010 4212 2377 4287 individue
2408 4213 2777 4286 Trinitatis.
2813 4213 3201 4318 Fridericus
3237 4213 3473 4285 divina
3506 4212 3777 4282 favente
3806 4210 3943 4281 cle·

1138 4343 1393 4413 mentia
1442 4339 1904 4410 Romanorum
1954 4337 2320 4431 imperator
2372 4345 2734 4429 augustus.
2793 4338 3112 4429 Majestas
3166 4334 3536 4428 imperialis
3598 4332 3815 4424 exigit
3876 4340 3947 4402 et

1137 4463 1504 4539 auctoritas
1538 4473 1638 4552 ut,
1681 4461 1856 4533 sicut
1886 4482 2014 4533 sua
2066 4461 2243 4533 facta
2285 4469 2432 4533 rata
2459 4471 2526 4531 et
2559 4462 2961 4532 inconvulsa
2990 4480 3390 4556 permanere
3423 4455 3810 4544 desiderat,
3851 4455 3943 4526 ita

1142 4608 1424 4658 suorum
1476 4596 1979 4657 antecessorum
2039 4595 2228 4677 gesta
2291 4595 2360 4655 et
2418 4584 2779 4679 privilegia
2830 4583 3052 4656 modis
3109 4582 3430 4656 omnibus
3471 4578 3826 4651 confirmet
3874 4587 3944 4649 et

1137 4712 1544 4803 scriptorum
1572 4709 1951 4780 munimine
1976 4708 2393 4781 corroboret.
2441 4706 2605 4780 Inde
2635 4716 2739 4780 est
2771 4705 2960 4799 quod
3003 4728 3129 4779 nos
3154 4703 3594 4804 privilegium
3624 4711 3941 4775 anteces-
