4842 5802
1212 611 1336 673 914
2094 610 2136 665 .’
2215 610 2636 671 minctum
2685 610 3031 673 sucumm
3656 616 3816 695 [An.
3854 618 4025 680 1236.

1644 897 1695 906 ..ο
1707 897 1720 903 -
1739 895 3547 908 —ffl-n-w-ae——mmfi-—oo—-ae—--—o
3558 901 3601 909 ..-

847 1203 1129 1302 23ξῶξὲὴο
1331 1183 1738 1293 Gregorius
1792 1210 1989 1293 papa
2043 1184 2462 1291 Friderico,
2519 1185 3037 1267 Romanorum
3099 1184 3575 1293 imperatori,
3636 1187 4033 1295 respondet

1223 1316 1655 1424 querulanti
1730 1343 1957 1426 super
2015 1342 2371 1426 processu
2436 1317 2852 1400 Prenestini
2907 1317 3286 1427 episcopi,
3348 1319 3729 1429 simulque
3791 1345 4035 1429 argu-

1207 1460 1482 1531 menta
1516 1448 1792 1530 refellit
1824 1448 2105 1559 quibus
2158 1451 2567 1559 imperator
2621 1452 2722 1533 ad
2776 1476 2995 1533 suam
3049 1450 3583 1559 purgationem
3638 1476 3824 1534 usus
3879 1464 4028 1558 est3

1225 1605 1545 1663 monens
1593 1580 1879 1663 fortiter
1930 1583 2139 1690 quod
2190 1582 2510 1692 injurias
2553 1583 2928 1667 Ecclesiae
2972 1584 3357 1667 Romanae
3390 1592 3465 1666 et
3517 1584 3733 1692 regni
3787 1584 4035 1667 eccle-

1219 1713 1354 1794 siis
1389 1713 1638 1795 illatas
1673 1715 2075 1797 emendare
2126 1716 2425 1798 studeat
2462 1716 2580 1799 vel
2626 1716 2886 1799 timeat
2936 1741 3032 1799 ne
3084 1716 3286 1799 Deus
3333 1715 3433 1799 ab
3487 1714 3653 1825 ejus
3706 1742 4027 1824 proces-

1221 1845 1433 1929 sibus
1477 1846 1738 1930 oculos
1774 1857 2084 1929 avertat.

1376 2088 1604 2160 (Edidit
1637 2089 1985 2158 Rumam..
2013 2086 2232 2149 Amal.
2274 2085 2466 2149 eccles.
2498 2090 2577 2150 ad
2603 2106 2747 2150 ann.
2798 2098 2974 2164 1236,
3004 2090 3109 2151 sed
3135 2093 3200 2150 in
3234 2090 3388 2150 duas
3425 2092 3777 2168 segregatim
3801 2094 4027 2167 partes,

1453 2194 1669 2255 scilicet
1696 2192 1744 2275 S
1767 2195 2041 2257 VIII-XI
2077 2201 2136 2255 et
2172 2192 2218 2275 S
2251 2194 2667 2267 XVII—XXV3
2698 2211 2844 2272 quas
2883 2195 2980 2255 hic
3024 2195 3289 2256 ordinate
3334 2198 3785 2272 conjunximus,
3833 2195 4033 2256 multis

1453 2318 1606 2378 quae
1647 2301 1861 2361 ibidem
1905 2302 2146 2362 deerant
2191 2303 2253 2360 in
2295 2302 2491 2362 medio
2531 2301 2782 2381 additis,
2810 2318 2843 2361 e
2872 2308 3086 2380 regest.
3129 2300 3377 2380 Gregor.
3418 2302 3523 2362 lib.
3556 2301 3635 2375 X,
3678 2310 3744 2361 11⁰
3787 2310 3938 2375 25³,
3968 2304 4027 2361 tn

1449 2406 1676 2466 collect.
1705 2407 1954 2483 Laporte
1980 2406 2061 2467 du
2088 2407 2308 2479 Theil.)

1309 2617 1716 2713 GregoriuS,
1767 2631 1930 2708 etc.,
1964 2618 2344 2710 FridericO,
2385 2629 2519 2692 etc.
2574 2620 2644 2690 Si
2688 2620 3085 2691 memoriam
3116 2617 3606 2692 beneficiorum
3648 2618 4028 2692 Conditoris

1212 2743 1426 2815 eterni
1461 2765 1601 2836 que
1633 2765 1757 2836 per
1793 2743 2244 2815 ministerium
2296 2764 2545 2839 sponse
2592 2764 2718 2815 sue
2764 2742 2839 2814 in
2883 2743 3213 2816 sublimes
3256 2764 3582 2838 personas
3615 2752 3685 2816 et
3733 2743 4028 2816 humiles

1215 2868 1490 2962 largiter
1547 2875 1991 2954 emanarunt,
2033 2867 2335 2940 humane
2377 2866 2894 2962 ingratitudinis
2945 2867 3203 2941 oblivio
3250 2866 3543 2958 deleret,
3584 2867 3645 2940 si
3695 2867 4027 2941 Dominus

1215 3000 1446 3064 noster
1475 2993 1672 3064 Iesus
1704 2991 2047 3080 Christus,
2080 2991 2304 3082 judex
2343 2992 2666 3063 vivorum
2702 3000 2773 3064 et
2800 3003 3264 3082 mortuorum,
3298 2991 3738 3083 judicaturus
3777 2992 4029 3087 apertis

1212 3115 1401 3187 libris
1433 3115 1887 3205 conscientie,
1923 3116 2245 3187 revelatis
2281 3115 2713 3187 tenebrarum
2747 3115 3108 3211 operibus,
3146 3116 3546 3207 universos,
3588 3126 3664 3187 ut
3696 3116 4028 3189 Dominus

1205 3239 1592 3327 timeretur,
1626 3238 1821 3332 origo
1856 3239 2188 3310 virtutum
2228 3237 2400 3310 fides
2437 3238 2846 3312 inconcussa
2878 3240 3304 3335 persisteret,
3337 3261 3549 3335 opera
3584 3250 3834 3312 statera
3867 3242 4028 3332 jus-

1214 3363 1360 3436 titie
1389 3362 1837 3457 ponderaret,
1882 3362 2091 3435 verba
2125 3362 2259 3434 sub
2301 3362 2606 3435 veritatis
2649 3364 3004 3456 signaculo
3038 3364 3526 3437 clauderentur
3569 3374 3635 3437 et
3677 3386 3757 3436 os
3795 3373 4029 3437 contra

1212 3489 1431 3560 Deum
1465 3509 1602 3559 non
1640 3496 2005 3583 poneretur
2037 3486 2109 3558 in
2144 3487 2408 3577 celum,
2445 3486 2634 3559 unde
2668 3487 2966 3559 tonitrua
3001 3487 3341 3583 prodeunt
3370 3496 3439 3560 et
3476 3489 3749 3581 fulgura
3793 3499 4025 3560 contra

1212 3621 1681 3706 persecutores
1733 3632 1899 3682 suos
1934 3632 2099 3704 sepe
2139 3609 2342 3681 mittit
2384 3610 2569 3681 Deus
2617 3619 2686 3682 et
2731 3610 3063 3682 Dominus
3097 3610 3460 3683 ultionum.
3494 3612 3672 3682 Sane
3716 3632 3808 3683 ex
3855 3613 4026 3706 plu—

1212 3737 1408 3808 ribus
1444 3736 1685 3807 litteris
1720 3734 1811 3807 ad
1847 3755 1974 3806 nos
2011 3745 2079 3806 et
2115 3735 2356 3806 fratres
2393 3743 2657 3805 nostros
2688 3755 2909 3827 nuper
2937 3734 3028 3807 ab
3060 3733 3395 3828 imperiali
3424 3734 3830 3807 excellentia
3869 3734 4026 3806 dae-

1215 3859 1447 3932 tinatis
1477 3860 1675 3953 plura
1703 3858 2100 3951 collegimus
2125 3879 2265 3950 que
2295 3856 2354 3928 si
2385 3858 2606 3952 stylus
2633 3855 3010 3950 mitigasset
3050 3856 3374 3928 humilior
3397 3866 3467 3929 et
3496 3857 4025 3930 amaritudinem

1215 3984 1469 4078 pagine
1525 3983 1945 4055 dulcorasset
2010 3981 2295 4053 affectus
2352 3981 2735 4052 reverentie
2799 3978 3022 4052 filialis
3046 4033 3066 4068 ,
3125 3981 3345 4051 virtus
3403 3979 3834 4051 discretionis
3893 3980 4025 4050 snb

1214 4129 1466 4180 manna
1499 4105 1884 4178 dulcedinis
1920 4104 2326 4177 irascibilem
2361 4103 2676 4198 spiritum
2710 4112 3173 4196 temperasset,
3210 4112 3280 4176 et
3313 4104 3542 4197 imago
3574 4104 3697 4176 Dei
3735 4124 3874 4196 que
3903 4124 4027 4174 re-

1214 4234 1425 4305 sultat
1470 4231 1537 4301 in
1578 4233 1859 4326 speculo
1895 4229 2182 4302 rationis
2216 4249 2298 4299 ac
2333 4226 2710 4299 similitudo
2753 4227 2903 4318 ejus
2946 4249 3085 4321 qne
3132 4249 3256 4322 per
3300 4227 3616 4300 affectum
3660 4226 3916 4299 bonnm
3958 4237 4028 4298 et

1215 4355 1436 4428 zelum
1485 4352 1917 4425 rectitudinis
1951 4352 2022 4422 in
2059 4350 2379 4446 potentiis
2417 4351 2645 4423 anime
2680 4350 3109 4423 naturalibus
3144 4350 3519 4437 invenitur,
3562 4369 3701 4420 non
3742 4347 4025 4420 fuissent

1217 4480 1317 4549 sic
1349 4476 1713 4550 scribendo
1747 4475 2024 4547 forsitan
2047 4475 2447 4548 deformato.
2482 4473 2619 4546 Sed
2644 4474 2821 4547 inter
2851 4484 3075 4547 cetera
3104 4474 3385 4569 epistole
3411 4482 3529 4546 tue
3561 4471 4021 4544 testimonium

1212 4600 1401 4695 quod
1447 4621 1842 4695 processum
1876 4598 2282 4671 venerabilis
2330 4597 2558 4670 fratris
2608 4599 2819 4670 nostri
2852 4597 3225 4671 Prenestini
3257 4596 3597 4693 episcopi,
3636 4595 4025 4691 Apostolice

1210 4724 1410 4797 Sedis
1445 4724 1689 4821 legati,
1732 4722 2201 4796 detestabilem
2228 4731 2299 4795 et
2322 4743 2672 4794 enormem
2704 4723 2986 4813 asserit,
3025 4742 3290 4817 nosque
3321 4721 3529 4795 totius
3562 4721 3763 4815 culpe
3795 4718 4017 4792 eidem
