4842 5802
1168 608 2260 796 HENRICI
2394 608 3445 801 SEPTIMI

1919 969 2415 1028 ROMANORUH
2459 971 2683 1029 REGIS

1356 1216 2089 1335 ffls‘ronm
2176 1140 3255 1341 mPLoMA'rch.

1567 1764 1800 1837 ToMI
1858 1761 2215 1848 QUARTI
2274 1763 2515 1836 PARS
2572 1732 3043 1839 securim.

1704 2096 1929 2158 ANNo
1973 2096 2169 2158 1231.
2204 2129 2283 2145 --
2324 2098 2805 2163 IND-IGTIONE
2856 2102 2916 2164 5.

1009 2549 1374 2633 Hem-icus
1390 2609 1414 2655 ,
1451 2549 1975 2633 Romanorum
2011 2574 2144 2630 rex
2169 2610 2192 2655 ‚
2234 2548 2663 2657 praeposito
2697 2494 2788 2629 et·
2804 2547 3205 2631 conventui
3240 2548 3339 2630 de
3370 2547 3721 2631 Denken-

912 2684 1083 2764 dors
1107 2682 1644 2792 proprietatem
1683 2682 1912 2762 unius
1947 2680 2271 2789 patellae
2324 2680 2504 2763 salis
2557 2681 2636 2761 in
2691 2680 2988 2764 civitate
3041 2706 3181 2762 sua
3213 2679 3454 2765 Hallis
3487 2681 3722 2766 libere

912 2818 1307 2900 tenendam
1343 2825 1419 2899 et
1454 2822 1815 2925 perpetuo
1849 2813 2390 2924 possidendam
2426 2813 2742 2896 confert.

1064 3033 1246 3111 (Edit.
1266 3047 1365 3108 ap.
1394 3031 1679 3103 Bsssom„
1711 3029 1948 3090 Ducum.
1978 3025 2156 3090 radio.
2185 3034 2435 3091 monast.
2479 3025 2796 3104 wit-tenth„
2820 3033 2870 3091 t.
2892 3030 2953 3101 1,
2981 3045 3040 3106 p.
3070 3027 3236 3108 465.)

999 3217 1365 3292 Heinricus
1395 3216 1724 3312 septimus
1755 3215 1999 3289 divina
2047 3216 2322 3289 favente
2375 3215 2733 3288 clementia
2766 3215 3225 3289 Romanorum
3280 3235 3409 3289 rex
3449 3235 3724 3313 semper

912 3350 1276 3436 augustus,
1332 3340 1674 3413 universis
1718 3339 1988 3434 imperii
2038 3337 2362 3413 fidelibus
2405 3339 2660 3433 quibus
2705 3338 2836 3411 hee
2885 3339 3109 3413 littere
3152 3338 3408 3413 fuerint
3450 3349 3725 3416 ostense

911 3465 1196 3556 gratiam
1231 3484 1428 3536 suam
1469 3472 1540 3537 et
1567 3483 1773 3536 omne
1807 3463 2094 3548 bonum.
2134 3462 2474 3547 Quoniam
2505 3464 2921 3559 sempiterna
2956 3462 3157 3538 sedes
3195 3466 3268 3536 in
3301 3464 3425 3538 Dei
3475 3466 3744 3560 palatim

917 3596 1296 3662 constructa
1329 3598 1435 3662 est
1468 3587 1841 3682 temporale
1867 3587 2129 3660 bonum
2155 3586 2648 3659 famulantibus
2671 3590 2816 3660 Deo
2847 3596 2917 3659 et
2938 3588 3361 3683 pauperibus
3386 3589 3719 3682 eroganti,

918 3708 1107 3802 quod
1126 3709 1408 3804 quidem
1434 3711 1551 3806 pia
1573 3708 2033 3782 sollicitudine
2059 3708 2425 3781 salubriter
2453 3708 2925 3797 advertenteS,
2960 3708 3492 3803 significandum
3515 3710 3725 3784 duxi·

913 3854 1062 3904 mus
1087 3832 1430 3905 universis
1458 3852 1637 3927 quos
1665 3850 1792 3903 nos
1815 3830 1905 3904 de
1931 3831 2244 3904 consulta
2275 3829 2770 3905 deliberatione
2793 3841 2862 3904 et
2887 3852 2981 3904 ex
3007 3830 3381 3906 deliberato
3408 3834 3719 3925 consilio,

916 3956 1182 4028 dilectis
1202 3954 1527 4029 fidelibus
1557 3955 1805 4028 nostris
1839 3955 2187 4050 preposito
2218 3964 2289 4027 et
2323 3955 2692 4029 conventui
2722 3955 2814 4029 de
2837 3955 3324 4029 Denckendorf
3343 3956 3412 4029 in
3452 3956 3746 4031 civitate*

915 4088 1139 4151 nostra
1170 4079 1385 4170 Hallis
1421 4079 1902 4174 proprietatem
1928 4079 2143 4166 ‚unius
2175 4079 2428 4174 patelle
2459 4079 2621 4152 salis
2655 4079 3069 4162 contulimus
3103 4078 3320 4152 libere
3354 4080 3723 4153 tenendam

916 4214 979 4273 et
1013 4211 1349 4298 perpetuo
1379 4201 1891 4297 possidendam.
1944 4199 2370 4294 Adjicientes
2414 4200 2506 4274 de
2549 4201 3014 4276 munificentia
3048 4211 3278 4276 nostra
3307 4213 3384 4274 ut
3413 4202 3727 4300 predicta

916 4325 1095 4398 bona
1112 4326 1186 4397 in
1216 4334 1566 4421 posterum
1593 4324 1991 4421 possideant
2013 4324 2276 4418 absque
2303 4324 2492 4397 omni
2520 4324 2909 4414 exactione,
2939 4326 3249 4419 precaria
3279 4326 3392 4398 vel
3413 4326 3717 4400 collecta.

915 4448 1286 4521 Statuimus
1316 4448 1526 4539 igitur
1546 4458 1616 4521 et
1638 4448 1771 4520 sub
1798 4447 2348 4521 interminatione
2377 4447 2598 4541 gratie
2616 4456 2847 4520 nostre
2874 4446 3179 4520 districte
3206 4448 3623 4545 precipimus
3650 4461 3727 4552 ut

919 4572 1097 4643 nulla
1132 4593 1443 4667 unquam
1466 4592 1758 4667 persona
1790 4571 2073 4643 humilis
2109 4571 2218 4643 vel
2258 4572 2433 4661 alta,
2476 4571 2933 4644 ecclesiastica
2974 4572 3085 4645 vel
3140 4573 3502 4661 secularis,
3554 4594 3750 4669 pre--

919 4688 1165 4768 dictam
1188 4694 1546 4769 ecclesiam
1584 4694 1655 4765 in
1686 4693 1885 4766 bonis
1921 4693 2270 4788 prelibatis
2297 4692 2552 4767 audeat
2580 4695 2938 4767 molestare
2967 4696 3077 4768 vel
3107 4695 3197 4767 ab
3235 4694 3401 4791 ipsis
3423 4698 3724 4791 aliquam

3868 2570 4017 2614 Hnllis
4030 2599 4044 2622 ‚

3825 2626 3872 2667 1⁰
3889 2625 4094 2667 octobri..
