4842 5802
1879 658 2500 721 ADDITAMENTA.
3473 656 3594 717 945

928 796 1051 873 (cf.
1084 810 1291 870 supra,
1323 810 1384 870 p.
1434 801 1575 853 535.
1605 793 1851 853 Initium
1891 799 1952 854 et
1978 793 2232 855 caudam
2268 792 2448 869 hujus
2473 790 2779 867 epistolae,
2809 806 2995 868 quum
3019 790 3179 867 apud
3215 790 3590 867 Raynaldum

1006 900 1223 970 desint,
1255 915 1418 959 nunc
1457 915 1533 958 ex
1580 899 1922 959 collectione
1955 898 2206 976 Laporte
2239 899 2322 959 du
2346 897 2518 958 Tbeil
2551 896 2628 957 ad
2654 901 3064 957 ornamentum
3090 895 3429 957 documenti
3467 896 3591 957 ad-

1004 1005 1249 1078 dimus.)

864 1191 1439 1263 Reverentissimo
1477 1190 1549 1260 in
1601 1188 1865 1261 Christo
1905 1188 2080 1284 patri
2141 1187 2423 1261 domino
2470 1186 2835 1280 Gregorio,
2880 1187 3005 1260 Dei
3052 1187 3269 1280 gratia
3318 1208 3587 1259 summo

769 1310 1107 1408 pontifici,
1159 1313 1562 1386 Fredericus
1601 1312 1848 1385 eadem
1890 1312 2108 1405 gratia
2147 1312 2607 1383 Romanorum
2668 1312 3063 1406 imperator,
3095 1320 3261 1397 etc.,
3295 1310 3588 1382 salutem

767 1447 838 1509 et
873 1438 1327 1510 reverentiam
1356 1434 1659 1509 filialem.
1693 1435 2166 1508 Intelleximus
2193 1456 2315 1530 per
2348 1435 2775 1529 Apostolicas
2812 1434 3068 1506 litteras
3114 1434 3316 1505 nobis
3368 1456 3591 1530 nuper

770 1561 1202 1633 transmissas
1231 1570 1299 1631 et
1347 1581 1523 1652 quas
1560 1558 2077 1631 honorificentia
2110 1559 2496 1652 recepimus
2519 1566 2873 1649 consueta,
2906 1557 3199 1651 qualiter
3228 1579 3369 1651 pax
3410 1568 3587 1629 trac-

771 1694 948 1756 tetur
1003 1685 1182 1755 inter
1224 1684 1598 1755 Ecclaeiam
1656 1692 1725 1756 et
1783 1685 2152 1756 Romanos.
2203 1683 2341 1754 Nos
2382 1692 2614 1754 autem
2666 1683 2824 1754 licet
2872 1681 3223 1755 materiam
3274 1703 3411 1753 non
3459 1682 3589 1752 ha-

769 1808 1049 1878 buimus
1076 1808 1539 1879 Romanorum
1567 1804 1935 1879 dissidium
1974 1806 2473 1900 prosequendi,
2514 1806 2605 1878 ob
2649 1805 2974 1877 honorem
3017 1815 3245 1877 tamen
3287 1804 3592 1876 Romane

771 1931 1075 2003 Ecclesie
1127 1932 1366 2002 matris
1401 1939 1671 2018 nostre,
1711 1928 1802 2001 ad
1843 1937 2078 2001 vestra
2121 1939 2189 2000 et
2234 1930 2520 2000 fratrum
2570 1939 2952 2000 vestrorum
3014 1929 3269 2000 monita
3323 1927 3587 2000 inducti

771 2055 1028 2126 suimus
1069 2064 1139 2125 et
1188 2052 1366 2124 votis
1416 2051 1819 2125 ardentibus
1854 2052 2114 2125 incitati
2153 2051 2458 2145 graviter
2499 2051 2850 2125 offendere
2892 2051 3012 2145 qui
3051 2072 3179 2124 vos
3227 2059 3297 2124 et
3341 2052 3590 2124 Eccle-

772 2176 945 2248 siam
996 2175 1459 2248 offendebant.
1503 2177 1589 2247 Et
1625 2176 1784 2247 licet
1821 2176 2074 2265 multa,
2112 2184 2276 2263 etc„
2329 2198 2538 2269 usque
2578 2176 2669 2246 ad
2708 2176 3082 2247 Ecclesiam
3129 2174 3583 2265 indefensam,

773 2302 948 2371 sicut
997 2299 1319 2393 magister
1366 2298 1616 2370 domus
1664 2298 2240 2371 Theutonicorum
2295 2297 2523 2371 fidelis
2572 2307 2826 2383 noster,
2882 2298 3003 2391 qui
3056 2298 3371 2392 proximo
3420 2300 3591 2370 festo

771 2423 1028 2495 Pasche
1056 2423 1150 2496 ad
1179 2423 1593 2518 presentiam
1619 2432 1920 2495 vestram
1952 2445 1993 2495 a
2025 2423 2225 2495 nobis
2261 2423 2515 2494 missus
2546 2421 2867 2511 accedet,
2911 2442 3119 2515 super
3166 2421 3276 2493 his
3327 2433 3397 2495 et
3441 2423 3592 2495 aliis

773 2549 845 2618 in
890 2557 1261 2642 conspectu
1304 2556 1538 2623 vestro
1571 2556 1876 2619 nostrum
1910 2546 2341 2642 propositum
2385 2545 2688 2641 plenarie
2718 2545 3071 2618 reserabit.
3114 2544 3325 2637 Cujus
3361 2547 3593 2619 verbis

773 2670 1232 2744 indubitatam
1261 2671 1469 2744 fidem
1499 2672 1807 2768 poteritis
1834 2671 2193 2745 adhibere.

866 2796 1116 2867 Datum
1157 2795 1393 2889 Fogie‚
1429 2806 1507 2867 ut
1538 2818 1773 2890 supra.

2004 3107 3115 3118 ————-0-————---—·———-———-—

879 3380 1304 3460 Fridericus
1328 3442 1351 3485 ,
1414 3380 1932 3461 Romanorum
2003 3381 2454 3485 imperator,
2504 3377 2856 3459 fidelibus
2901 3378 3059 3459 suis
3112 3380 3191 3458 in
3252 3381 3595 3487 partibus

775 3510 1276 3591 Lombardiae
1311 3512 1738 3592 constitutis
1782 3510 2084 3592 nuntiat
2126 3509 2514 3617 quomodo
2550 3510 2810 3590 omnia
2845 3509 2989 3591 sibi
3026 3511 3106 3590 in
3145 3511 3597 3595 Alemannis

776 3666 1133 3749 prospere
1186 3643 1506 3748 cedunt,
1562 3641 1722 3723 filio
1780 3668 1921 3725 suo
1974 3641 2189 3722 nulla
2241 3640 2681 3748 interposita
2736 3642 3164 3725 conditione
3217 3644 3315 3725 ad
3363 3669 3597 3727 man-

774 3775 1041 3854 datum
1090 3799 1316 3855 suum
1374 3774 1762 3856 redeunte.
1811 3774 2003 3857 Cum
2060 3782 2315 3855 autem
2372 3772 2790 3855 solemnem
2844 3774 3135 3854 curiam
3181 3777 3386 3884 apud
3429 3779 3602 3862 Ma-

777 3904 1122 4014 guntiam
1171 3905 1567 4013 indixerit,
1611 3905 1785 3988 illos
1821 3916 2081 3989 monet
2114 3918 2200 3988 ut
2241 3907 2341 3988 ad
2376 3905 2668 3987 curiam
2720 3906 3062 3987 eamdem
3116 3909 3471 4015 providos
3525 3924 3601 3994 et

773 4036 1131 4120 honestos
1170 4038 1478 4121 nuntios
1515 4037 1812 4122 mittere
1839 4049 2270 4146 procurent.

936 4252 1180 4330 (Inedit.
1212 4268 1288 4312 ex
1314 4252 1515 4313 codice
1541 4252 1767 4314 Musaei
1791 4254 2060 4314 Britann.
2094 4253 2409 4313 Harleiauo
2440 4259 2620 4325 3678,
2643 4249 2749 4313 fol.
2784 4259 2858 4311 18
2888 4268 3081 4325 verso,
3120 4261 3191 4313 19
3216 4261 3405 4329 rect03
3435 4258 3591 4317 unde

1009 4358 1349 4419 documenti
1375 4359 1679 4438 exemplar
1706 4361 1797 4420 vir
1823 4363 2092 4439 egregius
2118 4360 2206 4420 M.
2242 4359 2464 4433 Amari,
2497 4374 2684 4435 nuper
2712 4357 2790 4419 ab
2822 4358 3035 4437 AnglIa
3059 4376 3349 4434 reversuS,
3374 4362 3452 4423 ad
3478 4380 3587 4424 nos

1011 4463 1245 4524 detulit.
1280 4465 1350 4524 In
1388 4465 1587 4526 codice
1630 4482 1770 4527 vero
1815 4466 1892 4526 ad
1936 4482 2201 4527 mensem
2248 4468 2493 4542 junium
2539 4465 2686 4526 baec
2730 4466 2972 4542 epistola
3013 4470 3261 4528 maximi
3303 4473 3587 4532 momenti

1009 4576 1305 4644 exaratur,
1336 4573 1635 4632 notatione
1658 4577 1860 4632 tamen
1887 4575 2026 4632 anni
2062 4580 2210 4633 1236
2240 4588 2342 4650 per
2368 4574 2741 4634 oscitantiam
2766 4571 3236 4651 superinducta.)

866 4750 1304 4848 Fredericus,
1367 4757 1491 4828 Dei
1560 4759 1779 4850 gratia
1836 4759 2292 4832 Romanorum
2351 4758 2746 4854 imperator,
2810 4762 3184 4834 Jerusalem
3237 4769 3307 4834 et
3358 4764 3587 4840 Sicilie

967 4875 1075 4937 JV.
1117 4890 1224 4933 Pers
1250 4893 1295 4934 2.
3165 4893 3275 4946 119

3692 3397 3741 3448 [J
3746 3401 3847 3439 unio
3872 3400 3977 3442 1235

3722 3463 3862 3494 eeeee
3867 3455 3946 3503 te.]
