4842 5802
934 625 1122 685 lamet.
1158 623 1250 701 5.]
1828 619 2220 683 HISTORIA
2267 620 2856 682 nlpLouATmA.
3631 621 3746 683 561

1089 756 1272 834 (Edit.
1300 770 1399 832 ap.
1425 749 1754 814 solothurn.
1801 751 2225 830 wochenblatt,
2247 771 2389 815 ann.
2421 763 2601 829 1828,
2628 764 2695 814 ιιο
2723 764 2823 828 23,
2853 770 2916 832 p.
2937 752 3104 832 nso.)

1023 944 1108 1013 H.
1161 941 1290 1014 Dei
1325 940 1546 1031 gratia
1581 939 2039 1011 Romanorum
2085 961 2211 1012 rex
2250 949 2319 1012 et
2355 961 2627 1034 semper
2665 948 3041 1033 augustus,
3096 940 3439 1011 universis
3475 940 3748 1035 imperii

931 1062 1248 1138 fidelibus
1276 1064 1534 1158 quibus
1564 1083 1849 1157 presens
1882 1062 2209 1158 scriptum
2236 1062 2625 1134 exhibitum
2654 1063 2856 1134 fuerit
2887 1063 3175 1158 gratiam
3210 1085 3408 1136 suam
3442 1073 3510 1136 et
3545 1087 3750 1140 omne

927 1187 1208 1261 bonum.
1245 1187 1415 1259 Cum
1451 1208 1536 1259 ea
1584 1208 1724 1280 que
1759 1207 1802 1257 a
1829 1185 2266 1258 serenissimo
2307 1183 2591 1258 domino
2626 1186 3035 1280 imperatore
3067 1194 3262 1281 patre
3311 1197 3542 1261 nostro
3578 1210 3749 1261 nec-

930 1331 1063 1382 non
1109 1332 1152 1382 a
1200 1308 1401 1381 nobis
1451 1309 1565 1404 pie
1612 1316 1681 1381 et
1732 1306 2025 1404 provide
2080 1316 2272 1400 gesta
2333 1318 2534 1395 sunt,
2590 1308 2894 1381 maxime
2939 1308 3034 1382 ad
3096 1309 3488 1384 subsidium
3545 1313 3749 1385 Terre

928 1435 1172 1505 Sancte
1203 1442 1271 1504 et
1305 1432 1566 1505 ibidem
1598 1434 1741 1504 Deo
1773 1431 2282 1520 famulantium,
2320 1430 2410 1505 de
2442 1432 2622 1504 facili
2660 1453 2797 1505 non
2833 1431 3210 1505 debeamus
3240 1455 3370 1506 nec
3405 1417 3749 1530 possimus

927 1554 998 1625 in
1034 1555 1305 1626 irritum
1340 1575 1691 1642 revocare,
1725 1575 1886 1625 cum
1923 1554 2164 1627 eadem
2195 1555 2571 1627 debeamus
2599 1556 2828 1651 potius
2855 1555 3208 1649 ampliare,
3240 1555 3405 1628 hinc
3429 1558 3749 1652 estquod

929 1677 1018 1750 ad
1061 1678 1373 1750 notitiam
1406 1676 1887 1750 universorum
1920 1679 2236 1772 cupimus
2267 1679 2631 1774 pervenire
2671 1680 2862 1774 quod
2901 1678 3340 1752 donationem
3376 1702 3585 1774 quam
3629 1683 3751 1754 in—

931 1802 1131 1873 clitus
1166 1801 1489 1874 dominus
1527 1800 1894 1897 imperator
1930 1810 2122 1896 pater
2153 1812 2381 1874 noster
2420 1812 2491 1875 et
2533 1824 2658 1874 nos
2693 1802 3129 1898 postmodum
3171 1802 3263 1875 ad
3300 1803 3747 1877 imitationem

928 1926 1082 2017 ejus
1117 1924 1358 1996 fecisse
1387 1924 1813 1997 dinoscimur
1857 1923 2179 1996 fratribus
2217 1925 2467 1997 domus
2497 1926 3070 1999 Theutonicorum
3110 1926 3468 2021 hospitalis
3506 1928 3751 2000 Sancte

926 2048 1143 2120 Marie
1173 2047 1245 2119 in
1283 2048 1708 2120 Hierusalem
1744 2047 1816 2119 in
1854 2049 2142 2121 ecclesia
2175 2048 2436 2120 Chuniz
2470 2049 2589 2121 ubi
2623 2048 3041 2144 quandoque
3087 2051 3520 2145 prepositura
3553 2054 3743 2125 exis·

929 2172 1151 2262 tebat,
1204 2179 1422 2242 ratam
1480 2169 1736 2243 habere
1785 2171 2110 2242 volumus
2161 2180 2230 2242 et
2289 2180 2622 2265 perpetuo
2675 2173 3077 2263 valituram,
3131 2195 3268 2245 non
3318 2174 3750 2252 obstantibus

926 2292 1346 2388 quibusdam
1382 2293 1627 2365 litteris
1663 2315 1785 2388 per
1814 2293 2126 2387 iniquam
2158 2294 2667 2387 suggestionem
2699 2295 3155 2389 quorumdam
3195 2318 3669 2390 perversorum
3704 2322 3747 2372 a

927 2416 1128 2488 nobis
1163 2415 1486 2505 obtentiS,
1529 2437 1705 2521 quas
1741 2417 2018 2510 penitus
2054 2416 2495 2489 decernimus
2527 2439 2666 2488 non
2694 2417 2945 2488 valere.
2988 2417 3300 2490 Preterea
3325 2423 3748 2513 presentium

928 2548 1160 2610 tenore
1206 2538 1639 2610 insinuamus
1687 2537 1877 2632 quod
1930 2540 1988 2611 si
2027 2538 2143 2612 ad·
2172 2540 2565 2612 instantiam
2610 2549 2680 2612 et
2721 2539 3229 2633 suggestionem
3284 2542 3577 2635 alicujus
3627 2568 3749 2619 oc·

928 2644 1103 2736 c'ulte
1158 2662 1272 2735 vel
1327 2684 1449 2757 per
1498 2662 1953 2757 ignorantiam
2007 2663 2080 2733 in
2141 2663 2611 2758 prejudicium
2658 2664 2988 2758 premisse
3036 2664 3425 2737 donationis
3472 2689 3515 2739 a
3551 2670 3750 2742 nobis

928 2788 997 2859 in
1029 2797 1381 2883 posterum
1417 2788 1647 2881 alique
1678 2788 1871 2860 litere
1900 2788 2156 2861 fuerint
2190 2789 2492 2878 obtenta,
2535 2789 2796 2860 nullius
2837 2789 2974 2861 sint
3007 2791 3333 2862 momenti
3372 2801 3442 2863 et
3474 2806 3752 2869 careant

929 2910 1262 2984 firmitate.
1305 2911 1394 2983 Ut
1423 2921 1654 2984 autem
1689 2913 1993 3008 sepefata
2031 2910 2312 2986 donatio
2344 2913 2663 2986 sortiatur
2690 2921 3089 3008 perpetuam
3122 2912 3537 3008 firmitatem,
3576 2942 3750 3015 pre-

930 3057 1079 3108 sens
1109 3035 1436 3129 scriptum
1462 3035 1798 3107 conscribi
1830 3036 2117 3108 fecimus
2146 3046 2216 3107 et
2245 3035 2467 3129 sigillo
2504 3045 2731 3108 nostre
2762 3036 3189 3109 celsitudinis
3227 3038 3559 3111 roborari.

930 3191 935 3196 ·
1018 3162 1265 3232 Datum
1308 3159 1498 3254 apud
1539 3160 1974 3252 Hagenowe,
2031 3179 2214 3231 anno
2261 3157 2605 3231 dominice
2649 3158 3139 3233 incarnationis
3188 3162 3283 3233 M.
3307 3161 3430 3234 CC.
3455 3164 3741 3257 XXXII,

930 3283 1225 3356 calendis
1248 3281 1574 3375 januarii,
1615 3283 1988 3356 indictione
2022 3283 2289 3377 quinta.

1349 3593 2458 3607 mmm-m*-—
2472 3598 3192 3606 -aem———mi--ffl
3223 3597 3308 3610 ‹-

1032 3859 1436 3969 HenricuS‚
1487 3864 2003 3949 Romanorum
2055 3891 2228 3972 rex,
2268 3866 2560 3948 civibus
2594 3866 2691 3947 de
2726 3865 3248 3972 Frankinfort,
3288 3867 3738 3976 Wepflaria,
3813 3942 3859 3987 u
3902 3890 3996 3944 Apu
3968 3889 4029 3932 nd

3860 3944 4089 3996 uremberg

928 3987 1331 4104 Friedberg
1363 4002 1439 4076 et
1474 3995 1954 4081 Gelnhausen
1989 3998 2361 4107 promittit
2401 3999 2612 4108 quod
2657 4022 3056 4108 nunquam
3099 3996 3433 4108 aliquem
3477 4025 3743 4082 eorum
3827 3997 4104 4053 ¹⁶³⁸”¹²⁸‘¹¹·

929 4134 1138 4232 coget
1172 4126 1272 4206 ad
1306 4125 1818 4210 maritandam
1853 4129 2092 4213 filiam
2129 4157 2351 4213 suam
2389 4131 2614 4213 alicui
2650 4132 2746 4213 de
2781 4131 2993 4214 curia
3018 4132 3137 4215 vel
3171 4141 3383 4215 extra
3412 4133 3735 4237 curiam,

929 4265 999 4334 et
1054 4255 1135 4335 in
1187 4260 1567 4364 praesenti
1620 4259 1859 4344 filiam
1911 4261 2274 4345 Iohannis
2337 4263 2725 4348 Goldstein
2780 4265 2878 4346 de
2939 4264 3439 4348 Frankenfort
3500 4291 3547 4348 a
3605 4265 3739 4349 tali

930 4387 1306 4471 coactione
1341 4389 1628 4473 eximit.

1082 4599 1265 4678 (Edit.
1295 4615 1394 4677 ap.
1422 4600 1700 4686 Pv-ivieeq.
1732 4612 1790 4668 et
1813 4605 1997 4670 Pacta
2021 4606 2423 4689 stemfarn,
2450 4626 2511 4686 p.
2544 4617 2603 4670 2.
2623 4639 2707 4655 —
2726 4610 3042 4682 Bonmn,
3074 4606 3215 4671 Cod.
3245 4606 3481 4690 diplom.
3511 4611 3739 4672 Moeno·

1149 4703 1432 4785 frettoff,
1460 4715 1509 4770 t.
1539 4710 1606 4788 1,
1637 4729 1699 4791 p.
1744 4712 1873 4793 55.)

1082 4811 1187 4872 lV.
1228 4830 1341 4875 Pm
1367 4833 1411 4876 2.
3345 4832 3415 4883 71
