4842 5802
950 654 1152 714 num.
1182 650 1274 728 9.]
1852 642 2253 709 msa-oms
2305 638 2894 705 manufirma,
3675 636 3788 699 791

953 783 1337 859 restituatis
1385 790 1457 856 et
1495 776 1858 855 dimittatis
1898 776 2129 854 eidem
2169 775 2468 877 principi
2509 786 2740 851 nostro
2787 796 2920 850 nec
2956 775 3260 870 aliquam
3302 773 3367 846 ei
3409 792 3623 867 super
3654 770 3791 844 hiis

954 908 1339 983 molestiam
1393 901 1731 996 inferatis,
1777 913 1858 975 nt
1907 902 2347 978 devotionem
2384 910 2685 977 vestram
2735 921 2862 996 pro
2897 898 3159 971 meritis
3193 895 3780 970 commendantis.

1053 1034 1307 1106 Datum
1335 1028 1530 1127 apud
1558 1027 1988 1123 Augustam,
2019 1030 2267 1102 ultimo
2292 1026 2630 1115 octobris,
2662 1045 2846 1098 nona
2871 1023 3268 1098 indictione.

1067 1583 1291 1692 Otto,
1331 1610 1591 1669 comes
1621 1584 2007 1695 palatinus
2040 1580 2230 1667 Reni
2284 1593 2361 1667 et
2413 1583 2574 1666 dux
2608 1579 3003 1689 Bavariae,
3042 1583 3121 1662 in
3159 1580 3586 1691 praesentia
3619 1574 3796 1665 Fri-

956 1719 1194 1801 derici
1237 1720 1761 1803 Romanorum
1805 1718 2285 1830 imperatoris
2328 1743 2509 1800 cum
2545 1717 2869 1800 Henrieo
2915 1715 3189 1799 abbate
3232 1716 3328 1798 de
3377 1715 3797 1825 Tegernsee

959 1850 1232 1936 dividit
1285 1852 1366 1934 in
1438 1852 1947 1938 matrimoniis
2001 1849 2408 1934 contractis
2465 1859 2600 1932 aut
2649 1848 3185 1932 contrahendis
3237 1848 3434 1931 inter
3489 1873 3669 1931 suos
3721 1858 3797 1930 et

956 1983 1304 2093 ejusdem
1396 1985 1757 2069 ecclesiae
1852 1984 2388 2068 ministeriales
2412 2044 2437 2091 ,
2515 1982 2709 2064 sicut
2793 1981 3242 2066 Ludewicus
3323 1992 3537 2089 pater
3608 2007 3794 2064 suus

959 2116 1041 2198 id
1074 2118 1469 2227 quondam
1504 2117 2109 2201 confirmaverat.

1122 2329 1312 2404 (Edit.
1344 2346 1443 2409 ap.
1471 2328 1735 2392 Menum.
1764 2326 1922 2390 Boic.
1942 2373 1962 2405 ‚
1997 2334 2142 2390 tom.
2173 2326 2283 2404 VI,
2314 2346 2377 2408 p.
2409 2337 2551 2403 208,
2580 2329 2733 2390 inter
2758 2327 3026 2390 Menum.
3056 2325 3363 2408 Tegerns.)

1057 2516 1136 2588 ln
1165 2516 1447 2589 nomine
1476 2524 1715 2590 sancte
1742 2524 1813 2589 et
1847 2513 2222 2590 individue
2266 2515 2638 2588 Trinitatis,
2678 2514 2861 2606 Otto,
2895 2515 3024 2587 Dei
3065 2515 3288 2609 gratia
3338 2535 3569 2589 comes
3601 2516 3794 2611 pala·

959 2638 1149 2712 tinus
1193 2640 1417 2713 Rheni
1473 2649 1544 2713 et
1576 2638 1735 2714 dux
1783 2640 2133 2714 Bawarie.
2182 2638 2514 2712 Firmiora
2559 2647 2724 2712 sunt
2766 2638 3093 2711 universa
3141 2660 3283 2734 que
3334 2648 3671 2732 geruntur
3726 2650 3797 2714 et

959 2763 1151 2835 nulla
1182 2772 1474 2858 possunt
1508 2763 1905 2860 calumpnia
1949 2762 2378 2860 perturbari,
2419 2760 2480 2835 si
2515 2763 2826 2857 vigorem
2875 2761 3160 2834 trahunt
3216 2763 3309 2835 ab
3355 2764 3795 2837 annotatione

959 2888 1238 2962 testium
1281 2896 1351 2962 et
1389 2889 1711 2963 roborato
1757 2888 2149 2962 testimonio
2192 2888 2598 2962 litterarum.
2660 2887 3045 2981 Cognoscat
3092 2909 3258 2982 ergo
3312 2909 3596 2984 presens
3649 2897 3796 2961 etas

959 3021 1030 3083 et
1073 3012 1295 3085 sciant
1345 3014 1598 3108 posteri
1647 3011 1839 3108 quod
1893 3034 2027 3105 ego
2080 3012 2239 3085 Otto
2281 3033 2514 3085 comes
2555 3011 2899 3107 palatinus
2948 3011 3124 3084 Reni
3172 3020 3241 3085 et
3278 3010 3432 3090 dux
3477 3012 3797 3088 Bawarie

951 3137 1160 3226 Juxta
1223 3137 1736 3211 conniventiam
1783 3146 1853 3210 et
1912 3136 2313 3232 petitionem
2359 3135 2592 3209 dilecti
2655 3135 2858 3209 nobis
2901 3136 3207 3210 Hainrici
3254 3137 3524 3211 abbatis
3579 3158 3792 3211 vene·

958 3258 1196 3331 rabilis
1240 3258 1331 3333 de
1385 3262 1730 3356 Tegernse
1795 3259 2047 3353 suique
2109 3268 2493 3331 conventus
2546 3267 2617 3332 et
2676 3258 3260 3353 ministerialium,
3321 3271 3602 3355 pactum
3663 3260 3798 3334 tale

959 3380 1299 3455 inivimus
1350 3401 1513 3454 cnm
1547 3382 1800 3455 abbate
1834 3382 2028 3477 ipso,
2066 3390 2135 3453 et
2176 3382 2524 3469 manuale,
2578 3380 2843 3455 domini
2888 3383 3105 3456 nostri
3153 3385 3618 3459 Romanorum
3657 3387 3798 3459 im-

957 3504 1295 3598 peratoris
1346 3502 1678 3579 Friderici
1739 3505 2191 3595 anctoritate,
2242 3505 2455 3579 ambo
2520 3504 2727 3576 simul
2778 3505 3269 3579 inviolabiliter
3327 3507 3404 3578 in
3454 3510 3796 3602 presentia

960 3624 1353 3720 principum
1387 3625 1941 3721 subscriptorum
1973 3626 2286 3700 roborari
2324 3624 2689 3724 [fecimus]
2710 3678 2734 3712 ,
2769 3627 2960 3724 quod
2997 3631 3070 3700 in
3119 3630 3576 3703 matrimoniis
3612 3652 3793 3704 con-

961 3748 1199 3822 tractis
1234 3758 1311 3822 et
1353 3749 1426 3821 in
1476 3748 1707 3821 futuro
1761 3748 2254 3823 contrahendis
2299 3751 2477 3822 inter
2522 3759 2792 3824 nostros
2842 3761 2911 3826 et
2957 3751 3301 3827 antedicte
3334 3754 3624 3828 ecclesie
3662 3756 3792 3829 mi·

961 3871 1344 3945 nisteriales
1388 3873 1719 3966 utrinque
1758 3870 2209 3964 dividantur3
2247 3873 2441 3969 quod
2474 3874 2682 3946 etiam
2716 3874 2836 3971 pie
2881 3875 3375 3950 recordationis
3418 3878 3796 3954 Ludwicus

961 4006 1157 4092 pater
1207 4005 1439 4070 noster
1485 3995 1816 4092 equidem
1867 3994 2151 4071 firmiter
2206 3998 2756 4074 confirmaverat.
2822 4000 2911 4074 Ut
2967 4008 3200 4074 autem
3255 4024 3372 4076 res
3435 4003 3565 4075 ista
3622 4006 3793 4077 foret

961 4116 1271 4194 stabilior
1308 4129 1378 4194 et
1418 4121 1492 4193 in
1547 4129 1732 4194 statu
1783 4117 2110 4194 incolumi
2162 4145 2437 4219 semper
2489 4134 2960 4214 conservetur,
3014 4121 3296 4197 nomina
3348 4125 3623 4199 testium
3670 4130 3792 4223 qui

959 4252 1317 4338 presentes
1330 4243 1622 4318 aderant
1643 4244 1939 4319 fecimus
1958 4266 2295 4343 expresse
2316 4247 2699 4341 subnotari,
2716 4247 3042 4344 paginam
3070 4249 3381 4345 ipsorum
3407 4259 3791 4327 nostrorum

960 4368 1354 4442 munientes
1383 4367 1843 4444 firmamento.

1012 4547 1015 4550 -
1062 4490 1298 4566 Testes
1347 4502 1512 4566 sunt
1568 4520 1588 4566 ε
1638 4492 2087 4569 Eberhardus
2137 4493 2658 4589 salzburgensis
2718 4497 3312 4595 archiepiscopus,
3367 4498 3798 4577 Ekkebertus

962 4612 1563 4709 Babenbergensis
1610 4618 1980 4714 episcopus
1998 4675 2017 4707 ,
2076 4616 2490 4691 chunradus
2534 4617 2988 4712 Frisingensis
3040 4622 3448 4718 episcopus,
3500 4625 3798 4702 Sifridus

969 4733 1347 4830 imperialis
1397 4740 1557 4813 aule
1605 4742 2055 4814 cancellarius
2109 4751 2179 4816 et
2235 4742 2749 4837 Ratisponensis
2798 4743 3086 4819 ecclesie
3131 4745 3531 4845 episcopus,
3574 4749 3802 4824 Rudi-
