4842 5802
888 652 1102 726 tamer.
1123 654 1223 740 9.]
1801 642 2199 722 ms'ron'ln
2247 642 2846 722 nrrtouaricn.
3606 648 3732 721 πε)

888 784 1227 877 termino
1261 778 1663 902 praefigat,
1703 810 1860 901 quo
1893 808 2032 902 per
2063 797 2593 904 procuratores
2627 789 2941 873 idoneos
2974 810 3233 875 coram
3271 808 3356 874 se
3383 806 3725 899 compa-

890 944 1065 1009 rere
1097 918 1455 1010 debeant.

1058 1152 1267 1229 (Edld.
1290 1151 1509 1233 partlm
1536 1151 1895 1225 Burnum„
1923 1147 2148 1213 Amul.
2171 1147 2489 1231 eccles.,a‹1
2512 1166 2657 1214 ann.
2691 1158 2871 1227 1285,
2899 1148 3128 1231 §xlm
3156 1165 3192 1211 e
3216 1155 3455 1230 regest„
3477 1148 3581 1213 llb.
3604 1149 3719 1229 IX,

1132 1268 1200 1325 n·
1229 1266 1372 1323 287.
1401 1258 1576 1321 Nunc
1598 1256 1679 1319 ud
1704 1258 2003 1338 integrum
2029 1257 2243 1321 damus
2266 1274 2344 1320 ex
2368 1257 2507 1320 coll.
2537 1257 2789 1336 Laporte
2814 1256 2898 1318 du
2923 1256 3141 1331 Thell.)

993 1455 1391 1551 Gregorius,
1414 1463 1581 1552 etc.,
1605 1455 1991 1552 patriarche
2017 1454 2478 1540 Antiocheno,
2502 1455 2892 1552 Apostolice
2919 1454 3118 1530 Sedis
3138 1456 3391 1550 legato,
3417 1463 3552 1530 etc.
3579 1453 3645 1554 (l
3661 1455 3715 1552 ).

892 1578 1232 1654 Dilectum
1267 1577 1486 1652 filium
1522 1579 1925 1675 magistr-mn
1968 1580 2048 1653 P.
2079 1579 2172 1656 de
2202 1580 2552 1653 vuarcino
2591 1580 2994 1676 scriptorem
3045 1589 3391 1670 nostrum,
3439 1580 3719 1654 latorem

893 1703 1355 1800 presentium,
1392 1703 1624 1777 virum
1670 1702 2044 1800 providum
2081 1714 2152 1778 et
2184 1701 2485 1795 fidelem,
2523 1704 2722 1797 cujus
2753 1701 2962 1777 fidem
2983 1705 3137 1798 jam
3181 1704 3255 1776 in
3301 1704 3536 1776 multis
3576 1725 3723 1777 ex-

889 1828 1068 1931 perti
1115 1848 1400 1919 snmus,
1439 1824 1532 1901 ad
1575 1835 1647 1901 te
1674 1849 1837 1901 cnm
1871 1827 2117 1902 litteris
2152 1828 2627 1924 imperialibus
2678 1827 3248 1917 transmittentem
3298 1827 3458 1901 licet
3508 1828 3721 1902 caris-

890 1951 1112 2031 simus
1156 1948 1233 2024 in
1295 1947 1560 2025 Christo
1621 1944 1810 2025 filius
1858 1961 2091 2026 noster
2138 1946 2550 2025 Fredericns
2584 1947 3046 2026 Romanorum
3105 1951 3513 2047 imperator,
3548 1963 3717 2045 etc.,

890 2074 1143 2147 festum
1169 2071 1565 2148 Nativitatis
1593 2072 1867 2149 Domini
1902 2070 2220 2170 proximo
2254 2068 2563 2147 futurum
2598 2074 2671 2146 in
2717 2094 2859 2169 quo
2901 2072 3076 2171 petit
3108 2081 3327 2147 totum
3365 2074 3720 2169 negotium

891 2198 1085 2294 quod
1119 2196 1560 2296 interipsum
1609 2206 1681 2272 ct
1721 2196 2145 2272 Lombardos
2175 2198 2467 2272 vertitur
2498 2192 2840 2293 expediri,
2869 2194 3243 2270 terminum
3281 2196 3557 2292 ‘petierit
3593 2216 3721 2271 as-

890 2320 1152 2417 signari
1187 2332 1257 2395 et
1291 2322 1544 2418 apponi
1597 2340 1848 2419 penam
1894 2322 2178 2417 triginta
2216 2320 2436 2393 millia
2479 2336 2871 2393 marcarum
2918 2314 2989 2392 in
3038 2319 3536 2416 compromisso
3566 2316 3714 2416 (9);

890 2453 959 2519 et
993 2446 1056 2519 si
1090 2447 1320 2520 forsan
1358 2445 1527 2520 dicti
1553 2444 1924 2521 Lombardi
1952 2454 2256 2519 nostram
2289 2444 2824 2531 ordinationem,
2857 2443 3399 2540 dispositionem,
3428 2445 3718 2519 laudum

890 2568 1004 2641 vel
1058 2570 1419 2643 arbitrium
1455 2592 1594 2643 non
1639 2570 2110 2663 servaverint,
2151 2578 2449 2644 rectores
2500 2568 2846 2643 societatis
2893 2568 3304 2642 Lombardie
3344 2591 3428 2642 ac
3475 2577 3725 2665 potes-

891 2699 1068 2766 tates
1102 2702 1172 2766 et
1210 2694 1496 2767 consilia
1529 2694 1888 2768 civitatum
1938 2694 2092 2790 ipso
2140 2695 2322 2768 facto
2374 2693 2784 2767 sententiam
2830 2692 3563 2768 excommunicationis
3606 2694 3724 2766 in-

893 2826 1203 2911 currant3
1258 2812 1425 2914 quia
1468 2827 1699 2893 tamen
1749 2817 2200 2892 consideratis
2240 2814 2612 2914 diligenter
2643 2815 2862 2915 ipsius
2897 2816 3156 2912 negotii
3197 2816 3723 2891 circumstantiis

888 2939 1269 3035 universis„
1324 2963 1464 3017 non
1514 2941 1838 3018 videmus
1887 2942 2179 3039 qualiter
2226 2951 2367 3015 tam
2420 2943 2722 3017 arduum
2781 2943 3138 3038 negotium
3188 2941 3405 3039 possit
3455 2942 3530 3015 in
3581 2954 3724 3017 tam

890 3061 1092 3139 brevi
1142 3075 1448 3164 tempore
1487 3063 1849 3143 commode
1884 3064 2241 3164 expediri,
2296 3063 2707 3140 mandamns
2751 3076 3097 3163 quatenus
3139 3061 3441 3163 prefigas
3488 3078 3724 3141 recto-

888 3189 1083 3264 ribus
1131 3191 1475 3266 societatis
1524 3188 1839 3288 ejusdem
1894 3213 1979 3267 ac
2035 3192 2202 3290 ipsis
2247 3190 2657 3266 Lombardis
2703 3211 2833 3287 pro
2870 3192 3165 3265 termino
3213 3186 3546 3267 kalendas
3581 3187 3723 3267 de-

886 3312 1182 3386 cembris
1217 3314 1537 3409 proximo
1574 3333 1764 3387 nunc
1790 3311 2093 3405 futuraS‚
2130 3315 2203 3386 in
2232 3333 2372 3409 quo
2404 3333 2531 3409 per
2562 3309 2886 3411 syndicus
2925 3333 3047 3386 seu
3084 3330 3213 3410 per
3249 3325 3724 3410 procuratores

886 3434 1304 3509 sufficientes
1348 3445 1417 3510 et
1448 3433 1737 3511 idoneos
1784 3438 2075 3534 plenum
2116 3436 2522 3510 mandatum
2553 3435 2886 3511 habentes
2932 3432 3028 3512 ad
3068 3436 3469 3533 ponendum
3500 3449 3718 3513 totum

887 3556 1241 3650 negotium
1303 3555 1438 3632 sub
1475 3559 1850 3659 prescripta
1897 3561 2116 3635 forma
2145 3561 2217 3633 in
2246 3579 2466 3634 manu
2493 3557 2802 3634 Ecclesie
2842 3570 2913 3634 et
2952 3560 3334 3657 parendum
3385 3583 3595 3660 super
3636 3586 3721 3637 eo

889 3680 1158 3777 precise
1213 3682 1559 3757 mandatis
1595 3687 1883 3777 nostris,
1923 3695 1992 3758 et
2035 3684 2126 3758 ad
2160 3683 2672 3782 prorogandum
2708 3685 2941 3780 ipsum
2982 3685 3348 3757 terminum
3395 3681 3454 3756 si
3506 3685 3722 3760 vide—

890 3804 1114 3877 rimus
1145 3801 1515 3901 e'xpedire,
1574 3808 1764 3881 omni
1802 3801 2131 3882 dilatione
2171 3827 2254 3880 ac
2281 3807 2733 3880 excusatione
2764 3807 3227 3900 cessantibuS,
3283 3822 3719 3905 compareant

886 3946 1119 4002 coram
1160 3929 1389 4003 nobis.
1446 3931 1811 4027 Alioquin,
1870 3931 2005 4005 sibi
2061 3941 2382 4030 poterunt
2437 3930 2779 4028 imputare
2827 3930 2891 4004 si
2947 3932 3140 4027 quod
3188 3933 3289 4007 eis
3333 3933 3717 4030 periculum

884 4052 1146 4126 exinde
1177 4055 1540 4150 contigerit
1566 4056 1951 4130 imminere.

984 4178 1235 4250 Datum
1271 4176 1555 4273 Assisii,
1595 4180 1687 4255 vl
1725 4180 2058 4255 kalendas
2092 4180 2428 4271 octobris,
2469 4203 2654 4258 anno
2680 4183 2799 4255 IX.

954 4481 1035 4556 (4)
1074 4481 1229 4541 nunc
1254 4495 1380 4543 cum
1402 4481 1599 4561 plenae
1630 4477 1918 4561 legationis
1940 4486 2111 4546 officio
2129 4485 2361 4546 miserat
2396 4489 2458 4545 in
2497 4481 2867 4546 Lombardiam
2901 4499 3045 4563 papa
3061 4532 3076 4562 ,
3097 4484 3294 4547 litteris
3333 4487 3473 4547 datis
3503 4487 3716 4550 Perusii

883 4574 987 4636 ΧΠ
1012 4577 1121 4637 kal.
1143 4577 1294 4655 junii,
1322 4583 1669 4657 pontificatus
1696 4599 1837 4644 anno
1862 4584 1961 4655 IX,
1986 4581 2122 4642 ibid.
2139 4628 2155 4658 ,
2180 4582 2359 4658 §xm

954 4673 1027 4749 (Ξ)
1063 4675 1121 4736 Si
1144 4677 1329 4736 ‘tamen
1355 4679 1424 4739 de
1453 4682 1845 4758 compromisso
1874 4681 1942 4740 ⁴3
1969 4679 2102 4741 maii
2135 4683 2277 4743 ⁴232
2303 4677 2519 4740 raduae
2555 4679 2805 4743 concluso
2829 4689 3044 4759 agatur,
3064 4693 3173 4742 non
3200 4681 3276 4742 ibi
3307 4677 3412 4744 nisi
3440 4680 3508 4744 de
3533 4697 3712 4762 poena

885 4767 1073 4847 viginti
1100 4769 1325 4834 millium
1344 4785 1651 4839 marcarum
1674 4779 1882 4855 argenti
1900 4780 2103 4839 mentio
2124 4779 2203 4837 fit.
2233 4771 2312 4838 Cf.
2334 4791 2519 4854 supra,
2546 4797 2603 4854 p.
2631 4781 2754 4838 350.
