4842 5802
841 521 1041 580 Ixmcr.
1072 513 1159 595 7.]
1741 508 2135 569 HISTORIA
2188 510 2778 576 DIPLOMATICA.
3548 513 3671 574 625

842 668 1017 719 ram.
1054 644 1372 716 Nostram
1409 640 1667 735 quippe
1700 639 1985 732 gloriam
2010 640 2163 712 aliis
2196 663 2334 713 non
2361 642 2629 734 daturi,
2667 644 3056 737 sepedictos
3094 647 3337 717 fratres
3364 644 3455 715 ab
3482 645 3671 717 omni

847 769 1208 842 exactione
1244 774 1313 837 et
1345 763 1829 857 jurisdictione
1882 763 2308 836 advocaticia
2364 764 2798 837 decernimus
2842 767 3138 856 alienos,
3194 787 3490 859 quorum
3540 787 3667 838 nos

847 893 1034 965 solus
1060 900 1129 962 et
1154 889 1407 960 unicus
1439 886 1734 957 dicimur
1769 896 1839 957 et
1879 908 2120 959 sumus
2153 888 2556 960 advocatus.
2595 889 2972 961 Universae
3004 890 3213 980 igitur
3241 890 3670 982 presentibus

850 1013 1222 1087 contrarias
1284 1009 1734 1099 assertiones,
1794 1017 1874 1079 ut
1927 1019 2087 1103 pote
2148 1031 2406 1082 vacuas
2472 1012 2801 1103 veritate,
2873 1013 3102 1084 irritas
3139 1012 3572 1085 decernimus
3607 1022 3677 1083 et

858 1139 1097 1210 inanes
1135 1144 1203 1208 et
1236 1134 1331 1207 ab
1364 1134 1550 1205 omni
1585 1133 1859 1228 penitus
1889 1133 2132 1205 robore
2170 1136 2595 1228 peregrinas.

946 1263 1179 1333 Testes
1210 1265 1371 1329 sunt
1406 1255 1478 1326 hi
1519 1282 1537 1326 ε
1579 1256 1879 1328 Sifridus
1920 1256 2336 1328 venerabilis
2376 1259 2822 1350 Moguntinus
2859 1259 3450 1354 archiepiscopuS,
3489 1259 3676 1332 Her-

851 1403 1148 1456 mannus
1185 1378 1784 1471 wirzeburgensis
1821 1378 2222 1472 episcopus,
2287 1379 2652 1450 Heinricus
2710 1381 3229 1454 Wormatiensis
3270 1382 3672 1476 episcopm,

854 1509 1286 1579 Hermannus
1306 1523 1533 1575 comes
1555 1498 1698 1597 [de]
1720 1500 2152 1593 Harzisberg‚
2185 1501 2625 1573 Eberhardus
2662 1502 2751 1574 de
2776 1504 3158 1594 Eberstein,
3198 1504 3555 1575 Heinricus
3584 1503 3675 1576 de

852 1632 1072 1702 Niven
1092 1682 1111 1716 ,
1153 1624 1604 1721 Raymundns
1638 1624 1856 1696 abbas
1889 1623 1979 1696 de
2005 1622 2397 1711 Eberbach,
2441 1623 2793 1696 Conradus
2819 1625 3038 1697 abbas
3079 1625 3168 1698 de
3194 1625 3666 1718 Schonaugia,

854 1749 1352 1844 Degenhardns
1411 1746 1795 1842 prepositus
1845 1745 1935 1818 de
1994 1747 2269 1838 Honge,
2324 1746 2484 1818 Giso
2545 1746 3075 1820 archidiaconus
3131 1763 3202 1821 et
3260 1750 3666 1842 canonicus,

856 1874 1247 1946 Waltherus
1276 1872 1650 1944 canonicus
1682 1870 2221 1964 Herbipolensis,
2267 1880 2337 1942 et
2368 1870 2485 1942 alii
2519 1872 2982 1966 quamplures.

951 1999 1200 2068 Datum
1230 2016 1353 2090 per
1380 2015 1664 2065 manum
1704 1993 1915 2064 Ulrici
1943 1994 2189 2065 notarii
2231 1993 2424 2088 apud
2459 1995 2904 2066 Wormatiam
2928 2047 2948 2084 ,
2994 1995 3151 2066 XIII
3185 1993 3516 2068 kalendas
3553 1994 3678 2068 de-

864 2120 1187 2208 cembris,
1230 2118 1614 2190 indictione
1646 2118 1801 2207 VII,
1845 2116 2053 2188 Verbi
2086 2117 2418 2189 incarnati
2452 2139 2635 2192 anno
2672 2119 3147 2192 MCCXXXIII.

1670 2682 1894 2744 ΑΝΝΟ
1949 2683 2146 2745 1234.
2193 2719 2272 2731 —
2313 2684 2795 2755 INDICTIONE
2846 2684 2902 2745 7.

971 3174 1377 3278 HenricuS,
1420 3172 1939 3255 Romanorum
1991 3197 2159 3274 rex,
2204 3171 2643 3254 monasterii
2689 3171 2768 3254 in
2820 3172 3313 3282 Weingarten
3357 3199 3676 3282 posses—
3743 3236 3757 3250 .

866 3310 1111 3392 siones
1150 3318 1226 3390 et
1264 3306 1443 3416 jura
1487 3305 1747 3387 omnia
1791 3303 2236 3408 confirmat3
2277 3304 2614 3387 decernit
2647 3306 2835 3415 quid
2876 3306 2957 3386 in
2989 3306 3162 3415 jure
3204 3307 3678 3388 censualium

870 3442 1023 3523 sive
1064 3439 1641 3524 morticinorum
1704 3437 1948 3519 eidem
1992 3435 2349 3519 ecclesiae
2400 3437 2665 3518 cedere
2699 3437 3006 3542 debeat3
3039 3436 3167 3545 jus
3206 3435 3435 3518 simul
3488 3462 3676 3520 mo-

869 3572 1178 3653 nasterii
1232 3573 1327 3652 de
1396 3570 1796 3655 novalibus
1868 3569 1949 3651 in
2024 3569 2234 3678 sylva
2297 3568 2707 3651 Altorfensi
2770 3567 3086 3651 excultis
3147 3567 3422 3650 diffinit
3444 3629 3467 3674 ‚
3531 3568 3678 3650 hoc

870 3704 1160 3786 addens
1195 3704 1400 3811 quod
1436 3704 1695 3785 nullus
1732 3702 2178 3785 colonorum
2226 3700 2466 3808 ipsius
2520 3701 2956 3782 monasterii
3011 3725 3269 3780 aream
3311 3699 3390 3779 in
3429 3699 3684 3782 Altorf

869 3833 989 3918 vel
1044 3836 1123 3916 in
1176 3834 1669 3944 Ravensburg
1713 3832 1888 3943 jure
1958 3833 2102 3916 fori
2156 3832 2540 3941 possidere
2590 3831 2837 3915 valeat
2858 3893 2882 3940 ‚
2939 3831 3314 3940 pluraque
3366 3830 3675 3939 insuper

868 3967 1259 4076 privilegia
1295 3967 1670 4076 adjungit.

1030 4180 1272 4260 (Inedit.
1307 4197 1383 4240 ex
1411 4179 1681 4258 originali
1707 4182 1769 4240 in
1797 4178 2025 4240 arcbiV.
2055 4178 2363 4258 stuttgart.
2386 4225 2404 4258 ,
2433 4180 2592 4258 quod
2617 4181 2790 4241 nobis
2829 4182 3289 4243 communicavit
3332 4183 3670 4247 Kauslerus.

1105 4286 1377 4365 Sigillum
1403 4287 1498 4346 vel
1524 4302 1702 4346 aurea
1731 4285 1927 4360 bulla,
1961 4288 2011 4347 si
2044 4287 2282 4363 quando
2321 4287 2556 4366 aderat,
2599 4290 2772 4364 periit
2804 4305 2913 4350 nee
2941 4290 3052 4349 nisi
3087 4288 3319 4350 filorum
3360 4289 3675 4354 rubrorum

1105 4393 1517 4468 ssavorumque
1540 4392 1786 4453 laciniae
1811 4397 2141 4468 supersunt.
2169 4392 2549 4469 Privilegium
2580 4399 2913 4470 suspectum
2941 4393 3150 4454 babuit
3183 4395 3574 4470 Boehmerus,
3613 4403 3675 4458 et

1105 4514 1228 4557 non
1256 4499 1384 4557 sine
1408 4513 1615 4570 cansa,
1644 4497 1786 4557 dum
1813 4500 1964 4558 inter
1987 4497 2469 4574 Winegartenses
2494 4497 2728 4557 chartas
2760 4499 3047 4575 quaedam
3089 4502 3411 4562 certissime
3444 4505 3675 4581 spurina

1108 4601 1455 4664 habeantur.
1489 4600 1607 4681 (Cf.
1637 4601 1784 4680 qnid
1809 4617 1988 4679 supra
2012 4604 2434 4682 notaverimus,
2464 4607 2511 4664 t.
2544 4604 2595 4679 Ι,
2626 4620 2687 4681 p.
2721 4600 2891 4683 941.)
2916 4604 3084 4666 Istud
3109 4610 3303 4667 tamen
3341 4608 3490 4669 nihil
3514 4610 3675 4672 aliud

1030 4703 1135 4766 Π.
1180 4715 1295 4766 Par·
1321 4723 1364 4764 2.
3282 4719 3359 4773 ’19
