4842 5802
1136 671 1255 731 742
2137 668 2565 730 Fnlnssmcl
2612 670 2956 732 saeuum
3570 674 3729 753 [Anu.
3769 677 3945 742 1235.

1139 809 1198 879 si
1244 827 1364 901 per
1412 813 1696 877 mortem
1735 804 2028 897 alicujus
2064 814 2301 899 treuge
2339 806 2593 878 fuerint
2626 806 2881 880 violate
2913 815 2982 879 et
3026 807 3578 901 consanguineus
3610 808 3947 885 interfecti

1136 932 1387 1026 aliquis
1419 930 1810 1025 probaverit
1840 929 2224 1003 secundum
2257 931 2546 1020 formam
2567 930 2996 1024 Jamdictam,
3036 931 3329 1005 violator
3379 934 3739 1009 convictus
3783 957 3951 1032 per-

1139 1065 1348 1152 petuo
1374 1054 1464 1125 sit
1487 1054 1752 1125 erenlos
1776 1062 1846 1124 et
1874 1053 2148 1125 rethloS.

1165 1212 1168 1217 ⁴
1235 1177 1306 1249 t.
1347 1181 1444 1247 De
1466 1176 1766 1270 judiciis.
1819 1177 2098 1271 Oportet
2140 1176 2365 1249 officio
2409 1176 2670 1267 judicis
2722 1178 2966 1249 merita
3004 1178 3363 1272 suffragari
3387 1234 3405 1265 ,
3445 1179 3609 1273 quia
3641 1181 3950 1254 moribus

1139 1303 1346 1376 debet
1381 1302 1720 1374 excellere
1754 1299 1876 1394 qui
1912 1310 2143 1372 reatus
2180 1300 2459 1373 discutit
2484 1302 2799 1374 aliorum.
2841 1301 3229 1373 Sanctimus
3256 1302 3469 1395 igitur
3497 1304 3630 1374 sub
3664 1305 3948 1378 obtentu

1140 1427 1357 1521 gratie
1384 1434 1611 1497 nostre
1639 1423 1917 1495 firmiter
1953 1423 2391 1516 injungentes
2423 1435 2503 1497 ut
2533 1425 2877 1520 principes
2908 1426 3125 1498 nostri
3152 1437 3221 1499 et
3254 1448 3494 1500 omnes
3529 1427 3647 1500 alii
3670 1428 3794 1523 qui
3818 1431 3950 1522 ju-

1140 1552 1322 1625 dicia
1359 1558 1588 1621 tenent
1634 1570 1677 1620 a
1727 1548 1927 1620 nobis
1980 1549 2408 1639 immediate,
2459 1571 2705 1623 causas
2741 1570 2971 1622 coram
3020 1551 3123 1623 eis
3168 1550 3526 1624 arbitratae
3566 1551 3949 1626 secundum

1137 1688 1465 1748 terrarum
1501 1672 1972 1745 rationabilem
2004 1671 2574 1746 consuetudinem
2589 1674 2779 1764 justo
2802 1672 3069 1764 judicio
3089 1674 3453 1747 terminent
3468 1683 3538 1747 et
3565 1671 3751 1748 idem
3780 1698 3948 1772 pre-

1140 1800 1394 1894 cipiant
1421 1797 1572 1869 aliis
1590 1796 1947 1887 judicibus
1971 1796 2090 1893 qui
2115 1796 2247 1867 sub
2275 1795 2538 1869 eisdem
2568 1807 2732 1868 sunt
2760 1806 2829 1868 et
2856 1796 3408 1887 jurisdictionem
3434 1797 3525 1869 ab
3549 1797 3653 1870 eis
3683 1808 3942 1871 tenent.

1143 1923 1346 2010 Quod
1375 1923 1497 2016 qui
1527 1941 1665 1993 non
1700 1921 1932 1993 fecerit
1966 1920 2269 1994 districte
2311 1943 2471 1993 eum
2508 1931 2710 2017 prout
2737 1923 3006 2013 justum
3044 1922 3247 1994 fuerit
3282 1923 3689 2017 puniemus,
3729 1923 3824 1994 nil
3861 1923 3951 1997 de

1135 2052 1292 2141 jure
1317 2057 1543 2119 nostro
1578 2046 1687 2117 vel
1716 2067 1892 2140 pena
1928 2045 2129 2117 nobis
2161 2046 2489 2117 attinente
2521 2045 2909 2135 remissuri,
2965 2045 3138 2117 nulli
3175 2046 3480 2119 volentes
3517 2045 3589 2117 in
3630 2046 3763 2118 hoc
3792 2067 3952 2141 par-

1144 2193 1297 2244 cere
1335 2170 1444 2242 vel
1481 2169 1772 2242 deferre.
1810 2168 2001 2240 Idem
2035 2168 2455 2264 precipimus
2488 2168 2693 2241 etiam
2727 2190 2772 2241 a
2810 2168 3189 2261 majoribus
3213 2169 3570 2261 judicibus
3607 2168 3790 2242 circa
3828 2169 3950 2241 in-

1146 2295 1422 2368 feriores
1433 2293 1706 2386 judices
1732 2292 2017 2365 firmiter
2051 2292 2429 2365 observari.

1245 2419 1312 2488 5.
1378 2418 1459 2488 Ut
1507 2439 1694 2487 nemo
1735 2438 1804 2487 se
1843 2415 2122 2487 vindicet
2168 2416 2306 2487 sine
2337 2416 2592 2508 judicis
2630 2416 3050 2489 auctoritate.
3085 2414 3198 2489 Ad
3244 2416 3377 2489 hoc
3417 2416 3854 2510 magistratus
3884 2427 3953 2490 et

1136 2544 1294 2634 jura
1353 2550 1511 2613 sunt
1566 2541 1832 2635 prodita
1888 2562 1975 2612 ne
2026 2539 2185 2634 quis
2234 2540 2344 2611 sui
2399 2538 2656 2613 doloris
2697 2540 2962 2614 vindex
2993 2543 3127 2628 sit3
3170 2540 3335 2633 quia
3382 2539 3502 2611 ubi
3531 2541 3709 2633 juris
3734 2551 3954 2614 ceoeat

1142 2667 1543 2756 auctoritas,
1602 2663 1878 2736 excedit
1913 2663 2186 2736 licentia
2230 2664 2570 2740 seviendi.
2620 2664 2997 2737 Statuimus
3047 2663 3258 2758 igitur
3290 2674 3369 2735 ut
3400 2666 3630 2738 nullus
3663 2666 3733 2736 in
3765 2687 3951 2760 qua-

1143 2811 1443 2883 cumque
1478 2809 1552 2859 re
1587 2786 1966 2882 dampnum
1999 2788 2064 2860 ei
2096 2788 2205 2859 vel
2240 2808 2613 2880 gravamen
2645 2788 2851 2860 fuerit
2884 2787 3186 2876 illatum,
3231 2807 3308 2859 se
3335 2786 3564 2880 ipsum
3600 2788 3947 2879 vendicet,

1148 2913 1280 2984 nisi
1331 2913 1525 3006 prius
1567 2912 1919 3003 querelam
1966 2932 2163 2983 suam
2211 2931 2439 2983 coram
2477 2932 2605 2983 suo
2641 2910 2885 3002 judice
2930 2911 3347 3006 propositam
3400 2912 3784 2983 secundum
3833 2913 3953 3002 jus

1149 3055 1367 3128 usque
1393 3032 1483 3106 ad
1512 3032 1947 3105 diffinitivam
1976 3033 2396 3105 sentenciam
2413 3041 2892 3129 prosequatur,
2912 3033 3047 3104 nisi
3071 3033 3145 3104 in
3169 3033 3543 3105 continenti
3560 3032 3651 3107 ad
3672 3033 3951 3104 tutelam

1145 3158 1444 3254 corporis
1475 3158 1584 3229 sui
1612 3159 1728 3230 vel
1762 3158 2094 3229 bonorum
2130 3178 2414 3230 suorum
2446 3158 2592 3230 vim
2614 3158 2687 3229 vi
2710 3158 3028 3253 repellat.-
3055 3156 3247 3251 quod
3274 3156 3528 3230 dicitur
3560 3156 3946 3229 notbwere.

1142 3285 1214 3356 Si
1238 3282 1399 3376 quis
1419 3281 1615 3353 aliter
1643 3281 2048 3376 processerit
2067 3280 2160 3353 ad
2183 3279 2592 3372 vindictam,
2615 3279 2994 3375 dampnum
3029 3280 3289 3352 illatum
3310 3278 3714 3352 adversario
3730 3280 3954 3352 solvat

1145 3408 1219 3479 in
1266 3405 1585 3502 duplum,
1629 3406 1818 3476 nulla
1853 3404 2120 3477 actione
2174 3403 2304 3474 sibi
2358 3402 2447 3476 de
2497 3403 2819 3499 dampnis
2871 3405 2985 3477 vel
3029 3403 3546 3497 gravaminibus
3581 3402 3784 3476 illatis
3821 3402 3951 3474 sibi

1147 3532 1235 3606 de
1281 3543 1507 3605 cetero
1554 3537 2007 3625 competente.
2045 3528 2119 3599 Si
2165 3529 2322 3622 quis
2355 3549 2523 3600 vero
2558 3548 2787 3600 coram
2812 3527 3053 3620 judice
3086 3529 3267 3600 sicut
3296 3527 3683 3623 predictum
3728 3536 3831 3600 est
3882 3527 3951 3598 in

1144 3678 1354 3730 causa
1383 3653 1812 3749 processerit,
1834 3652 1894 3725 si
1910 3655 2029 3745 jus
2048 3674 2185 3726 non
2206 3652 2406 3725 fuerit
2428 3662 2837 3725 consecutus
2863 3663 2934 3724 et
2953 3653 3356 3726 necessitate
3375 3666 3665 3743 cogente
3689 3659 3955 3748 oportet

1144 3804 1302 3854 eum
1337 3781 1653 3853 diffidare
1685 3779 2038 3851 inimicum
2074 3800 2306 3867 suum,
2351 3776 2543 3873 quod
2567 3778 2782 3872 vulgo
2807 3775 3065 3850 dicitur
3089 3778 3505 3870 widersage,
3539 3777 3670 3851 hoc
3702 3777 3955 3850 diurno

1140 3914 1445 3999 tempore
1474 3902 1709 3993 faciat3
1743 3913 1926 3974 etex
1955 3912 2120 3974 tunc
2154 3923 2374 3996 usque
2404 3902 2476 3972 in
2511 3910 2833 3995 quartum
2857 3900 3074 3992 diem,
3096 3901 3172 3975 id
3193 3911 3301 3974 est
3321 3911 3473 3996 post
3498 3910 3632 3971 tres
3654 3900 3955 3993 integros

1142 4029 1318 4117 dieS,
1358 4026 1677 4100 diffidans
1705 4035 1775 4099 et
1822 4024 2176 4097 diffidatus
2220 4026 2558 4117 integram
2591 4047 2829 4121 pacem
2866 4024 3245 4098 servabunt
3275 4024 3408 4095 sibi
3446 4024 3515 4093 in
3546 4023 3855 4117 personis
3887 4031 3955 4093 et

1139 4154 1373 4226 rebus.
1397 4153 1462 4223 Is
1485 4160 1715 4223 autem
1743 4151 1814 4221 iu
1836 4171 1977 4243 quo
2004 4150 2331 4221 violatum
2362 4149 2570 4220 fuerit
2591 4148 2724 4221 hoc
2752 4157 3109 4237 statutum,
3129 4167 3361 4219 coram
3379 4144 3620 4237 judice
3647 4165 3954 4237 conque-

1141 4287 1328 4349 ratur
1354 4275 1477 4370 qui
1518 4295 1642 4369 per
1675 4293 1752 4345 se
1785 4272 1895 4344 vel
1934 4294 2055 4367 per
2092 4272 2423 4343 nuncium
2459 4271 2699 4344 citabit
2726 4272 3154 4360 violatorem,
3194 4278 3265 4343 et
3297 4268 3431 4340 nisi
3463 4268 3753 4341 violator
3783 4288 3953 4363 pro-

1146 4401 1397 4475 ductus
1453 4420 1661 4494 super
1713 4397 1845 4470 hoc
1887 4397 1997 4469 vel
2042 4407 2324 4491 septena
2383 4418 2595 4468 manu
2647 4395 3084 4490 synodalium
3148 4393 3503 4466 hominum
3556 4392 3956 4487 *purgaverit

1143 4524 1601 4598 innocentiam
1634 4543 1868 4611 suam,
1908 4520 2099 4615 quod
2139 4541 2280 4592 non
2312 4519 2725 4591 commiserit
2758 4526 3001 4591 contra
3023 4518 3156 4589 hoc
3192 4525 3561 4607 statutum,
3622 4527 3955 4613 perpetuo

1147 4669 1320 4744 pene
1354 4647 1707 4737 subJaceat
1736 4645 1927 4740 quod
1963 4643 2215 4716 dicitur
2245 4644 2512 4716 erenlos
2545 4641 2694 4715 und
2731 4641 2988 4716 rehtlos
3023 4640 3145 4737 (a).

1224 4795 1314 4878 (a)
1355 4798 1453 4860 Sic
1479 4798 1829 4874 germanice.
1855 4794 2019 4856 Alias
2050 4790 2308 4854 lter-mlo:
2342 4798 2398 4854 et
2425 4787 2659 4854 recltlos.
