4842 5802
842 677 850 686 ·
908 637 1108 700 lantcr.
1142 637 1237 715 9.]
1809 638 2201 702 HISTORIA
2248 640 2832 704 DIPLOMATICA.
3606 646 3730 709 813

902 772 1239 866 dicende,
1283 783 1363 848 ut
1402 785 1472 849 et
1505 774 1743 849 audita
1781 798 1920 849 non
1956 777 2238 852 credere
2271 800 2353 852 ac
2383 778 2592 853 fidem
2628 802 3034 875 cogeremur
3080 802 3123 853 a
3168 780 3447 855 creditis
3493 803 3724 855 remo-

784 945 796 958 .
899 894 1101 972 vere!
1143 897 1281 971 Sed
1308 899 1368 972 si
1399 899 1635 973 verius
1657 900 2029 995 loquimur,
2060 902 2205 993 jam
2236 924 2364 997 pro
2404 905 2647 996 majori
2672 915 2863 1000 parte
2899 905 3029 977 ista
3059 926 3195 977 non
3231 905 3602 997 credimus,
3635 905 3726 980 de

897 1023 1163 1117 quibus
1212 1025 1540 1118 opinione
1593 1035 1904 1099 cessante
1952 1035 2206 1099 certam
2262 1027 2621 1101 scientiam
2663 1029 3079 1102 obtinemus.
3134 1029 3448 1102 Ceterum
3500 1051 3593 1102 ex
3640 1052 3724 1103 eo

900 1147 1036 1219 sibi
1071 1156 1187 1220 tua
1220 1148 1551 1222 serenitas
1580 1148 1853 1221 titulum
1890 1149 2119 1223 laudis
2149 1151 2446 1245 acquirit
2470 1153 2685 1245 quod,
2721 1152 2898 1224 sicut
2929 1152 3203 1241 asseris,
3238 1152 3724 1225 mentientibus

902 1279 986 1342 ut
1014 1272 1390 1366 quicquam
1424 1280 1658 1345 contra
1695 1282 1764 1346 te
1810 1273 1882 1345 in
1916 1274 2360 1348 renovatione
2401 1275 2742 1349 societatis
2779 1276 3188 1349 Lombardie
3222 1273 3326 1370 (1)
3363 1275 3436 1346 in
3476 1277 3721 1348 Tuscia

903 1397 1021 1469 vel
1070 1396 1337 1470 Verone
1374 1396 1579 1469 fuerit
1607 1418 1731 1492 per
1766 1396 2141 1470 Ecclesiam
2174 1406 2648 1493 procuratum,
2687 1397 2969 1471 credere
3004 1395 3425 1492 dedigneris.
3457 1399 3631 1471 Nam
3663 1398 3721 1470 si

899 1519 1414 1595 Lombardi'vel
1456 1521 1574 1594 alii
1613 1531 1731 1596 tue
1763 1523 2292 1618 metucpotentie
2329 1522 2465 1596 sibi
2514 1523 2849 1595 a'futuris
2896 1522 3178 1596 student
3226 1522 3503 1595 casibus
3553 1543 3724 1617 pre—

904 1656 1157 1719 cavere
1210 1654 1280 1719 et
1323 1646 1531 1737 juxta
1588 1647 1996 1742 sapientiam
2053 1647 2265 1739 huJ'us
2318 1646 2564 1720 mundi
2617 1647 2882 1741 aliquid
2930 1646 3020 1720 de
3059 1646 3368 1719 Ecclesia
3419 1668 3543 1741 pro
3596 1668 3722 1719 sua

899 1779 1099 1864 parte
1140 1768 1630 1862 disseminant,
1679 1792 1805 1866 per
1840 1769 2033 1865 quod
2068 1770 2199 1843 sibi
2249 1772 2551 1844 favorem
2587 1771 2945 1865 acquirere
2981 1770 3385 1859 moliantur;
3423 1770 3482 1842 si
3513 1771 3721 1844 Vero·

898 1894 1234 1967 nensibus
1284 1894 1378 1969 ad
1432 1895 1692 1968 bonum
1747 1895 1938 1990 pacis
1988 1916 2111 1990 per
2165 1894 2595 1967 venerabiles
2652 1895 2891 1967 fratres
2944 1903 3211 1967 nostros
3264 1894 3605 1987 Reginum
3657 1903 3728 1968 et

894 2018 1348 2091 Trevisanum
1383 2018 1745 2114 episcopos
1778 2018 2180 2091 auctoritate
2211 2028 2440 2091 nostra
2476 2017 2823 2109 reductis,
2861 2028 2932 2090 et
2965 2018 3178 2091 nobili
3217 2018 3370 2092 viro
3419 2018 3726 2092 Johanne

897 2142 1363 2215 Fortibrachio
1430 2142 1609 2214 sicut
1679 2142 2138 2216 mandaveras
2203 2144 2508 2238 ipsorum
2574 2143 2878 2236 regimen
2946 2142 3251 2238 recipere
3317 2151 3716 2232 recusante,

901 2267 1207 2340 nobilem
1251 2265 1480 2338 virum
1536 2266 1851 2340 comitem
1903 2268 2293 2362 Raynerum
2339 2266 2431 2339 de
2474 2268 2749 2340 Marzan
2783 2265 2886 2361 (2)
2923 2264 3198 2340 fidelem
3232 2276 3577 2358 nostrum,
3628 2264 3719 2337 ad

896 2390 1299 2462 nuntiorum
1362 2389 1728 2484 utriusque
1786 2389 1998 2484 partis
2068 2388 2502 2480 instantiam,
2569 2389 2873 2483 injuncto
2924 2389 2987 2462 ei
3037 2389 3229 2484 quod
3296 2391 3413 2462 via
3464 2411 3720 2485 proce-

893 2513 1071 2586 dens
1115 2513 1309 2605 regia
1350 2511 1453 2609 (a)
1490 2534 1927 2609 nequaquam
1962 2510 2058 2585 ad
2088 2512 2435 2586 sinistram
2476 2512 2589 2586 vel
2633 2512 2955 2586 dextram
3008 2511 3415 2603 declinaret,
3475 2512 3545 2583 in
3587 2532 3711 2607 po·

891 2645 1205 2710 testatem
1249 2635 1587 2709 duximus
1632 2634 2140 2731 providendum
2165 2689 2186 2728 ,
2240 2657 2377 2709 non
2435 2644 2542 2709 est
2593 2634 2786 2729 quod
2833 2635 3035 2709 nobis
3085 2636 3313 2708 valeat
3357 2636 3708 2731 imputari.

889 2762 1381 2837 Verumtamen
1426 2763 1764 2836 sustinere
1798 2782 1936 2835 non
1984 2783 2353 2858 possumus
2396 2762 2566 2857 quin
2611 2769 2848 2835 contra
2895 2783 3015 2835 eos
3065 2763 3187 2857 qui
3237 2762 3716 2836 excommuni-

887 2887 1237 2961 cationum
1297 2886 1687 2977 sententiis,
1731 2887 2145 2979 juramentis
2197 2895 2267 2959 et
2307 2886 2509 2983 penis
2562 2885 2982 2984 interpositis
3035 2886 3429 2983 vilipensiS,
3490 2894 3716 2983 potes-

885 3020 1098 3085 tatem
1131 3012 1254 3106 qui
1287 3033 1461 3108 pure
1501 3032 1579 3085 se
1609 3011 1854 3084 habuit
1888 3020 1960 3084 et
1990 3010 2081 3085 de
2125 3011 2511 3086 sinceritate
2548 3010 2711 3086 fidei
2746 3013 2837 3085 ab
2872 3021 3165 3106 utraque
3209 3019 3402 3107 parte
3433 3011 3714 3107 publice

888 3134 1440 3225 commendatur,
1488 3156 1768 3231 capere,
1807 3145 1878 3208 et
1927 3156 2168 3230 pacem
2222 3156 2363 3208 non
2419 3144 2585 3207 sunt
2632 3136 2832 3208 veriti
2888 3135 3185 3224 violare,
3226 3136 3407 3208 sicut
3449 3137 3713 3230 justitia

884 3261 1162 3354 exegit,
1222 3258 1705 3354 procedamus.
1750 3259 2061 3332 Ceterum
2116 3260 2174 3332 si
2226 3261 2595 3333 mentiatur
2637 3259 2965 3355 iniquitas
3009 3256 3199 3353 quod
3236 3259 3306 3330 in
3345 3260 3716 3334 ultramon-

886 3382 1069 3454 tanis
1114 3392 1183 3455 et
1232 3383 1427 3457 Italie
1473 3383 1785 3478 partibus
1840 3383 2141 3456 Ecclesie
2199 3383 2506 3457 studium
2575 3393 2729 3456 tuos
2792 3392 3109 3478 procuret
3164 3382 3500 3479 impedire
3550 3406 3711 3479 pro-

889 3525 1162 3596 cessus,
1204 3504 1582 3602 imperialis
1633 3507 1944 3579 utilitatis
1980 3529 2093 3580 res
2128 3508 2393 3604 expetit
2438 3517 2516 3578 ut
2546 3529 2706 3579 cum
2743 3528 2954 3603 opera
2994 3507 3408 3580 contrarium
3452 3517 3710 3603 protes·

883 3638 1149 3721 tentur,
1198 3651 1317 3702 ora
1369 3630 1848 3703 mentientium
1897 3630 2255 3716 obstruas,
2310 3640 2379 3704 et
2435 3629 2752 3704 auditum
2799 3653 3038 3704 eorum
3089 3631 3210 3725 qui
3263 3630 3705 3703 schismatum

882 3751 1146 3823 zizania
1191 3753 1531 3826 seminant
1578 3763 1657 3825 ut
1712 3753 1969 3826 exinde
2016 3754 2395 3848 iniquitatis
2444 3754 2635 3826 lucra
2674 3754 3104 3848 conquirant,
3150 3753 3708 3828 oblocutionibus

883 3875 1275 3964 interdicas.
1325 3875 1439 3949 Ad
1474 3875 1605 3949 hec
1644 3876 1812 3970 quia
1855 3878 2347 3972 multiplicatus
2399 3878 2472 3948 in
2515 3898 2717 3950 aures
2761 3876 3150 3972 Apostolice
3194 3856 3394 3951 Sedis
3450 3879 3707 3950 clamor

883 3999 977 4072 de
1003 4021 1219 4096 regno
1249 3999 1560 4098 predicto
1594 3983 1884 4075 veniens
1919 4011 1990 4074 et
2020 4023 2246 4097 usque
2284 4002 2355 4073 in
2390 4001 2641 4094 celum,
2675 4001 2852 4074 sicut
2886 4002 3259 4095 credimus,
3286 4003 3430 4095 jam
3469 4023 3707 4075 ascen-

962 4176 1052 4258 (a)
1092 4178 1190 4240 Sic
1214 4181 1277 4240 in
1304 4178 1561 4242 duobus.
1589 4179 1998 4242 VerIsimssiter
2023 4197 2129 4258 per
2154 4181 2523 4241 oscitantiam
2551 4195 2657 4258 pro
2681 4185 2859 4240 recta.

955 4469 1031 4542 (t)
1066 4469 1202 4527 Vide
1229 4485 1394 4544 supra
1420 4487 1477 4544 p.
1495 4472 1622 4542 796,
1642 4470 1706 4544 §5
1731 4471 1756 4528 1
1781 4476 1837 4528 et
1858 4471 1926 4527 11.

953 4567 1027 4637 (Ξ)
1065 4566 1240 4637 Verci,
1262 4566 1407 4624 Stor.
1433 4567 1576 4641 deqli
1600 4567 1839 4640 Ecelini,
1860 4575 1901 4624 t.
1932 4569 2002 4639 11,
2027 4586 2086 4643 p.
2111 4572 2235 4638 400,
2260 4567 2403 4624 hunc
2421 4572 2576 4624 vocat
2593 4567 2867 4638 Raynerus
2889 4562 3232 4637 Bulqarellus
3251 4562 3314 4620 de
3335 4566 3577 4621 Perusia.
3602 4565 3705 4634 Qui

876 4668 1080 4733 autem,
1113 4662 1236 4720 licet
1260 4671 1434 4721 rector
1462 4664 1738 4738 pacificus,
1769 4663 1910 4722 haud
1936 4665 2106 4722 multo
2131 4669 2256 4738 post
2280 4663 2351 4720 ab
2373 4663 2588 4721 Ecelino
2606 4660 2864 4735 expulsus
2890 4666 2989 4717 est.
3008 4659 3088 4717 ef.
3110 4660 3305 4732 Vnam,
3330 4658 3553 4730 Ibidem,
3577 4663 3706 4732 t.11‚

878 4772 936 4828 p.
973 4759 1072 4813 ⁴09
1102 4764 1156 4814 et
1181 4773 1333 4831 seqq.
