4842 5802
846 550 1044 611 lumcr.
1078 548 1169 626 8.]
1753 546 2145 608 HISTORIA
2196 548 2794 614 mPLOMATmA.
3553 553 3674 616 693

843 681 1030 763 tiam
1068 677 1418 763 concedit
1461 687 1550 759 ut
1591 703 1859 760 omnes
1912 679 2047 788 qui
2082 679 2165 761 in
2209 679 2508 763 civitate
2550 680 2716 790 ejus
2758 680 3271 793 Laudenburg
3313 683 3677 793 elegerint

843 812 1205 918 residere,
1247 810 1347 893 ab
1382 809 1733 893 omnium
1761 809 2162 893 hominum
2199 811 2584 922 obsequiis
2624 813 2777 896 sint
2812 815 3167 923 exempti.

1009 1023 1253 1100 (Inedit.
1286 1041 1365 1086 ex
1391 1025 1648 1086 chartul.
1678 1027 2003 1103 wormat„
2033 1025 2139 1087 tol.
2172 1034 2288 1087 296
2317 1042 2509 1098 verso,
2534 1028 2598 1086 in
2620 1025 2862 1087 archivo
2886 1025 3401 1105 Darmstadtensl.)

941 1208 1060 1296 Η.,
1105 1207 1232 1277 Dei
1264 1206 1482 1297 gratia
1520 1207 1978 1278 Romanorum
2004 1226 2135 1276 rex
2178 1214 2246 1277 et
2283 1227 2552 1301 semper
2592 1217 2960 1301 augustus,
3018 1209 3364 1283 universis
3401 1211 3672 1307 imperii

845 1326 1173 1403 fidelibus
1209 1329 1470 1422 quibus
1506 1349 1792 1424 presens
1821 1328 2042 1400 littera
2072 1329 2276 1399 fuerit
2305 1340 2577 1401 ostensa
2614 1332 2903 1421 gratiam
2954 1354 3150 1403 suam
3186 1343 3253 1405 et
3295 1355 3500 1407 omne
3541 1336 3668 1408 bo-

846 1474 1041 1523 num.
1077 1453 1192 1525 Ex
1226 1452 1469 1524 divina
1507 1451 1945 1546 providentia
1978 1450 2068 1523 ad
2123 1453 2321 1544 regni
2369 1462 2438 1523 et
2474 1453 2744 1548 imperii
2779 1454 3184 1546 dignitatem
3230 1455 3391 1528 ideo
3429 1480 3671 1531 sumus

843 1575 1070 1646 vocati
1117 1585 1197 1645 ut
1239 1575 1566 1648 ecclesias
1609 1585 1678 1646 et
1725 1596 1838 1646 res
1887 1574 2381 1647 ecclesiasticas
2431 1574 2810 1648 debeamus
2852 1575 2941 1649 de
2985 1579 3408 1652 liberalitatis
3438 1592 3668 1655 nostre

845 1696 1319 1770 munificentia
1351 1699 1425 1769 in
1448 1698 1997 1793 possessionibus
2016 1698 2349 1794 ampliare
2378 1707 2449 1769 et
2483 1697 2573 1770 de
2600 1708 2830 1771 nostre
2854 1702 3238 1774 serenitatis
3270 1704 3488 1795 gratia
3519 1726 3668 1778 am-

846 1822 1094 1917 pliatas
1126 1822 1218 1893 ab
1255 1823 1584 1894 omnibus
1619 1822 2129 1894 incursionibus
2160 1820 2455 1894 fideliter
2490 1822 2891 1912 defensare3
2945 1824 3248 1898 maxime
3285 1835 3511 1899 tamen
3550 1848 3669 1900 eos

843 1969 1022 2040 quos
1055 1948 1442 2043 specialiter
1476 1947 1832 2039 diligimus
1863 1946 2142 2041 speciali
2171 1947 2391 2039 gratia
2426 1947 2769 2041 respicere
2811 1949 3136 2020 volumus
3173 1957 3242 2021 et
3287 1948 3661 2044 debemu8‚

843 2079 1082 2166 utpote
1116 2072 1446 2144 dilectum
1475 2080 1547 2143 et
1572 2070 1974 2143 familiarem
1999 2071 2383 2165 principem
2414 2082 2724 2143 nostrum
2756 2073 2829 2144 L.
2862 2074 3441 2147 wormaciensem
3483 2077 3665 2147 elec-

843 2202 988 2266 tum
1022 2190 1084 2287 (l
1100 2193 1157 2291 ),
1197 2195 1310 2266 cui
1345 2194 1433 2266 de
1474 2204 1705 2267 nostra
1739 2194 2201 2265 benivolentia
2228 2193 2435 2266 talem
2469 2194 2762 2265 fecimus
2796 2195 3083 2286 gratiam
3120 2209 3189 2267 et
3221 2196 3544 2269 dedimus
3582 2199 3665 2269 li-

844 2318 1173 2391 bertatem
1212 2317 1407 2413 quod
1434 2340 1675 2391 omnes
1706 2318 1827 2411 qui
1864 2317 1938 2388 in
1972 2317 2247 2388 civitate
2275 2338 2402 2387 sua
2435 2317 2902 2411 Laudenburg
2946 2327 3274 2411 tanquam
3319 2320 3509 2392 cives
3542 2323 3666 2394 eli-

845 2444 1070 2535 gerint
1101 2443 1438 2532 residere,
1476 2443 1566 2516 ab
1599 2441 1911 2513 omnium
1943 2439 2302 2512 hominum
2333 2440 2691 2533 obsequiis
2727 2441 2865 2511 sint
2899 2442 3205 2536 exempti
3234 2451 3301 2514 et
3328 2444 3498 2516 nulli
3529 2446 3662 2517 nisi

844 2565 1128 2637 domino
1163 2588 1292 2638 suo
1326 2565 1810 2637 wormatiensi
1850 2565 2065 2636 electo
2099 2564 2403 2636 serviant
2426 2573 2495 2636 et
2520 2563 2919 2653 intendant,
2953 2566 3103 2636 sive
3132 2564 3329 2636 nobis
3363 2576 3431 2638 et
3456 2569 3662 2640 alicui

843 2710 934 2762 ex
962 2690 1395 2786 principibus
1431 2690 1542 2761 vel
1582 2688 2139 2760 ministerialibus
2174 2689 2424 2761 nostris
2455 2688 2739 2759 attineat
2773 2685 2925 2781 (sic)
2952 2688 3186 2782 aliquo
3212 2691 3398 2780 jure.
3452 2692 3662 2764 Volu-

845 2833 998 2884 mus
1031 2814 1237 2885 etiam
1270 2814 1460 2907 quod
1494 2813 1685 2886 cives
1719 2812 1789 2882 in
1827 2810 2073 2884 eadem
2103 2810 2380 2882 civitate
2407 2809 2801 2883 residentes
2835 2819 3063 2883 nostra
3109 2811 3200 2883 de
3240 2821 3465 2884 cetero
3487 2836 3666 2907 gau-

845 2931 1050 3008 deant
1084 2934 1506 3006 desensione.
1549 2930 1962 3004 mandamus
2007 2932 2242 3025 itaque
2277 2940 2347 3002 et
2380 2931 2802 3025 precipimus
2836 2931 3175 3002 universis
3210 2932 3342 3004 sub
3377 2934 3663 3007 obtentu

846 3059 1062 3148 gratie
1095 3068 1324 3132 nostre
1349 3068 1415 3127 et
1452 3056 1718 3151 imperii
1751 3067 1827 3127 ut
1861 3057 2092 3127 nullus
2119 3057 2208 3127 sit
2239 3054 2359 3148 qui
2395 3055 2802 3149 prelibatam
2850 3054 3232 3125 libertatem
3268 3055 3540 3128 civibus
3573 3056 3665 3131 de

842 3181 1310 3275 Laudenburg
1357 3202 1400 3252 a
1448 3180 1651 3251 nobis
1692 3179 2031 3251 indultam
2086 3178 2342 3251 audeat
2376 3176 2821 3270 aliquatenus
2864 3176 3234 3269 infringere
3272 3180 3388 3250 vel
3422 3190 3663 3250 contra

847 3326 1129 3381 presens
1167 3304 1604 3381 privilegium
1650 3303 1721 3374 in
1767 3298 2227 3381 prejudicium
2277 3301 2577 3373 civitatis
2630 3299 2916 3381 aliquod
2974 3309 3399 3381 attemptare.
3462 3299 3664 3381 Quod
