4842 5802
1155 710 1279 772 668
2189 710 2535 772 numum
2585 711 2920 773 summ
3595 716 3757 793 [Anu.
3797 717 3965 781 1234.

1157 854 1352 917 catus
1376 865 1505 917 nec
1533 845 1762 938 aliqua
1791 846 2118 918 secularis
2144 867 2438 941 persona
2466 855 2690 941 preter
2715 854 3016 917 nostram
3051 844 3399 939 propriam
3438 868 3799 943 personam
3831 852 3971 924 ali—

1156 966 1329 1063 quid
1348 967 1526 1060 juris
1560 968 1674 1040 vel
1702 967 1949 1059 judicii
1978 968 2229 1057 habeat
2265 969 2374 1041 vel
2397 967 2529 1040 sibi
2558 967 2630 1038 in
2659 977 3008 1063 posterum
3045 989 3383 1063 usurpare
3407 985 3786 1065 presumat.
3829 976 3969 1047 Vo-

1156 1095 1389 1165 lumus
1421 1092 1629 1165 etiam
1664 1103 1743 1164 ut
1777 1093 1837 1164 si
1869 1093 2027 1186 quis
2063 1093 2137 1164 in
2177 1094 2327 1165 vite
2358 1092 2668 1191 periculo
2698 1092 3106 1165 constitutus
3141 1093 3213 1164 in
3239 1104 3502 1167 curtem
3524 1117 3649 1169 seu
3687 1098 3968 1170 domum

1156 1216 1589 1289 claustralem
1621 1216 2041 1307 confugerit,
2080 1216 2177 1288 ibi
2213 1217 2304 1288 ab
2328 1216 2515 1287 omni
2552 1224 2990 1310 persecutore
3015 1224 3085 1286 et
3104 1214 3346 1307 judice
3379 1217 3466 1289 sit
3496 1241 3807 1311 fflcurus,
3845 1242 3970 1294 nec

1150 1337 1406 1431 aliquis
1430 1357 1592 1409 eum
1619 1337 1784 1411 inde
1807 1347 2157 1432 presumat
2173 1338 2472 1411 educere
2499 1339 2854 1411 violenter.
2882 1338 3234 1411 Familiam
3259 1340 3465 1412 etiam
3486 1344 3965 1416 canonicorum

1152 1462 1386 1533 nullus
1422 1459 1673 1534 habeat
1698 1460 2013 1553 judicare
2042 1461 2174 1533 nisi
2205 1460 2465 1533 familie
2499 1460 2820 1533 dominus
2847 1460 2960 1534 vel
2990 1459 3322 1534 decanus.
3362 1463 3675 1537 Ceterum
3700 1475 3922 1539 curtes
3941 1520 3961 1558 ,

1150 1584 1544 1657 molendina
1591 1592 1661 1655 et
1708 1582 1951 1657 domos
1993 1605 2132 1678 que
2165 1584 2452 1657 ecclesie
2487 1584 2880 1679 supradicte
2929 1584 3042 1657 vel
3078 1586 3425 1658 canonicis
3470 1588 3854 1681 specialiter
3897 1605 3968 1663 et

1146 1706 1563 1801 integraliter
1589 1707 1930 1802 pertinere
1955 1717 2355 1793 noscuntur,
2378 1708 2471 1780 ab
2502 1707 2826 1780 omnibus
2852 1708 3184 1803 precariis
3207 1718 3277 1781 et
3308 1709 3516 1781 talliis
3542 1732 3625 1782 ac
3648 1712 3966 1784 exactio-

1147 1830 1354 1902 nibus
1381 1851 1553 1922 quas
1576 1829 1733 1902 laici
1771 1830 1940 1903 dare
1962 1832 2207 1921 solent,
2241 1831 2492 1904 liberos
2518 1852 2668 1903 esse
2700 1830 3137 1904 decernimus
3159 1842 3228 1904 et
3258 1832 3625 1906 immunes.
3645 1835 3731 1907 Ut
3756 1835 3966 1926 igitur

1147 1951 1276 2023 bec
1297 1960 1551 2025 statuta
1578 1960 1647 2023 et
1675 1951 2166 2047 prohibitiones
2185 1962 2412 2026 nostre
2437 1954 2833 2045 majestatis,
2849 1976 3023 2048 quas
3045 1964 3325 2049 propter
3340 1957 3669 2029 honorem
3691 1959 3962 2031 Domini

1147 2084 1217 2148 et
1239 2075 1332 2147 ob
1356 2078 1643 2148 salutem
1670 2086 1969 2148 nostram
2001 2097 2127 2172 pro
2164 2076 2528 2150 commodo
2563 2087 2633 2150 et
2676 2077 2967 2150 utilitate
2996 2078 3441 2151 Goslariensis
3474 2080 3763 2153 ecclesie
3793 2103 3964 2153 san-

1148 2196 1468 2286 civimus,
1497 2197 1708 2271 robur
1733 2198 2090 2271 obtineant
2123 2198 2353 2271 debite
2386 2209 2458 2273 et
2484 2210 2819 2296 perpetue
2860 2200 3225 2292 firmitatis,
3266 2203 3565 2296 presenti
3600 2204 3962 2299 privilegio

1146 2341 1263 2392 eas
1302 2321 1587 2392 fecimus
1614 2322 1965 2412 annotari,
2005 2321 2208 2416 sigilli
2241 2323 2452 2395 nostri
2479 2324 2862 2396 munimine
2886 2324 3282 2398 roborantes
3310 2325 3615 2400 easdem.

1239 2446 1469 2518 Testes
1485 2445 1583 2517 hii
1614 2456 1774 2518 sunt
1812 2473 1829 2516 ε
1865 2446 2157 2518 Sifridus
2186 2447 2749 2542 archiepiscopus
2774 2448 3255 2540 Magantinus,
3292 2449 3728 2523 Burchardus
3759 2453 3962 2546 Mag-

1139 2565 1596 2660 deburgensis
1623 2568 1912 2658 electus,
1953 2570 2381 2641 venerabiles
2413 2568 2672 2643 domini
2694 2571 3073 2643 Ekebertus
3104 2573 3732 2666 Babenbergensis,
3782 2578 3961 2648 Her-

1139 2711 1434 2763 mannus
1468 2690 2015 2786 Herbipolensis,
2054 2691 2463 2765 Ekehardus
2495 2692 3111 2786 Merseburgensis,
3147 2695 3625 2784 Engelhardus
3646 2699 3956 2772 Nuwen-

1136 2814 1537 2908 burgensis,
1576 2813 1930 2887 Conradus
1954 2814 2504 2908 Osnaburgensis
2537 2816 2881 2912 episcopi,
2922 2817 3080 2888 Otto
3100 2816 3250 2888 dux
3273 2817 3590 2891 Bawarie
3616 2820 3958 2913 palatinus

1140 2957 1369 3008 comes
1399 2937 1567 3007 Reni
1584 2988 1604 3025 ,
1642 2934 1964 3010 Albertus
1991 2938 2142 3010 dux
2167 2939 2501 3029 Saxonie,
2538 2939 2903 3011 Heinricus
2930 2960 3160 3012 comes
3185 2939 3466 3013 Ascarie
3505 2953 3575 3013 et
3597 2943 3957 3015 Heinricus

1141 3058 1324 3130 filius
1391 3081 1594 3148 suus,
1652 3061 2010 3132 Heinricus
2058 3060 2510 3155 landgravius
2559 3060 2969 3153 Thuringie,
3020 3064 3451 3135 Hermannus
3511 3065 3818 3138 marchio
3865 3065 3957 3140 de

1137 3180 1398 3270 Baden,
1417 3181 1777 3254 Heinricus
1792 3182 2098 3256 marchio
2126 3184 2215 3256 de
2240 3183 2486 3274 Misne,
2519 3181 2877 3255 Conradus
2902 3182 3320 3275 burgravius
3346 3186 3437 3259 de
3456 3187 3946 3279 Nuremberch,

1136 3302 1575 3377 Burchardus
1630 3305 2047 3397 burgravius
2102 3304 2756 3398 Magdeburgensis,
2807 3326 3039 3378 comes
3082 3306 3277 3398 Egno
3324 3308 3414 3380 de
3454 3308 3711 3400 Urach,
3772 3312 3954 3382 Bur-

1136 3427 1436 3501 chardus
1482 3437 1550 3500 et
1592 3428 2034 3501 Gevehardus
2082 3431 2322 3501 fratres
2359 3429 2450 3501 de
2497 3427 3025 3519 Querenvorde,
3078 3429 3236 3501 Otto
3267 3450 3496 3502 eomes
3531 3431 3621 3504 de
3643 3434 3952 3506 Ravens-

1136 3550 1382 3642 berch,
1428 3550 1785 3624 Heinricus
1814 3551 1903 3624 de
1926 3553 2152 3643 Nifen,
2190 3551 2543 3624 Conradus
2559 3553 2885 3646 pincerna
2916 3553 3005 3625 de
3033 3553 3574 3640 Wintersteden,
3618 3557 3953 3629 Henricus

1135 3674 1552 3746 camerarius
1604 3675 1694 3747 de
1744 3675 2231 3748 Ravensburch
2250 3729 2272 3767 ,
2310 3676 2676 3748 Heinricus
2729 3676 3144 3748 marscalcus
3202 3675 3294 3749 de
3342 3677 3844 3773 Bappenheim,
3885 3691 3952 3753 et

1136 3795 1254 3868 alii
1291 3797 1756 3891 quamplures.

1234 3917 1479 3990 Actum
1526 3939 1710 3991 anno
1766 3919 2109 3993 dominice
2152 3920 2639 3993 incarnationis
2676 3921 3040 3993 millesimo
3085 3922 3552 3995 ducentesimo
3594 3924 3946 4015 XXX1111,

1141 4041 1351 4117 tercio
1411 4062 1628 4114 nonas
1675 4043 1866 4134 julii,
1922 4043 2298 4116 indictione
2352 4043 2679 4135 septima,
2743 4064 2926 4116 anno
2979 4065 3148 4116 vero
3200 4046 3395 4136 regni
3449 4046 3658 4117 nostri
3707 4056 3951 4139 quarto

1140 4163 1435 4238 decimo.

1233 4290 1482 4361 Datum
1512 4288 1704 4385 apud
1730 4287 2214 4379 Aldenburch,
2256 4309 2474 4378 anno,
2509 4308 2778 4378 mense,
2811 4287 3189 4361 indictione
3220 4289 3617 4383 prenotatis.

1236 4410 1527 4506 Signum
1556 4411 1817 4486 domini
1848 4411 2147 4486 Heinrici
2174 4414 2634 4484 Romanorum
2659 4410 2843 4505 regis
2873 4409 3330 4485 invictissimi.
3370 4410 3949 4511 (Monoqramma.)
