4842 5802
867 631 1062 690 lsnrcr.
1100 629 1184 704 7.]
1768 627 2163 688 HISTORIA
2214 625 2796 689 DlPLOMATICA.
3570 623 3690 684 677

1305 898 1903 909 m—--—-—-—
1912 899 3058 910 -ῳο-..υαῲ-*οἭ--ε-
3071 902 3169 909 -—-..
3183 901 3260 909 0——

970 1134 1339 1215 Henricus
1366 1193 1390 1238 ,
1447 1133 1969 1215 Romanorum
2024 1159 2196 1239 rex,
2237 1142 2507 1216 notum
2541 1133 2724 1215 facit
2758 1134 3004 1243 quod,
3045 1135 3145 1216 ad
3186 1135 3683 1218 imitationem

864 1266 1102 1375 patris
1146 1267 1262 1346 sui
1301 1266 1826 1348 Romanorum
1872 1265 2385 1374 imperatoriS,
2428 1267 2699 1349 fratres
2735 1269 3012 1351 domus
3050 1268 3685 1350 Theutonioorum

868 1398 1187 1479 Sanctae
1222 1397 1559 1481 Mariae
1540 1424 1619 1477 ιιι
1669 1397 2086 1479 Jerusalem
2125 1397 2223 1480 ab
2276 1399 2489 1480 omni
2541 1400 2866 1509 pedagio
2919 1413 2991 1483 et
3038 1400 3388 1483 theloneo
3438 1401 3516 1481 in
3572 1400 3683 1481 fi-

868 1530 1095 1613 nibus
1132 1530 1349 1640 regni
1387 1529 1505 1612 sui
1542 1529 1822 1613 liberos
1860 1531 2273 1613 constituit.

1030 1747 1219 1819 (Edit.
1264 1749 1327 1807 in
1362 1744 1810 1826 Brandmburq.
1850 1744 2442 1824 Usurpatiom-Gesclz.
2464 1791 2481 1822 ,
2513 1765 2573 1824 p.
2624 1757 2767 1820 1013
2810 1765 2971 1810 nunc
3015 1750 3295 1811 collatum
3337 1766 3473 1811 cum
3516 1753 3683 1828 copia

1104 1853 1444 1914 authentica
1468 1857 1532 1914 in
1560 1854 1799 1915 archivo
1826 1854 2289 1934 stuttgartensi.)

961 2038 1339 2129 HenricuS,
1390 2040 1512 2111 Dei
1570 2040 1789 2133 gratia
1835 2040 2294 2112 Romanorum
2330 2061 2458 2112 rex
2495 2047 2565 2111 et
2606 2060 2875 2134 semper
2911 2048 3284 2131 augustus,
3339 2040 3682 2112 universis

864 2163 1132 2257 imperii
1170 2161 1494 2235 fidelibus
1534 2174 1603 2235 et
1653 2163 1966 2235 officiatis
2003 2164 2181 2235 hanc
2233 2163 2526 2235 litteram
2577 2162 2985 2257 inspecturis
3029 2162 3315 2255 gratiam
3363 2184 3558 2234 suam
3613 2173 3681 2235 et

862 2306 1064 2358 omne
1119 2286 1403 2358 bonum.
1463 2286 1633 2357 Cum
1679 2286 1911 2359 dilecti
1959 2285 2197 2358 fideles
2260 2286 2474 2358 nostri
2526 2288 2765 2357 fratres
2812 2285 3060 2357 domus
3107 2284 3676 2358 Theutonioorum

861 2410 1109 2483 Sancte
1142 2411 1357 2482 Marie
1400 2411 1471 2481 in
1510 2412 1885 2483 Jerusalem
1927 2432 1968 2482 a
2001 2411 2440 2483 serenissimo
2472 2409 2754 2483 domino
2801 2409 3204 2503 imperatore
3240 2409 3673 2502 privilegium

864 2534 1162 2606 habeant
1198 2528 1501 2628 speciale
1542 2544 1621 2606 ut
1653 2535 1920 2606 nullum
1948 2533 2360 2629 pedagium,
2408 2535 2676 2605 nullum
2711 2533 3053 2605 teloneum
3087 2532 3176 2605 de
3209 2533 3516 2627 personis
3559 2536 3671 2606 vel

861 2660 1068 2730 rebus
1102 2660 1248 2731 suis
1279 2661 1545 2732 solvere
1581 2668 1979 2748 teneantur,
2028 2680 2331 2753 cumque
2362 2680 2486 2753 per
2510 2657 2762 2731 devota
2796 2658 3128 2751 obsequia
3152 2680 3277 2730 sua
3312 2681 3448 2753 que
3473 2660 3672 2731 nobis

861 2792 928 2854 et
961 2784 1246 2878 imperio
1274 2782 1389 2855 die
1426 2793 1773 2877 noctuque
1792 2783 2150 2869 exhibent,
2179 2782 2558 2855 meruerint
2587 2790 2657 2853 et
2680 2782 3051 2876 promereri
3077 2782 3343 2876 possint
3372 2783 3441 2853 in
3471 2792 3670 2855 antea

858 2919 935 2981 ut
968 2908 1070 2980 eis
1106 2908 1196 2981 de
1224 2909 1652 3001 benignitate
1691 2908 1881 3000 regia
1918 2917 2272 2980 teneamur
2301 2908 2525 2979 facere
2556 2907 2843 3000 gratiam
2877 2906 3276 3001 specialem,
3319 2907 3672 2981 universi-

859 3033 977 3104 tati
1015 3040 1242 3105 vestre
1272 3041 1505 3104 tenore
1528 3031 1947 3126 presentium
1977 3031 2309 3104 volumus
2346 3038 2583 3102 notum
2625 3051 2776 3102 esse
2807 3029 2997 3124 quod
3036 3051 3163 3101 nos
3193 3031 3283 3102 ab
3320 3033 3510 3103 omni
3543 3055 3672 3127 pe-

859 3156 1064 3250 dagio
1101 3164 1172 3227 et
1204 3155 1294 3227 ab
1322 3155 1515 3227 omni
1551 3177 1806 3248 genere
1848 3153 2147 3227 thelonei
2185 3155 2257 3225 in
2290 3152 2549 3226 finibus
2579 3154 2770 3245 regni
2805 3156 3014 3226 nostri
3046 3154 3391 3249 predictos
3436 3157 3675 3229 fratres

858 3281 1106 3353 domus
1135 3279 1714 3352 Theutonioorum
1741 3279 2114 3351 eximimus
2138 3288 2209 3351 et
2235 3279 2487 3351 liberos
2505 3279 3027 3368 constituimus;
3065 3279 3255 3370 regia
3268 3281 3671 3353 anctoritate

856 3403 1268 3477 mandantes
1303 3403 1505 3475 vobis
1531 3410 1600 3474 et
1624 3404 1758 3475 sub
1794 3424 1973 3497 pena
2002 3403 2221 3494 gratie
2253 3413 2483 3475 nostre
2516 3402 2905 3475 firmissime
2933 3403 3386 3498 precipientes
3414 3412 3491 3474 ut
3521 3406 3670 3476 nul-

856 3530 967 3600 lus
1026 3528 1116 3599 sit
1165 3529 1283 3621 qui
1343 3536 1731 3621 prenotatos
1783 3527 2023 3599 fratres
2072 3527 2145 3597 in
2194 3528 2323 3599 hac
2370 3527 2589 3620 gratia
2639 3535 2872 3599 nostra
2910 3535 3259 3619 presumat
3307 3529 3665 3600 occasione

858 3651 1093 3743 aliqua
1147 3650 1507 3744 impedire.
1550 3650 1754 3734 Quod
1796 3650 1917 3744 qui
1957 3650 2195 3722 fecerit
2227 3649 2770 3744 indignationem
2820 3659 3122 3722 nostram
3171 3671 3247 3722 se
3282 3652 3528 3723 sentiet
3558 3652 3664 3723 in-

859 3774 1177 3846 currisse.
2146 3753 2151 3756 v

950 3898 1200 3968 Datum
1258 3895 1443 3991 apud
1491 3897 1925 3988 Nurimberc,
1979 3918 2162 3970 anno
2203 3895 2547 3969 dominice
2599 3895 3085 3969 incarnationis
3142 3895 3654 3990 MCCXXXHII,

854 4021 918 4092 X
952 4020 1284 4094 kalendas
1316 4021 1760 4116 septembris,
1804 4021 2178 4094 indictione
2199 4020 2407 4093 Vllm.

957 4572 1367 4681 HenricuS,
1433 4574 1952 4656 Romanorum
2019 4597 2147 4656 rex
2165 4635 2188 4679 ,
2259 4571 2625 4655 fratribus
2687 4573 2964 4654 domus
3027 4573 3661 4657 Theutonioorum

859 4703 1174 4788 Sanctae
1216 4706 1497 4791 Mariae
1548 4706 1630 4787 in
1678 4705 2088 4789 Jerusalem
2145 4705 2350 4814 apud
2401 4703 2882 4814 Nurenberg,
2943 4715 3248 4814 propter
3299 4705 3663 4817 obsequia

3761 1184 3859 1228 Nur

3852 1133 3976 1186 Apud

3807 1188 4027 1238 arimberg
4048 1219 4058 1237 ,

3852 1251 3973 1293 ιιιιιις
3945 1244 4049 1282 usti.

3823 4616 3950 4669 Apud

3793 4671 4026 4723 urimbcrffi

3826 4728 4017 4776 magu-ti.
