4842 5802
849 656 1071 715 *humera
1105 651 1194 735 8.]
1789 649 2178 711 HISTORIA
2231 647 2818 712 DIPLOMATmA.
3584 649 3693 710 701

881 787 1071 861 omni
1103 784 1450 857 exactioni
1478 792 1547 856 et
1570 784 2062 879 impedimento
2093 784 2402 878 quolibet
2430 782 2766 879 (cuilibet)
2803 781 2993 877 quod
3018 803 3143 878 per
3174 802 3303 855 vos
3331 791 3401 855 et
3435 794 3701 858 nostros

881 909 1243 1003 hucusque
1270 908 1545 998 habuit,
1584 918 1653 979 et
1682 906 2241 1000 recognoscimus
2270 906 2472 979 villas
2509 917 2775 979 notatas
2805 928 2931 979 sue
2961 905 3248 977 ecclesie
3278 905 3594 995 attinere,
3630 915 3702 981 et

883 1030 1109 1129 imum
1160 1032 1233 1103 in
1275 1030 1781 1126 wionem
1810 1030 2151 1110 mittimus
2196 1029 2645 1121 earumdem,
2666 1039 2752 1103 -et
2785 1030 3582 1103 renunciamus‘monete
3625 1031 3698 1101 in

881 1155 1299 1243 Swinfurth13
1343 1156 1544 1247 signa
1577 1153 1880 1233 forensia
1909 1153 1982 1224 in
2014 1154 2179 1227 villa
2207 1154 2651 1226 Tutensteten
2668 1165 2747 1227 et
2774 1153 2938 1226 alibi
2974 1152 3229 1247 deponi
3263 1163 3524 1225 remota
3547 1175 3697 1225 am-

881 1279 1214 1372 biguitate
1237 1278 1546 1371 qualibet
1574 1286 1984 1365 statuentes,
2021 1287 2091 1349 et
2111 1294 2240 1348 vos
2265 1278 2726 1351 universos'et
2755 1278 3066 1370 singulos
3108 1287 3177 1347 et
3223 1277 3396 1348 alios
3433 1288 3702 1350 nostros

884 1402 1195 1475 homines
1222 1401 1311 1474 ab
1331 1401 1670 1481 hactenus
1692 1400 1834 1471 sibi‘
1855 1400 2059 1473 illatis
2085 1400 2355 1490 injuriis
2378 1410 2448 1471 et
2474 1401 2990 1492 gravaminibus
3018 1422 3141 1494 per
3159 1408 3515 1493 optentum
3542 1423 3699 1493 gra·

883 1525 974 1596 tie
1029 1534 1254 1596 nostre
1304 1533 1842 1618 compescentes.
1897 1523 2307 1596 Mandamus
2354 1524 2568 1616 igitur
2592 1524 3018 1596 auctoritate
3056 1524 3245 1615 regia
3313 1522 3700 1597 firmissime

881 1648 1082 1720 vobis
1115 1648 1570 1742 precipientes
1621 1648 1951 1740 quatinus
1982 1646 2245 1745 dictum
2298 1647 2681 1741 principem
2722 1658 3064 1737 nostrum,
3115 1647 3472 1719 ecclesiam
3504 1670 3699 1721 suam

883 1781 951 1843 et
980 1793 1220 1844 omnes
1242 1771 1741 1861 jurisdictionis
1772 1791 1897 1842 sue
1927 1771 2243 1843 homines
2275 1771 2346 1842 in
2375 1772 2808 1844 libertatibus
2838 1781 2908 1842 et
2933 1771 3257 1842 omuibus
3296 1790 3534 1843 eorum
3576 1774 3702 1863 ju-

884 1894 1075 1966 ribus
1103 1895 1424 1989 'amplius
1475 1915 1613 1966 non
1663 1893 2002 1986 gravetis,
2062 1893 2242 1966 sicut
2290 1893 2549 1988 regiam
2622 1893 2911 1987 diligitis
2965 1894 3255 1986 gratiam
3301 1895 3695 1989 specialem.

885 2018 1148 2089 Scituri·
1176 2018 1366 2111 quod
1398 2018 1824 2111 quicumque
1863 2025 2167 2089 vestrum
2215 2026 2449 2089 contra
2488 2017 2886 2108 hujusmodi
2940 2016 3338 2089 mandatum
3378 2038 3537 2088 eum
3586 2018 3699 2089 vel

883 2162 1044 2227 suos
1071 2142 1348 2225 turbare
1379 2141 1850 2234 presumserit,
1891 2140 2224 2213 offensam
2253 2141 2395 2213 lese
2432 2141 2693 2214 senciet
2727 2141 3121 2231 majestatis.
3160 2142 3247 2210 Et
3269 2141 3591 2213 volumus
3622 2150 3702 2213 ut

883 2286 1004 2358 per
1034 2265 1422 2341 sentencias
1462 2265 1819 2337 coherceat
1864 2283 2136 2350 omnes,
2177 2264 2540 2336 universos
2578 2274 2650 2336 et
2684 2264 3027 2356 singulm,
3090 2264 3216 2357 qui
3248 2263 3347 2353 ei,
3412 2266 3698 2339 ecclesie

883 2409 1008 2460 sue
1050 2397 1172 2461 aut
1215 2389 1362 2477 suis
1411 2388 1706 2460 lesiones
1739 2387 2091 2459 intulerint
2140 2397 2263 2461 aut
2303 2398 2695 2483 procurant.
2748 2390 3203 2461 Reservamus
3235 2397 3467 2462 autem
3498 2390 3698 2462 nobis

877 2513 992 2602 jus
1018 2510 1210 2604 quod
1237 2511 1309 2582 in
1345 2511 1510 2585 villa
1546 2509 2000 2583 Gochesheim
2024 2511 2115 2583 ab
2137 2512 2424 2605 antiquo
2447 2512 2871 2584 dinoscimur
2900 2511 3249 2583 habuisse.
3286 2512 3368 2583 Et
3391 2524 3468 2583 ut
3490 2513 3607 2604 huj
3618 2536 3699 2586 us

883 2636 1430 2708 renunciacionis
1464 2646 1531 2707 et
1560 2634 2057 2728 recognicionis
2089 2637 2342 2730 pagina
2377 2646 2448 2710 et
2474 2636 2802 2739 memoria
2839 2636 3087 2706 futuris
3128 2636 3548 2731 temporibus
3570 2636 3695 2709 ha·

885 2759 1159 2849 beatur,
1197 2771 1266 2832 et
1295 2759 1358 2830 ei
1396 2768 1465 2831 et
1502 2758 1791 2831 ecclesie
1822 2778 1949 2830 sue
1971 2780 2109 2852 que
2140 2759 2459 2854 superius
2494 2769 2654 2830 sunt
2680 2780 3005 2854 expressa
3043 2759 3527 2833 inviolabiliter
3557 2763 3698 2834 ob·—

885 2892 1278 2974 serventur,
1323 2905 1609 2979 presens
1642 2882 1972 2978 scriptum
2004 2882 2213 2977 sigilli
2242 2883 2454 2956 nostri
2484 2882 2866 2955 munimine
2895 2882 3184 2957 fecimus
3215 2884 3544 2958 roborari.

976 3011 1149 3082 Data
1183 3010 1427 3102 Houge
1470 3008 1612 3099 (4),
1652 3029 1836 3080 anno
1871 3007 2146 3080 Domini
2170 3009 2265 3081 Μο
2296 3007 2421 3079 CC⁰
2447 3007 2845 3090 xxxlnl¹⁰,
2893 3008 2988 3080 Xl
3034 3008 3365 3082 kalendas
3410 3009 3699 3084 decem-—

884 3131 1060 3221 bris,
1097 3131 1476 3204 indictione
1507 3139 1777 3203 octava.

989 3627 1398 3736 Henricus,
1445 3633 1966 3718 Romanorum
2001 3660 2130 3718 rex
2149 3695 2173 3741 ,
2232 3635 2591 3718 ecclesiae
2626 3636 2881 3720 Sancti
2915 3637 3281 3721 Iohannis
3316 3638 3395 3720 in
3432 3641 3699 3752 Houge

883 3761 1439 3846 ordinationem
1504 3765 2040 3852 Emhrichonis
2109 3768 2725 3879 wirzburgensis
2794 3768 2981 3851 olim
3048 3771 3426 3879 episcopi,
3496 3801 3700 3859 anno

889 3895 928 3974 1
942 3896 1095 3975 150
1150 3905 1513 3979 statutam
1528 3959 1552 4003 ,
1592 3901 2032 3983 renovando
2101 3901 2549 4009 confirmat3
2597 3903 2671 3986 vi
2742 3901 2961 4011 cujus
2977 3963 3000 4009 ‚
3042 3905 3454 3988 mandante
3522 3934 3697 4019 rege

882 4022 1274 4134 Lothario‚
1334 4055 1686 4113 excessus
1737 4032 2219 4143 Regenhardi
2274 4035 2370 4116 de
2423 4035 2623 4117 Ense
2647 4096 2671 4142 ,
2718 4036 3062 4119 advocati
3110 4038 3491 4146 praefatae
3553 4067 3695 4122 ec—

883 4154 1181 4265 clesiae,
1223 4160 1302 4240 in
1340 4161 1542 4244 villis
1580 4163 1929 4271 diversis,
1969 4165 2050 4245 in
2087 4192 2286 4276 pago
2321 4166 2797 4277 Badengowe
2834 4168 2994 4252 sitis
3011 4231 3034 4276 ‚
3075 4183 3586 4281 removentur,
3625 4184 3701 4256 et

883 4285 1024 4395 ipsi
1069 4302 1145 4373 et
1177 4291 1632 4377 haeredibus
1677 4295 1880 4405 ejuS‚
1924 4306 2223 4380 tantum
2277 4325 2366 4381 ex
2414 4300 2698 4410 gratia,
2760 4310 2965 4383 certa
3015 4303 3401 4411 quantitas
3457 4307 3699 4389 servi-

886 4418 1164 4503 tiorum
1203 4424 1347 4507 sub
1385 4427 1867 4510 anathemate
1902 4429 2384 4540 relinquitur.

894 4583 1379 4602 *mmm-”0—
1389 4596 1452 4602 -ο-
1461 4595 1508 4603 -ffi
1528 4598 1535 4602 0

3158 4604 3562 4615 ..—-.--·—--—..-,....
3585 4610 3688 4620 „,-

958 4655 1030 4807 (ἑ)
1062 4657 1279 4716 Scilicet
1311 4662 1604 4721 claustrum
1631 4665 1823 4740 Hauq,
1869 4666 2027 4725 hodie
2063 4667 2203 4724 intra
2241 4682 2427 4724 muros
2461 4667 2689 4725 civitatis
2734 4668 3135 4742 Herbipolensis
3177 4671 3361 4728 situm.
3410 4673 3488 4730 Cl'.
3533 4680 3571 4731 t.
3614 4678 3693 4747 11,

885 4766 942 4823 p.
1006 4758 1103 4826 86,
1136 4762 1249 4815 not.
1277 4762 1331 4814 4.

3812 3660 3860 3701 In
3882 3663 4061 3703 civitate

3810 3714 4069 3767 Herbipoli,

3756 3768 3811 3810 2³
3848 3769 4119 3811 novembris.
