4842 5802
845 589 1039 649 lumen
1075 588 1161 664 9.]
1743 589 2139 650 HISTORIA
2190 588 2774 649 mPLOMATICA.
3550 587 3670 649 857

845 722 905 794 si
931 744 1178 794 manus
1203 722 1277 793 in
1301 745 1453 795 eam
1493 724 1762 796 mittere
1796 724 2163 820 potuisset,
2203 724 2417 796 ubera
2445 725 2597 814 eJus
2633 723 2872 795 infelix
2909 724 3117 796 homo
3154 722 3508 818 precidere
3530 723 3662 794 mi-

845 844 1160 918 nabatur.
1200 847 1287 917 Et
1333 847 1465 918 nisi
1499 847 1590 919 ad
1634 858 1702 919 te
1737 847 2064 920 dilectum
2101 846 2482 942 principem
2524 857 2833 918 nostrum
2886 857 2956 919 et
2992 848 3266 920 affinem
3303 846 3657 920 habuisset

844 970 1269 1063 confugium,
1301 993 1460 1042 cum
1491 972 1775 1043 consilio
1808 982 1928 1044 tuo
1952 971 2390 1067 postmodum
2411 969 2504 1043 ad
2529 970 2937 1065 presentiam
2959 981 3257 1043 nostram
3283 970 3649 1062 accedeus,

845 1111 981 1161 non
1018 1090 1301 1167 haberet
1336 1095 1455 1166 ubi
1493 1103 1704 1190 caput
1734 1104 1920 1168 tante
1947 1077 2319 1166 nobilitatis
2355 1092 2639 1165 domina
2665 1094 3059 1182 reclinaret;
3116 1115 3256 1187 que
3287 1094 3655 1189 lachrymis

847 1213 1034 1307 apud
1068 1217 1290 1288 Deum
1327 1225 1396 1288 et
1427 1238 1554 1288 nos
1594 1217 1890 1289 clamore
1921 1217 2247 1290 continuo
2279 1215 2606 1310 querula,
2653 1237 2791 1287 non
2849 1225 3070 1288 cessat
3114 1215 3462 1306 justiciam
3522 1216 3654 1288 sibi

847 1336 1182 1412 adversus
1212 1350 1351 1412 tam
1390 1341 1781 1436 improbum
1808 1340 2029 1413 filium
2059 1341 2449 1435 implorare.
2471 1339 2614 1411 Nec
2640 1361 3008 1433 possumus
3036 1340 3305 1412 silentio
3331 1341 3658 1435 preterire

844 1462 1140 1554 qualiter
1167 1463 1632 1537 marchionem
1662 1465 2102 1556 Misuensem,
2129 1464 2263 1535 sibi
2296 1484 2528 1536 sorore
2546 1486 2674 1536 sua
2703 1464 2949 1559 nuptui
2981 1463 3252 1554 tradita,
3284 1473 3353 1535 et
3384 1464 3455 1535 in
3480 1474 3658 1537 terra

848 1606 975 1657 sua
1010 1588 1273 1682 nuptiis
1310 1588 1703 1676 celebratis,
1748 1611 1907 1660 cum
1942 1589 2167 1682 prima
2209 1587 2386 1658 thori
2431 1586 2689 1681 gaudia
2734 1588 3089 1677 coluisset,
3143 1607 3511 1680 aggressus
3553 1598 3659 1661 est

845 1729 965 1781 eos
1003 1710 1071 1781 in
1109 1712 1284 1783 lecto
1318 1712 1543 1784 nudos
1579 1720 1649 1784 et
1692 1733 1977 1805 surgere
2013 1732 2150 1782 non
2198 1710 2538 1806 permisit,
2594 1710 2815 1782 donec
2860 1731 2979 1781 eos
3021 1710 3091 1779 in
3142 1710 3465 1782 manibus
3505 1710 3657 1801 ejus

845 1853 1117 1906 omnem
1146 1834 1375 1907 dotem
1414 1845 1483 1906 et
1510 1836 1628 1927 jus
1660 1834 1750 1907 de
1784 1834 2041 1928 quibus
2078 1836 2436 1907 tenebatur
2486 1834 2586 1905 eis
2629 1854 2754 1928 pro
2806 1833 3165 1926 maritagio
3199 1833 3649 1929 respondere,

845 1960 1151 2052 oportuit
1204 1958 1589 2031 necessario
1634 1960 2014 2048 remisisse,
2069 1967 2304 2031 contra
2348 1958 2782 2029 securitatem
2827 1958 2956 2027 sibi
3004 1958 3407 2051 promissam
3462 1959 3655 2051 quod

841 2078 1103 2152 nullam
1138 2082 1422 2154 deberet
1451 2082 1551 2154 eis
1591 2082 1988 2176 petitionem
2023 2084 2246 2154 facere
2280 2083 2393 2153 vel
2430 2081 2896 2153 remissionem
2931 2081 3232 2174 aliquam
3264 2083 3649 2177 postulare;

846 2213 1030 2275 metu
1062 2204 1345 2299 insuper
1374 2205 1649 2277 incusso
1687 2203 1789 2298 (a)
1827 2204 2385 2276 ministerialibus
2431 2205 2576 2276 suis
2617 2204 2807 2297 quod
2846 2205 3080 2274 nullus
3126 2203 3477 2294 evaderet,
3521 2206 3654 2277 nisi

842 2325 1178 2419 quicquid
1207 2328 1494 2422 petierat
1517 2329 2009 2423 compleretur3
2040 2336 2121 2398 ut
2147 2328 2281 2398 sibi
2318 2337 2387 2400 et
2418 2328 2572 2398 aliis
2595 2327 2742 2398 suis
2768 2327 3028 2398 intimis
3049 2337 3441 2421 persecutor
3464 2338 3534 2400 et
3558 2339 3658 2425 ty-

843 2470 1101 2522 rannus
1115 2450 1204 2522 ab
1219 2452 1538 2523 omnibus
1567 2453 1638 2523 in
1659 2452 2008 2524 communi
2027 2472 2310 2545 operum
2321 2450 2590 2541 judicio
2611 2460 3024 2523 censeretur.
3043 2451 3312 2534 Quibus
3334 2452 3656 2525 omnibus

841 2575 1170 2665 lacessiti,
1214 2597 1369 2646 cum
1394 2584 1582 2647 tanta
1605 2575 1695 2647 sit
1726 2576 1944 2669 ipsius
1976 2574 2305 2668 iniquitas
2327 2575 2518 2666 quod
2542 2595 2677 2644 non
2707 2573 2921 2668 possit
2957 2574 3234 2646 veniam
3256 2577 3650 2668 promereri,

840 2696 932 2768 ad
969 2707 1066 2770 tot
1098 2698 1576 2791 queremonias
1612 2698 2006 2792 principum
2043 2697 2118 2768 in
2143 2707 2373 2769 nostra
2411 2697 2753 2791 presentia
2787 2696 3174 2792 replicatae,
3212 2697 3304 2769 ad
3340 2699 3658 2790 querelas

838 2830 908 2892 et
939 2822 1325 2918 lachrymas
1355 2824 1592 2894 matris
1621 2843 1746 2895 sue
1771 2821 2064 2917 petentis
2086 2820 2176 2893 de
2201 2831 2431 2892 nostra
2461 2819 2628 2892 sede
2652 2820 3036 2912 judicium,
3069 2821 3163 2892 ad
3196 2820 3657 2918 lachrymosas

836 2967 1043 3019 voces
1089 2948 1420 3020 nobilium
1479 2958 1549 3020 et
1598 2947 2074 3042 popularium,
2137 2946 2604 3041 orphanorum
2646 2955 2717 3017 et
2762 2945 3170 3035 viduarum,
3231 2955 3301 3017 et
3349 2947 3658 3018 omnium

838 3070 1368 3143 inhabitantium
1397 3081 1648 3144 terram
1681 3093 1878 3143 suam
1899 3125 1918 3162 ,
1956 3093 2189 3144 coram
2212 3073 2354 3142 Deo
2376 3081 2445 3142 et
2468 3071 2672 3143 nobis
2707 3070 3149 3141 clamantium
3173 3081 3408 3143 contra
3444 3093 3604 3143 eum
3629 3099 3649 3162 3

837 3192 1267 3266 attendentes
1286 3196 1569 3290 insuper
1596 3196 1893 3267 offensas
1915 3205 2181 3267 nostras
2204 3205 2273 3266 et
2301 3194 2571 3289 imperii
2594 3215 2716 3288 per
2745 3215 2903 3265 eum
2929 3193 3242 3286 nequiter
3263 3203 3649 3284 attentatas,

839 3314 930 3386 ad
962 3317 1378 3408 condignam
1421 3318 1908 3390 correctionem
1939 3316 2288 3408 ejusdem,
2344 3317 2999 3408 exigentejusticia,
3042 3317 3376 3389 duximus
3412 3318 3654 3390 insur-

837 3436 1177 3530 gendum,
1210 3440 1605 3535 responsuri
1640 3442 1848 3510 stulto
1886 3438 1979 3533 (b)
2015 3438 2399 3511 secundum
2433 3440 2800 3512 stulticiam
2831 3461 3025 3511 suam
3050 3491 3069 3528 ,
3100 3460 3188 3510 ne
3221 3441 3498 3534 sapiens
3520 3442 3650 3512 sibi

840 3559 1193 3648 videatur,
1235 3561 1358 3633 sed
1404 3561 1628 3633 discat
1658 3583 1781 3657 per
1814 3583 1889 3633 se
1921 3563 2149 3655 ipsum
2181 3562 2476 3655 qualiter
2524 3564 2750 3634 Deum
2788 3564 3028 3635 timere
3072 3561 3354 3653 debeat,
3396 3585 3478 3635 ac
3526 3587 3652 3638 nos

836 3692 906 3754 et
941 3682 1304 3777 imperium
1347 3693 1658 3756 teneatur
1693 3686 2017 3756 omnibus
2070 3685 2296 3758 modis
2330 3686 2661 3757 revereri.
2709 3687 2860 3770 Que
2909 3686 3142 3757 omnia
3197 3685 3320 3756 tibi
3376 3696 3446 3758 et
3496 3687 3650 3759 aliis

833 3806 1265 3902 principibus
1302 3807 1555 3879 nostris
1592 3806 1926 3879 duximus
1962 3808 2413 3903 exponenda,
2476 3819 2553 3879 ut
2587 3806 2683 3879 rei
2724 3807 3062 3880 certitudo
3101 3808 3194 3879 ad
3227 3808 3379 3898 ejus
3410 3821 3649 3881 exter-

836 3930 1124 4001 minium
1168 3939 1401 4026 pateat
1434 3931 1778 4003 universis
1806 3933 1864 4022 (⁴
1883 3930 1934 4025 ).

916 4105 999 4184 (a)
1042 4107 1111 4166 In
1137 4105 1387 4168 codicib.
1418 4108 1766 4179 incenante,
1798 4106 1902 4166 sed
1927 4106 2011 4166 ibi
2035 4105 2211 4166 male.

914 4209 1000 4292 (b)
1040 4213 1158 4290 Ap.
1188 4213 1347 4274 Petr.
1381 4213 1457 4273 de
1485 4213 1626 4274 Vin.
1663 4211 1829 4292 (edit.
1858 4213 1933 4272 de
1965 4212 2142 4290 1566)
2172 4209 2380 4287 studio,
2410 4215 2683 4289 pessime.

866 4547 875 4554 =
905 4524 981 4596 (l)
1019 4525 1400 4582 nanthalerum
1443 4527 1645 4598 secuti,
1691 4527 1831 4584 hanc
1869 4527 2150 4601 epistolam
2185 4526 2336 4599 quasi
2372 4526 2647 4600 praeviam
2686 4525 2796 4597 regi
2832 4524 3116 4582 Bohemiae
3150 4523 3527 4596 imperatorem
3565 4524 3646 4580 di-

829 4619 1032 4676 rexisse
1059 4620 1399 4693 arbitramur,
1425 4640 1533 4695 qua
1567 4625 1617 4680 ei
1644 4626 1882 4698 proxime
1906 4640 1937 4680 a
1967 4640 2028 4681 se
2053 4623 2346 4681 faciendam
2386 4623 2639 4680 Friderici
2668 4620 2928 4679 Austriaci
2969 4620 3406 4694 proscriptionem
3447 4619 3648 4692 signifi-

830 4720 999 4772 caret.
1028 4716 1203 4783 Quum
1237 4724 1417 4774 autem
1450 4734 1636 4777 mense
1668 4720 1819 4792 junio
1853 4719 1996 4792 apud
2023 4719 2316 4792 Augustam
2350 4717 2538 4775 foedus
2567 4723 2753 4777 contra
2776 4716 2968 4774 ducem
2996 4716 3241 4774 Austriae
3271 4714 3429 4773 fuerit
3456 4717 3648 4774 initum

986 4816 1095 4877 IV.
1139 4827 1254 4875 Pm
1278 4835 1323 4877 2.
3220 4822 3331 4873 108
