4842 5802
1171 668 1290 731 702
2047 731 2057 741 ,
2206 669 2550 734 usurum
2592 667 2927 731 sss-rim
3604 670 3763 749 [Am
3801 673 3973 735 1234.

1330 802 1520 876 (Edit.
1551 817 1648 880 ap.
1691 800 1951 865 Monam.
1982 802 2133 865 Boie.
2152 845 2172 882 ,
2192 808 2341 864 mm.
2371 803 2564 877 XXX,
2594 816 2737 880 pars
2762 810 2842 877 1⁸,
2877 817 2941 880 p.
2969 810 3110 875 ηε,
3138 810 3207 863 ω
3234 809 3375 877 72⁶,
3404 819 3482 870 cx
3507 806 3778 885 originali
3798 811 3983 886 cujus

1177 972 1182 981 ,
1213 986 1224 999 1
1323 976 1330 993 ἱ
1355 972 1382 997 ,1
1401 909 1668 993 sigillum,
1685 907 1901 993 periit.)

1270 1073 1360 1142 In·
1394 1068 1674 1142 nomine
1720 1076 1952 1139 sancte
2005 1077 2074 1137 et
2111 1062 2474 1140 individue
2514 1067 2888 1140 Trinitatis.
2934 1067 3062 1159 H„
3103 1067 3229 1139 Dei
3266 1068 3485 1161 gratia
3512 1069 3977 1147 Romanorum

1171 1216 1298 1267 rex
1324 1203 1394 1266 et
1418 1213 1689 1286 semper
1720 1200 2084 1283 augustus,-
2110 1190 2432 1263 omnibus
2463 1190 2535 1261 in
2564 1190 2995 1287 perpetuum.
3033 1191 3285 1263 Notum
3303 1211 3457 1265 esse
3484 1194 3806 1269 volumus
3836 1206 3975 1271 tam

1170 1318 1606 1416 presentibus
1643 1336 1851 1408 quam
1889 1314 2134 1385 futuris
2163 1315 2354 1409 quod
2390 1333 2523 1386 nos
2556 1314 2996 1409 privilegium
3024 1322 3094 1386 et
3123 1314 3626 1389 ordinationem
3661 1318 3813 1394 sive
3839 1328 3976 1394 sta·

1177 1452 1403 1514 tutum
1437 1438 1922 1512 Emhrichonis
1939 1438 2118 1510 bone
2153 1438 2483 1511 memorie
2510 1439 2863 1533 quondam
2884 1437 3395 1533 Herbipolensis
3427 1441 3760 1538 episcopi,
3788 1443 3981 1538 quod

1179 1567 1420 1639 datum
1459 1576 1606 1638 erat
1639 1562 1926 1636 ecclesie
1970 1564 2196 1634 Sancti
2249 1561 2580 1635 Iohannis
2613 1564 2683 1633 in
2725 1564 2969 1657 Houge
3016 1570 3085 1634 et
3134 1563 3481 1658 preposito
3527 1574 3598 1638 et
3631 1565 3981 1640 canonicis

1179 1687 1493 1781 ejusdem
1520 1687 1694 1773 loci,
1738 1687 1871 1780 legi
1907 1687 2195 1758 fecimus
2222 1706 2453 1756 coram
2488 1686 2734 1774 nobis;
2776 1688 2978 1779 cujus
3009 1694 3203 1758 tenor
3226 1687 3382 1759 talis
3403 1697 3506 1759 est
3546 1716 3565 1761 ε

1280 1838 1315 1880 «
1357 1814 1435 1883 ln
1487 1810 1766 1883 nomine
1820 1820 2052 1882 sancte
2100 1821 2168 1880 et
2201 1809 2566 1882 individue
2598 1798 2965 1880 Trinitatis.
3006 1807 3375 1882 Embricho
3407 1810 3982 1905 wirziburgensis

1179 1938 1571 2031 episcopus,
1596 1935 1916 2007 omnibus
1938 1933 2180 2005 Christi
2202 1931 2524 2005 fidelibus
2544 1934 2858 2005 salutem.
2877 1933 3214 2005 Omnibus
3238 1943 3376 2005 tam
3406 1935 3741 2029 presentis
3771 1957 3981 2029 quam

1178 2065 1406 2133 future
1455 2060 1653 2132 etatis
1697 2057 2096 2132 hominibus
2153 2068 2390 2129 notum
2443 2078 2596 2129 esse
2648 2057 2975 2128 volumus
3030 2056 3322 2149 qualiter
3368 2057 3657 2152 quidam
3704 2060 3984 2150 Regen-

1179 2184 1437 2257 hardus
1467 2184 1557 2257 de
1580 2184 1796 2269 Ense,
1850 2180 2175 2252 videlicet
2213 2179 2596 2253 advocatus
2640 2181 2924 2252 fratrum
2954 2175 3045 2251 de
3079 2179 3328 2252 Sancto
3363 2180 3702 2267 Iohanne,
3730 2180 3813 2252 *in
3838 2181 3985 2254 Ba-

1176 2311 1524 2402 dengowe
1550 2308 1731 2379 bona
1758 2327 1992 2377 eorum
2031 2304 2695 2398 Cvonengeshoven,
2735 2302 3365 2396 Wolfgiseshusen,
3402 2303 3978 2397 Harischesheim,

1173 2431 1807 2506 Rodericheshusen
1825 2483 1845 2520 ,
1885 2430 2271 2522 Hopferstat
2289 2482 2307 2513 ‚
2337 2426 2739 2519 Gnozestat,
2781 2428 3145 2516 Hoenstat,
3183 2428 3579 2521 Osenwert,
3619 2428 3987 2503 Accolues-

1172 2556 1392 2629 huseu
1411 2609 1429 2642 ‚
1468 2550 2034 2638 Eschlihesheim,
2066 2572 2193 2643 per
2223 2550 2561 2644 quasdam
2597 2549 2964 2621 insolentes
2994 2551 3403 2624 exacciones
3439 2561 3511 2622 et
3540 2553 3829 2624 subtiles
3861 2552 3990 2624 ad·-

1175 2680 1605 2753 iuventiones
1625 2697 1800 2769 quas
1821 2674 1969 2769 ipse
1990 2675 2282 2767 abusive
2299 2676 2609 2765 justicias
2635 2676 3031 2769 appellavit,
3056 2674 3232 2748 adeo
3262 2674 3696 2749 destruxerat
3722 2687 3790 2749 et
3823 2678 3990 2748 fun-

1179 2804 1362 2876 ditus
1399 2799 1941 2873 adnichilaverat
1985 2807 2066 2868 ut
2107 2798 2446 2892 prefatum
2495 2799 2860 2891 collegium
2902 2799 3275 2872 cottidiano
3317 2799 3659 2893 stipendio
3691 2821 3817 2872 suo
3852 2822 3989 2895 pe-

1180 2929 1367 2997 nitus
1402 2931 1699 3009 careret3
1734 2922 1939 2993 etiam
1980 2920 2072 2992 ite
2106 2921 2562 2992 exterioribus
2591 2921 2958 2995 destructis
2993 2932 3064 2995 et
3097 2920 3553 2995 adnichillatis
3591 2923 3662 2992 in
3704 2923 3990 2996 ecclesia

1179 3048 1363 3121 beati
1393 3044 1721 3118 Iohannis
1743 3042 2061 3115 divinum
2090 3043 2447 3113 servitium
2469 3065 2559 3115 ex
2579 3044 2808 3139 inopia
2843 3066 3072 3116 rerum
3111 3052 3179 3115 et
3210 3063 3654 3137 personarum
3695 3045 3836 3115 fere
3871 3063 3993 3138 per

1184 3170 1414 3244 omnia
1441 3188 1706 3240 cessare
1738 3176 2029 3260 ceperat.
2057 3165 2361 3237 Tandem
2396 3188 2564 3238 vero
2600 3166 2887 3259 predicti
2916 3169 3154 3239 fratres
3170 3187 3415 3260 graves
3429 3174 3499 3238 et
3523 3165 3993 3240 indeficientes

1183 3292 1654 3390 querimonias
1692 3288 1780 3362 de
1813 3289 2147 3361 advocato
2174 3309 2324 3379 suo,
2351 3290 2806 3382 Regenhardo
2831 3290 3180 3382 videlicet,
3211 3301 3281 3362 et
3304 3311 3529 3361 coram
3568 3290 3766 3363 nobis
3799 3298 3866 3362 et
3901 3288 3993 3363 ad

1189 3420 1498 3492 ultimum
1535 3436 1762 3488 coram
1802 3434 1968 3506 rege
2002 3412 2369 3485 Luothario
2397 3433 2679 3486 movere
2705 3423 3033 3507 ceperunt
3055 3424 3123 3486 et
3149 3437 3309 3488 eum
3336 3413 3753 3486 incessanter
3785 3414 3854 3486 iu
3879 3417 3997 3507 jus

1188 3553 1255 3614 et
1290 3542 1358 3613 in
1394 3561 1669 3612 causam
1691 3536 2159 3627 suasinjurias
2192 3534 2699 3630 expostulando
2726 3545 3107 3609 traxerunt.
3139 3539 3290 3610 Rex
3324 3546 3554 3609 autem
3585 3538 3996 3612 Luotharius

1188 3670 1405 3739 Deum
1445 3675 1510 3734 et
1527 3662 1879 3755 justiciam
1916 3660 1985 3731 in
2021 3681 2227 3735 causa
2260 3662 2785 3755 fratrumtsupra
2803 3662 3309 3734 nominatorum
3334 3649 3893 3734 animadvertens
3928 3670 3997 3734 et

1188 3789 1629 3884 amplectens,
1675 3785 1872 3858 nobis
1905 3785 2038 3856 sub
2075 3785 2357 3858 obtentu
2404 3784 2624 3877 gratie
2667 3765 2793 3863 s'ue
2845 3786 3148 3881 precepit
3181 3784 3375 3880 quod
3410 3785 3592 3859 bona
3639 3793 3707 3858 et
3758 3787 3999 3859 fratres

1191 3911 1417 3986 Sancti
1470 3909 1796 3982 lobannis
1827 3931 1870 3981 a
1901 3908 2205 4003 predicto
2223 3907 2607 3990 advocato,
2648 3908 2865 3990 immo
2896 3909 3317 3992 destructone
3344 3910 3635 4004 ,penitus
3675 3910 3995 3984 absolve-

1189 4056 1445 4109 remus.
1486 4033 1685 4105 Unde
1721 4033 2059 4127 prefatum
2092 4030 2620 4125 Regenhardum
2646 4040 2902 4114 statuto
2938 4032 3087 4107 loco
3115 4043 3184 4105 et
3204 4033 3336 4122 ,die
3367 4042 3435 4103 et
3470 4032 3660 4105 datis,
3674 4032 3998 4124 legitimis

1191 4159 1475 4231 indutiis
1501 4156 1630 4227 sub
1662 4155 1867 4228 tercio
1902 4154 2132 4227 edicto
2174 4156 2605 4228 vocavimus.
2647 4155 2784 4242 Qui
2833 4155 3000 4228 dum
3038 4157 3171 4228 sibi
3218 4155 3598 4251 periculum
3641 4154 4000 4226 imminere

1192 4282 1544 4379 coguovit,
1590 4279 1680 4351 ad
1709 4279 1983 4350 terciam
2016 4280 2451 4350 vocationem
2485 4279 2678 4351 senio
2709 4289 2779 4350 et
2813 4279 3206 4352 infirmitate
3232 4280 3586 4368 confectus
3611 4277 3833 4369 venit,
3874 4277 4002 4350 sed

1192 4411 1281 4482 de
1317 4405 1636 4478 omnihus
1672 4403 1803 4475 sibi
1835 4402 2118 4493 objectis
2153 4424 2228 4474 se
2268 4405 2659 4494 nullatenus
2694 4403 3062 4476 defendere
3099 4404 3353 4497 potuit,
3394 4403 3465 4472 in
3502 4411 3765 4472 tantum
3808 4399 4002 4494 quod

1192 4529 1547 4603 advocatia
1571 4547 1692 4620 per
1717 4537 1975 4597 ceteros
2001 4524 2516 4598 inbeneficiatos
2539 4536 2803 4598 nostros
2832 4527 2896 4598 ei
2927 4527 2997 4597 in
3024 4527 3300 4598 instanti
3323 4525 3700 4618 abjudicari
3727 4522 3998 4598 debuit.

1193 4653 1358 4723 Cum
1400 4670 1565 4721 vero
1603 4650 1957 4720 convictus
2006 4669 2081 4720 se
2138 4648 2605 4721 defensionem
2651 4649 2831 4741 juris
2881 4660 2948 4721 et
2995 4647 3502 4722 firmamentum
3538 4669 3745 4721 cause
3768 4647 4001 4744 perdi-

1193 4776 1380 4848 disse
1416 4773 1797 4867 conspexit,
1826 4772 1919 4843 ad
1951 4793 2186 4866 preces
2209 4782 2277 4843 et
2304 4773 2837 4868 supplicationes
2867 4794 2945 4846 se
2971 4774 3335 4865 convertit,
3372 4773 3719 4846 humiliter
3751 4793 4005 4865 rogans
