4842 5802
1163 621 1284 681 700
2197 620 2543 681 namuel
2591 621 2926 681 SEPTlm
3601 629 3768 707 [Anu.
3804 633 3976 694 1234.

1159 751 1605 858 Bernheim,
1647 753 2132 835 Huttenheim
2178 764 2253 836 et
2305 755 2384 834 in
2443 753 2611 834 aliis
2664 752 3014 860 pluribus
3050 756 3545 867 renuncianS,
3587 787 3981 846 reservans

1161 894 1418 965 tamen
1467 884 1646 993 jura
1694 885 1772 965 in
1827 886 2010 968 villa
2074 884 2566 968 Gochesheim
2592 945 2614 985 ‚
2672 883 3084 967 Wilhelmo
3126 887 3223 967 de
3275 888 3705 998 Wimpina,
3765 893 3981 977 buti-

1163 1015 1407 1123 glario
1442 1017 1540 1097 de
1574 1016 2053 1127 Nurenberg,
2095 1027 2169 1099 et
2217 1017 2385 1098 aliis
2441 1015 2774 1098 scultetis
2809 1016 3090 1099 ibidem
3128 1018 3574 1129 designatis,
3617 1028 3979 1136 praecipit

1160 1157 1248 1228 ut
1284 1147 1383 1229 ab
1408 1149 1620 1229 omni
1658 1151 2099 1258 gravamine
2135 1149 2590 1232 abstineant.

1325 1371 1517 1452 (Edit.
1558 1388 1655 1449 ap.
1703 1373 2051 1447 Laumnn,
2098 1370 2306 1453 Antiq.
2353 1369 2553 1432 Poeld.
2578 1415 2595 1446 ,
2633 1389 2694 1449 p.
2737 1382 2875 1433 25⁷.
2905 1404 2987 1416 —
3025 1373 3262 1448 Lumo,
3291 1372 3708 1454 adamar-chio,
3746 1385 3788 1438 t.
3829 1378 3973 1454 Vn,

1399 1493 1455 1553 p.
1494 1486 1643 1550 3233
1675 1477 1850 1537 ambo
1877 1494 2018 1537 vero
2047 1493 2350 1554 perperam
2383 1487 2458 1538 23
2477 1475 2765 1536 novembr.
2788 1510 2870 1520 —
2888 1478 3117 1551 Kams,
3145 1475 3436 1559 Antiquit.
3471 1482 3622 1541 Hist.
3651 1483 3973 1562 Francon„

1399 1586 1447 1641 t.
1480 1582 1590 1651 111.
1620 1599 1681 1658 p.
1718 1592 1855 1642 288.
1886 1615 1967 1626 —
1994 1582 2251 1640 Monam.
2284 1583 2479 1655 Boica,
2525 1588 2572 1641 t.
2611 1582 2805 1656 XXX,
2834 1599 2969 1658 pars
2995 1592 3073 1656 1⁸,
3104 1599 3165 1658 p.
3217 1594 3356 1658 221,
3387 1596 3456 1644 n⁰
3492 1596 3632 1666 725,
3662 1605 3740 1648 ex
3783 1592 3975 1667 origi-

1401 1687 1522 1747 nali
1570 1690 1738 1763 cujus
1764 1687 2020 1764 sigillum
2047 1688 2245 1764 periit,
2272 1694 2612 1748 remanente
2642 1695 2806 1764 parte
2837 1687 3070 1748 filorum
3099 1691 3419 1751 sericorum
3444 1691 3606 1752 rubri
3636 1699 3696 1752 et
3721 1694 3973 1755 subflavi

1400 1793 2127 1855 coloris.--Memoratum
2155 1796 2331 1855 etiam
2357 1811 2436 1854 ex
2460 1794 2750 1856 Leukfeld
2774 1811 2871 1874 ap.
2890 1796 3296 1870 Prnrnnann,
3329 1794 3428 1856 Ad
3463 1798 3825 1876 vitriarium,
3847 1807 3893 1860 t.
3917 1802 3969 1874 1,

1398 1914 1461 1974 Ρ.
1499 1896 1703 1976 1180.)

1256 2111 1332 2180 In
1368 2111 1647 2182 nomine
1692 2111 1989 2183 Domini.
2033 2109 2280 2184 Amen.
2331 2110 2733 2202 Heinricus,
2788 2112 2911 2184 Dei
2957 2113 3175 2206 gratia
3226 2115 3688 2186 Romanorum
3724 2136 3849 2187 rex
3903 2128 3970 2188 et

1159 2253 1430 2328 semper
1483 2245 1857 2326 augustus,
1912 2233 2178 2307 dilectis
2219 2235 2543 2308 fidelibus
2569 2236 2716 2307 suis
2761 2236 3195 2310 Willehelmo
3223 2236 3314 2311 de
3355 2238 3716 2334 Winpina,
3781 2293 3798 2310 .
3863 2295 3879 2311 .
3945 2294 3961 2309 .

1157 2356 1521 2451 butiglario
1557 2358 1645 2431 de
1676 2358 2113 2451 Nurenberg,
2176 2414 2192 2431 .
2256 2412 2274 2430 .
2339 2411 2356 2429 .
2412 2359 2486 2431 in
2518 2359 2953 2452 Rotenburg,
3015 2414 3032 2431 .
3096 2415 3113 2433 .
3175 2413 3193 2431 .
3252 2361 3324 2432 in
3353 2361 3597 2451 Hallis,
3663 2415 3678 2432 .
3743 2414 3762 2433 .
3820 2416 3837 2433 .
3897 2364 3965 2434 in

1157 2482 1609 2571 Swinsurthe,
1651 2536 1667 2552 .
1693 2536 1710 2553 .
1731 2534 1749 2552 .
1782 2482 1857 2554 in
1884 2481 2336 2575 Kungesberg
2367 2491 2438 2554 et
2475 2534 2492 2551 .
2515 2534 2533 2553 .
2558 2536 2575 2552 .
2609 2483 2682 2554 in
2719 2483 3197 2555 Lenkersheim
3235 2486 3544 2557 scultetis
3576 2493 3646 2556 et
3681 2486 3833 2557 aliis
3867 2488 3969 2559 of-

1157 2603 1401 2677 ficiatis
1435 2606 1579 2677 suis
1612 2606 1903 2699 gratiam
1932 2627 2129 2677 suam
2153 2615 2222 2678 et
2255 2626 2459 2676 omne
2495 2605 2780 2679 bonum.
2813 2605 2985 2676 Cum
3010 2605 3300 2679 dilectus
3335 2608 3747 2680 venerabilis
3780 2609 3965 2703 prin-

1156 2750 1317 2822 ceps
1354 2737 1583 2800 noster
1615 2727 1938 2800 dominus
1972 2729 2403 2800 Hermannus
2434 2728 2942 2823 Herbipolensis
2975 2729 3342 2823 episcopus
3382 2731 3640 2823 pluries
3664 2731 3753 2802 sit
3788 2752 3967 2803 con—

1155 2860 1440 2946 questus
1489 2872 1564 2922 se
1619 2862 1687 2922 et
1741 2872 1903 2924 suos
1959 2872 2084 2947 per
2131 2872 2258 2924 vos
2319 2851 2389 2922 in
2434 2851 2667 2923 multis
2713 2852 2984 2945 fatigari
3027 2862 3095 2924 et
3127 2851 3481 2947 impediri,
3535 2851 3861 2926 videlicet
3894 2855 3963 2926 in

1147 2975 1626 3070 jurisdictione
1650 2995 1779 3045 sua
1807 2976 1966 3047 etin
1992 2974 2176 3046 villis
2193 2975 2719 3068 Damphesdorf,
2748 2974 3222 3065 Gochesheim,
3251 2975 3555 3063 Urheim,
3572 2975 3961 3067 Bernheim,

1153 3098 1600 3182 Butenheim,
1656 3108 1724 3168 et
1756 3098 1826 3167 in
1869 3098 2023 3169 aliis
2059 3099 2372 3191 pluribus
2409 3098 2596 3170 villis
2631 3098 2765 3170 sibi
2807 3109 2876 3169 et
2922 3099 3206 3170 ecclesie
3255 3118 3381 3170 sue
3417 3098 3863 3169 attinentibus
3894 3100 3966 3169 in

1155 3220 1447 3294 servicio
1483 3220 1801 3315 speciali,
1857 3220 1929 3292 in
1976 3221 2143 3292 villa
2177 3220 2613 3292 Tutensteten
2647 3222 2719 3292 in
2752 3244 2892 3316 qua
2926 3222 3193 3294 forense
3222 3221 3500 3314 signum
3529 3230 3633 3293 est
3663 3231 3965 3294 erectum

1154 3353 1391 3418 contra
1421 3351 1652 3415 nostra
1691 3352 1981 3434 statuta,
2020 3343 2093 3414 in
2124 3353 2396 3414 moneta
2432 3352 2599 3438 aput
2639 3344 3065 3434 Swinfurth,
3113 3344 3185 3415 in
3235 3354 3443 3416 strata
3475 3344 3771 3437 ibidem,
3829 3366 3967 3438 que

1154 3468 1534 3541 declinatur
1580 3477 1815 3540 contra
1842 3468 1997 3558 jus,
2050 3467 2119 3538 in
2154 3468 2369 3538 centis
2401 3468 2825 3561 quibuslibet
2854 3467 3148 3541 ducatus
3175 3468 3397 3563 ipsius
3427 3490 3567 3560 que
3613 3477 3967 3541 mutantur

1151 3603 1220 3665 et
1250 3592 1748 3686 impediuntur,
1791 3593 1864 3663 in
1901 3591 2377 3663 vocationibus
2408 3612 2860 3686 personarum
2889 3591 3325 3685 synodalium
3348 3590 3439 3663 ad
3466 3591 3777 3664 civitates
3802 3613 3962 3665 nos·

1152 3725 1293 3788 tras
1327 3727 1395 3787 et
1436 3715 1528 3787 ad
1561 3727 1830 3799 centaS,
1869 3715 1942 3785 in
1970 3736 2180 3787 censu
2211 3715 2622 3788 rusticorum
2654 3717 2777 3809 qui
2808 3715 3038 3788 adhuc
3084 3717 3441 3811 recipitur,
3492 3717 3561 3787 in
3604 3718 3749 3790 foro
3797 3726 3965 3812 aput

1152 3839 1624 3912 Windesheim
1659 3838 1845 3932 quod
1880 3840 2212 3912 hactenus
2245 3838 2651 3934 impeditum
2687 3849 2826 3927 est,
2884 3841 2956 3910 in
2988 3839 3593 3934 pignoracionibus
3621 3862 3759 3933 que
3790 3839 3963 3910 fiunt

1155 3974 1354 4037 extra
1385 3964 1695 4035 civitates
1725 3974 1991 4034 nostras
2025 3963 2097 4034 in
2137 3962 2392 4034 dut-atu
2432 3963 2683 4058 ipsiuS,
2735 3963 2806 4033 in
2847 3962 3111 4053 judicio
3145 3962 3235 4035 de
3271 3962 3491 4035 feodis
3540 3971 3608 4034 et
3640 3963 3962 4057 proprie-

1149 4088 1410 4159 tatibus
1448 4086 1638 4180 quod
1669 4087 1870 4158 vobis
1901 4086 2283 4174 assumitis,
2323 4087 2395 4156 in
2433 4085 2953 4157 detencionibus
2991 4087 3397 4159 clericorum
3443 4104 3620 4176 quos
3660 4085 3958 4178 compel-

1148 4212 1288 4282 litis
1319 4219 1499 4282 stare
1523 4208 1789 4301 judicio
1821 4209 2142 4298 seculari,
2180 4208 2252 4278 in
2277 4208 2748 4280 exactionibus
2772 4209 2964 4280 factis
2984 4210 3056 4279 in
3088 4208 3429 4297 cenobiis,
3467 4208 3538 4278 in
3565 4207 3960 4278 hominibus

1150 4334 1272 4428 qui
1305 4343 1620 4405 tenentur
1653 4332 1726 4402 in
1757 4330 2188 4421 civitatibuS,
2227 4332 2296 4400 in
2326 4330 2597 4424 Judicio
2628 4342 2698 4402 et
2730 4333 2995 4426 placitis
3030 4331 3469 4426 generalibus
3508 4351 3647 4424 que
3682 4330 3753 4400 in
3803 4331 3957 4423 qui-

1149 4455 1445 4528 busdam
1480 4455 1647 4527 locis
1679 4453 2018 4543 indicitis,
2060 4463 2130 4524 et
2160 4453 2230 4523 in
2264 4454 2587 4524 omnibns
2619 4454 3087 4543 libertatibu5‚
3122 4452 3718 4547 jurisdictionibus
3752 4461 3822 4525 et
3845 4453 3961 4544 ju-

1149 4578 1344 4649 ribus
1415 4578 1560 4649 suis
1617 4588 1686 4651 et
1745 4599 2062 4666 suorum,
2127 4597 2265 4669 que
2316 4575 2703 4649 diminuere
2744 4577 3121 4668 videmini;
3177 4598 3303 4650 nos
3354 4579 3694 4649 intuentes
3746 4578 3961 4672 ipsius

1148 4701 1377 4775 fidelia
1408 4703 1740 4797 obsequia
1768 4723 1906 4796 qne
1941 4702 2141 4774 nobis
2174 4701 2492 4773 exhibuit
2541 4710 2608 4774 et
2640 4702 2926 4775 exhibet
2974 4705 3428 4792 incessanter,
3476 4702 3962 4775 renunciamus
