4842 5802
1951 624 2566 688 AnanAMENTA
3550 625 3664 688 951

950 1189 1356 1298 HenricuS,
1414 1191 1932 1275 Romanorum
1997 1217 2169 1296 rex,
2232 1189 2604 1272 universis
2666 1185 2958 1270 civibus
3027 1189 3123 1269 de
3178 1187 3661 1271 Gelnhausen
3735 1201 4032 1305 fflssffiffm

841 1324 1212 1431 promittit
1254 1326 1464 1434 quod
1489 1350 1903 1434 ,nunquam
1957 1323 2057 1405 ab
2095 1323 2351 1431 aliquo
2398 1346 2666 1405 eorum
2703 1321 2951 1431 exiget
3011 1331 3097 1401 ut
3160 1321 3302 1403 sibi
3359 1323 3663 1403 accedat
3743 1309 3800 1350 ²⁰
3820 1309 4030 1403 ἰ’ἷέἒωὶ

842 1456 958 1538 vel
998 1458 1319 1566 excipiat
1356 1469 1705 1566 sumptus
1743 1483 1938 1566 quos
1987 1456 2261 1538 faceret
2322 1455 2605 1537 ibidem
2622 1517 2646 1563 ,
2708 1455 2841 1536 sed
2884 1455 3094 1563 quod
3129 1453 3193 1562 ej
3205 1455 3469 1536 usdem
3516 1455 3660 1537 loci

842 1587 1204 1670 scultetus
1239 1589 1384 1672 hoc
1429 1589 1630 1671 idem
1671 1590 1916 1671 facere
1951 1587 2247 1670 debeat.

1002 1800 1134 1883 (Cf.
1166 1819 1376 1879 supra,
1418 1820 1481 1879 p.
1533 1811 1671 1863 562.
1717 1804 2103 1881 Privilegium
2147 1803 2438 1863 ineditum
2466 1818 2625 1862 nunc
2652 1802 2948 1880 integrum
2974 1802 3185 1862 damus
3224 1818 3299 1862 ex
3340 1804 3658 1880 exemplari

1077 1908 1248 1986 cujus
1271 1908 1441 1969 nobis
1463 1907 1782 1969 liberaliter
1806 1910 2033 1985 copiam
2062 1908 2202 1969 fecit
2237 1907 2614 1969 Boehmerus.
2647 1907 2828 1968 Adest
2863 1908 2926 1966 ln
2947 1913 3164 1986 reyesto
3187 1908 3436 1968 civitatis
3467 1906 3654 1968 Gelu-

1079 2012 1299 2075 hausen
1326 2014 1437 2075 sub
1464 2015 1659 2075 seculo
1686 2014 1831 2075 XIV
1857 2014 2152 2091 exarato.)

933 2200 1327 2288 Heinricus‚
1362 2202 1490 2272 Dei
1526 2200 1759 2294 gracia
1799 2200 2261 2272 Romanorum
2308 2221 2437 2271 rex
2478 2208 2547 2271 et
2591 2221 2862 2295 semper
2890 2209 3263 2293 augustus,
3314 2202 3657 2274 universis

839 2324 1110 2418 imperii
1150 2323 1506 2415 fidelibus,
1562 2325 1818 2419 quibus
1865 2345 2148 2418 presens
2189 2324 2384 2396 litera
2426 2324 2628 2394 fuerit
2669 2333 2979 2413 ostensa,
3018 2325 3316 2417 graciam
3348 2346 3545 2397 suam
3583 2335 3651 2395 et

837 2470 1041 2522 omne
1067 2450 1354 2521 bonum.
1391 2448 1563 2520 Cum
1598 2469 1726 2520 nos
1760 2456 1943 2520 ratas
1966 2469 2120 2519 esse
2149 2448 2472 2519 volumus
2497 2448 2764 2541 gracias
2795 2457 2867 2519 et
2892 2448 3238 2520 libertates
3272 2470 3446 2542 quas
3480 2451 3655 2521 fece-

835 2573 1053 2643 rimus
1088 2573 1391 2668 benigno
1441 2573 1675 2645 animo
1716 2572 2041 2646 fidelibus
2086 2573 2371 2659 nostris,
2408 2571 2881 2665 significamus
2920 2572 3349 2645 universitati
3390 2581 3648 2663 vestre,

836 2708 904 2768 et
936 2708 1170 2769 tenore
1219 2697 1643 2793 presentium
1692 2696 2116 2791 profitemur,
2165 2694 2355 2790 quod
2404 2717 2530 2767 nos
2566 2696 3006 2790 promisimus
3047 2695 3370 2768 fidelibus
3403 2697 3652 2768 nostris

835 2821 1108 2894 civibus
1141 2820 1489 2893 universis
1516 2820 1608 2893 de
1627 2819 2114 2912 Geilenhusen,
2135 2819 2326 2916 quod
2359 2841 2714 2914 nunquam
2746 2819 3180 2913 angariemus
3215 2820 3326 2890 vel
3359 2821 3656 2917 compel-

833 2946 1058 3017 lamus
1094 2946 1440 3018 maliciose
1492 2946 1792 3039 aliquem
1844 2945 2176 3038 ipsorum,
2219 2953 2299 3015 ut
2325 2945 2526 3017 nobis
2551 2943 2835 3017 accedat
2860 2945 2973 3017 vel
3006 2944 3311 3040 excipiat
3339 2953 3652 3039 sumptus

830 3091 1007 3163 quos
1052 3070 1433 3142 faceremus
1469 3068 1766 3159 ibidem;
1804 3068 1931 3141 sed
1963 3069 2286 3141 volumus
2330 3077 2410 3139 ut
2451 3069 2746 3164 quisque
2788 3077 3172 3139 nostrorum
3212 3069 3650 3140 scultetorum

832 3196 901 3263 in
950 3195 1101 3288 ipsa
1145 3193 1426 3266 civitate
1474 3193 1884 3265 constitutus
1929 3193 2130 3265 nobis
2175 3191 2462 3264 accedat
2513 3202 2583 3264 et
2627 3191 2928 3286 excipiat
2980 3200 3296 3285 sumptus
3340 3203 3641 3282 nostros;

831 3326 900 3387 et
940 3317 1266 3389 nolumus
1310 3326 1389 3388 ut
1429 3317 1560 3411 ipsi
1606 3314 2048 3410 postmodum
2088 3315 2177 3389 de
2211 3317 2380 3411 ipsis
2417 3316 2807 3410 sumptibus
2851 3325 2920 3387 et
2960 3316 3288 3409 expensis
3333 3317 3643 3405 solvant,

832 3438 1420 3532 quemadmodum
1485 3438 1819 3510 duximus
1886 3438 2055 3533 ipsis
2120 3438 2647 3532 injungendum.
2716 3437 3121 3511 Mandantes
3177 3461 3300 3533 per
3359 3440 3646 3532 gratiam

833 3570 1134 3633 nostram
1172 3560 1454 3632 firmiter
1501 3561 1955 3656 precipimus,
2001 3570 2078 3632 ut
2124 3562 2352 3632 nullus
2406 3561 2495 3631 sit
2533 3562 2656 3654 qui
2703 3562 2937 3633 veniat
2983 3572 3217 3635 contra
3249 3564 3645 3657 premissam

832 3685 1134 3778 graciam
1190 3693 1259 3756 et
1323 3683 1699 3755 libertatem
1761 3683 1928 3778 ipsis
1973 3706 2015 3755 a
2060 3691 2288 3756 nostra
2340 3683 2704 3755 serenitate
2754 3685 3101 3779 provisam
3154 3695 3224 3756 et
3267 3686 3643 3777 indultam,

833 3809 1001 3904 quia
1038 3809 1322 3881 minime
1355 3808 1554 3880 nobis
1596 3810 1897 3880 conferet
1932 3807 2124 3902 quod
2170 3830 2388 3881 novas
2441 3810 2971 3882 consuetudines
3016 3831 3401 3884 crearemus
3435 3809 3532 3905 (a)
3572 3812 3645 3882 in

835 3935 986 4028 ipsa
1025 3933 1337 4024 civitate,
1387 3953 1545 4003 cum
1579 3932 1781 4004 nobis
1812 3933 1900 4003 sit
1929 3954 2054 4027 per
2082 3934 2315 4005 omnia
2351 3931 2578 4004 fidelis
2613 3943 2682 4004 et
2732 3931 3017 4025 devota;
3058 3933 3248 4006 unde
3287 3955 3645 4007 censemus

833 4058 1023 4152 quod
1066 4058 1226 4130 talia
1269 4056 1471 4129 nobis
1525 4056 1878 4128 conferant
1921 4057 2202 4129 servitia
2224 4115 2241 4144 ‚
2289 4058 2520 4152 qualia
2558 4077 2602 4128 a
2643 4057 2924 4152 reliquis
2966 4057 3360 4131 civitatibus
3402 4059 3650 4131 nostris

834 4182 1034 4254 nobis
1084 4180 1578 4252 ministrantur.
1641 4180 1776 4266 Qui
1824 4200 1987 4274 ergo
2037 4190 2272 4252 contra
2331 4180 2743 4277 premissum
2791 4182 3097 4274 venerit,
3157 4203 3439 4275 gravem
3487 4206 3649 4257 nos·

835 4313 1010 4375 tram
1043 4303 1375 4376 offensam
1415 4325 1491 4375 se
1529 4302 1798 4375 noverit
1830 4302 2225 4375 incurrisse.

931 4429 1179 4499 Datum
1217 4425 1407 4523 apud
1444 4426 1925 4522 Geylnhusen,
1971 4449 2154 4499 anno
2206 4427 2552 4502 dominice
2600 4430 3087 4503 incarnationis
3130 4432 3489 4505 millesimo
3524 4432 3647 4506 CC⁰

838 4551 1177 4624 tricesimo
1212 4549 1547 4637 secund0‚
1577 4551 1653 4621 X
1684 4550 2009 4623 calendas
2039 4553 2302 4644 marcii,
2338 4552 2714 4626 indictione
2747 4555 2835 4625 V.

918 4740 1002 4818 (a)
1045 4741 1119 4801 In
1145 4747 1372 4820 regesto
1397 4759 1657 4804 caremus
1678 4744 1803 4803 sive
1832 4758 2112 4817 meremus,
2140 4742 2316 4803 male.
