4842 5802
868 2765 995 2819 Apud

789 2820 1041 2872 Hannon
1052 2848 1065 2870 ,

797 2870 1054 2928 septembri.

1146 668 1263 727 770
2137 658 2559 732 ruinarum
2610 671 2952 731 sacurem
3574 668 3733 751 [aas.
3772 670 3941 731 1235.

1149 800 1457 889 incultis,
1500 797 1681 871 sicut
1705 822 1787 871 ea
1811 802 1997 891 juste
2024 811 2256 876 tenere
2286 813 2355 875 et
2392 804 2747 898 possidere
2777 811 3176 891 noscuntur,
3211 802 3312 874 eis
3346 802 3435 876 de
3467 813 3695 875 nostra
3731 803 3950 891 gratia

1150 921 1651 995 confirmantes.
1681 924 2102 995 Presentium
2130 925 2338 1018 igitur
2363 936 2597 999 tenore
2622 926 3035 1000 mandamus
3059 924 3341 997 firmiter
3374 925 3760 997 inhibentes
3783 946 3956 1018 qua-

1152 1055 1353 1117 tenus
1388 1046 1623 1117 nullus
1664 1045 1753 1116 sit
1782 1046 1904 1140 qui
1941 1045 2194 1118 dictam
2231 1048 2650 1121 abbatissam
2688 1057 2757 1123 et
2792 1057 3234 1138 conventum,
3276 1046 3513 1120 fideles
3545 1056 3835 1137 nostras,
3879 1047 3953 1117 in

1154 1169 1462 1263 personis
1497 1179 1565 1239 et
1596 1169 2080 1241 monasterium
2114 1170 2184 1240 in
2218 1171 2418 1244 bonis
2457 1172 2627 1265 suis,
2665 1174 2813 1245 loco
2849 1172 2972 1265 qui
3001 1170 3255 1244 dicitur
3289 1171 3519 1266 Trupa
3548 1179 3618 1242 et
3646 1170 3795 1242 loco
3830 1169 3953 1263 qui

1151 1291 1402 1365 dicitur
1413 1292 1920 1364 Wallerbrocke
1939 1292 2295 1388 predictis,
2321 1296 2502 1367 sicut
2533 1295 2857 1391 superius
2889 1305 2992 1367 est
3015 1314 3448 1389 expressum,
3490 1301 3727 1366 contra
3747 1291 3957 1383 hujus

1153 1414 1590 1509 protectionis
1647 1424 1715 1486 et
1760 1413 2290 1488 confirmationis
2347 1426 2574 1489 nostre
2626 1427 2929 1490 tenorem
2978 1438 3155 1489 ausu
3204 1415 3567 1489 temerario
3610 1413 3959 1488 offendere

1154 1538 1459 1610 indebite
1493 1559 1615 1609 seu
1652 1538 2008 1611 molestare
2038 1549 2411 1634 presumat.
2455 1539 2658 1625 Quod
2700 1544 2839 1636 qui
2874 1540 3358 1637 presumpserit
3414 1538 3958 1631 indignationem

1155 1661 1474 1733 culminis
1506 1662 1721 1733 nostri
1773 1682 1849 1734 se
1900 1662 2169 1735 noverit
2204 1663 2667 1735 incursurum.
2706 1664 2819 1737 Ad
2878 1664 3093 1755 hujus
3150 1671 3378 1735 autem
3427 1661 3864 1757 protectionis
3892 1669 3962 1733 et

1156 1782 1689 1856 confirmationis
1720 1793 1947 1857 nostre
1973 1786 2368 1860 memoriam
2400 1797 2472 1858 et
2498 1774 2810 1859 stabilem
2846 1785 3233 1858 firmitatem
3252 1839 3273 1877 ,
3311 1805 3591 1881 presens
3628 1783 3961 1878 scriptum

1160 1906 1303 1981 fieri
1322 1907 1653 1998 jussimus
1679 1909 2052 1998 majestatis
2086 1918 2314 1981 nostre
2346 1908 2573 2003 sigillo
2594 1909 2958 1981 munitum.

1254 2032 1502 2101 Datum
1556 2029 1746 2125 apud
1788 2031 2245 2123 Hagenouve‚
2301 2053 2485 2104 anno
2524 2034 2742 2125 gratie
2770 2033 2867 2105 Μ.
2898 2031 3029 2103 CC.
3062 2031 3351 2121 XXXV,
3400 2051 3637 2104 mense
3670 2035 3962 2123 septem·

1158 2153 1323 2245 bris,
1356 2141 1729 2225 indictione
1759 2152 1877 2224 lx.

1269 2733 1693 2818 Fridericus
1713 2793 1737 2839 ,
1779 2732 2296 2816 Romanorum
2347 2732 2784 2841 imperator,
2838 2732 3192 2817 abbatem
3246 2733 3500 2816 Sancti
3554 2733 3928 2841 Trutperti
3943 2793 3967 2841 ,

1164 2877 1658 2972 conventum,
1699 2865 2244 2948 monasterium
2280 2874 2356 2948 et
2388 2865 2647 2949 omnia
2681 2865 2885 2950 bona
2935 2865 3102 2975 ejus
3155 2863 3302 2948 sub
3359 2889 3502 2947 sua
3551 2875 3626 2948 et
3677 2864 3975 2973 imperii

1166 2997 1622 3108 protectione
1655 2996 1942 3103 recipit.

1332 3205 1584 3285 (Inedit.
1614 3222 1689 3265 ex
1716 3205 2069 3266 chartulario
2095 3205 2158 3266 S.
2191 3204 2517 3283 Trutperti,
2549 3204 2652 3267 fol.
2684 3213 2785 3278 25,
2815 3207 2876 3265 in
2905 3204 3145 3266 archivo
3171 3203 3623 3284 Carlsruhensi.)

1269 3390 1708 3479 Fredericus‚
1747 3391 1869 3462 Dei
1917 3392 2135 3480 gratia
2166 3391 2625 3462 Romanorum
2676 3389 3044 3485 imperator
3073 3411 3345 3485 semper
3393 3398 3769 3482 augustuS,
3812 3389 3982 3461 Hie-

1176 3512 1472 3587 rusalem
1524 3524 1593 3586 et
1639 3514 1867 3586 Sicilie
1917 3535 2071 3585 rex.
2120 3515 2248 3585 Per
2296 3534 2575 3608 presens
2625 3515 2956 3610 scriptum
3006 3523 3244 3586 notum
3292 3513 3583 3586 facimus
3641 3513 3982 3585 universis

1179 3636 1444 3732 imperii
1463 3635 1785 3709 fidelibus
1810 3645 1950 3709 tam
1979 3635 2412 3731 presentibus
2440 3658 2650 3730 quam
2684 3637 2960 3728 futuris,
2984 3636 3177 3731 quod
3207 3636 3982 3732 supplicavitexcellen-

1183 3763 1276 3834 tie
1304 3769 1533 3833 nostre
1555 3759 1971 3832 venerabilis
1993 3755 2262 3856 [abbas]
2290 3760 2519 3831 Sancti
2547 3760 2887 3856 Trutperti
2920 3759 3145 3834 fidelis
3170 3771 3401 3833 noster
3428 3769 3504 3831 ut
3526 3760 3754 3854 ipsum
3771 3813 3791 3849 ,
3824 3781 3984 3832 con-

1184 3892 1465 3957 ventum
1483 3935 1503 3973 ‚
1544 3882 2031 3955 monasterium
2054 3890 2124 3953 et
2148 3883 2382 3954 omnia
2409 3883 2592 3954 bona
2626 3905 2754 3955 sua
2783 3883 2915 3955 sub
2931 3893 3161 3956 nostra
3186 3892 3256 3955 et
3276 3883 3542 3976 imperii
3571 3882 3988 3976 protectione

1187 4008 1492 4102 recipere
1523 4006 1991 4098 dignaremur.
2033 4006 2172 4077 Nos
2199 4005 2409 4097 igitur
2433 4007 2553 4098 qui
2578 4005 2931 4099 religiosas
2958 4027 3285 4101 personas
3307 4015 3375 4077 et
3411 4006 3559 4077 loca
3597 4004 3738 4075 Deo
3766 4002 3988 4074 dicata

1196 4132 1407 4224 digno
1442 4132 1676 4201 favore
1703 4126 2207 4221 prosequimur,
2238 4128 2382 4199 suis
2425 4129 3041 4222 supplicationibus
3082 4127 3411 4222 inclinati,
3446 4125 3834 4221 predictum
3866 4125 3990 4196 ab·

1196 4256 1460 4345 batem,
1502 4262 1919 4324 conventum
1970 4258 2041 4321 et
2070 4250 2556 4323 monasterium
2606 4273 2690 4323 ao
2724 4252 2957 4324 omnia
3014 4252 3195 4324 bona
3237 4272 3364 4322 sua
3408 4271 3547 4343 que
3594 4250 3664 4318 in
3698 4250 3991 4343 presenti

1193 4382 1377 4472 juste
1405 4385 1638 4449 tenent
1666 4383 1735 4446 et
1770 4372 2121 4468 possident
2162 4382 2231 4444 et
2280 4373 2350 4444 in
2400 4383 2601 4445 antea
2638 4375 2826 4466 justo
2880 4374 3076 4446 titulo
3124 4381 3440 4467 poterunt
3476 4370 3811 4465 adipisci,
3864 4372 3995 4441 sub

1202 4512 1430 4576 nostra
1469 4512 1535 4572 et
1571 4498 1833 4593 imperii
1881 4499 2298 4591 protectione
2345 4498 2717 4593 recipimus
2765 4499 3087 4595 speciali3
3139 4497 3444 4571 fidelitati
3492 4504 3717 4568 vestre
3762 4497 3996 4590 preci-

1203 4621 1457 4717 piendo
1508 4618 1914 4691 mandantes
1938 4628 2279 4711 quatenus
2309 4618 2540 4689 nullus
2589 4618 2678 4689 sit
2710 4619 2831 4712 qui
2858 4618 3177 4692 eumdem
3218 4618 3537 4690 abbatem
3582 4625 3650 4686 et
3692 4612 3997 4709 predicta

1205 4745 1434 4818 omnia
1460 4753 1694 4815 contra
1735 4741 2068 4837 presentis
2107 4741 2543 4835 protectionis
2586 4753 2815 4815 nostre
2849 4752 3151 4815 tenorem
3190 4751 3446 4815 temere
3475 4737 3811 4835 impedire
3838 4758 4002 4832 pre-
