4842 5802
840 588 1035 648 Innicr.
1073 585 1164 661 7.]
1737 579 2129 642 HISTORIA
2177 582 2761 644 DIPLOMATICA.
3532 586 3654 649 645

839 720 1268 818 genitoribus
1292 728 1361 792 et
1388 716 1912 813 imperatoribus
1935 717 2056 811 qui
2083 718 2399 791 eamdem
2425 720 2782 794 ecclesiam
2807 719 3122 815 primitus
3155 719 3646 812 fundaverunt,

839 856 908 917 et
952 844 1132 915 sicut
1168 849 1628 938 protestantur
1676 839 1861 913 idem
1899 840 2241 935 principes
2287 851 2356 915 et
2389 851 2748 937 magnates
2799 844 2923 938 qui
2957 864 3165 938 super
3199 843 3334 915 hoc
3372 865 3414 916 a
3450 844 3650 917 nobis

839 966 1250 1060 generaliter
1279 964 1591 1058 requisiti
1624 965 1925 1036 fuerunt.
1960 963 2177 1055 Igitur
2218 986 2376 1037 cum
2409 964 2636 1038 victus
2665 966 2909 1039 victori
2942 966 3325 1039 secundum
3353 969 3512 1058 jura
3544 968 3653 1039 ci-

838 1089 1005 1161 vilia
1033 1088 1479 1161 condemnari
1513 1087 1763 1161 debeat
1797 1088 1869 1158 in
1914 1087 2274 1181 expensiS,
2315 1087 2408 1161 ad
2444 1088 2839 1162 instantiam
2882 1089 3364 1162 canonicorum
3400 1111 3645 1186 supra-

838 1212 1177 1287 dictorum
1222 1221 1673 1284 memoratum
1732 1211 2130 1306 episcopum
2187 1211 2287 1283 eis
2350 1214 2841 1285 sententialiter
2901 1211 3517 1287 condemnavimus
3576 1213 3649 1285 in

839 1347 1115 1410 centum
1147 1335 1442 1407 marchis
1480 1334 2026 1425 ColoniensibuS,
2065 1356 2240 1429 quas
2271 1356 2393 1430 per
2428 1358 2693 1409 sacram
2705 1346 2940 1409 entnm
2973 1337 3436 1432 probaverunt
3469 1359 3544 1411 se
3575 1339 3650 1410 in

838 1461 1083 1534 eodem
1121 1460 1401 1554 negotio
1432 1457 1868 1553 expendisse.

937 1585 1170 1655 Testes
1197 1583 1408 1676 hujus
1431 1583 1530 1655 rei
1545 1592 1705 1654 sunt
1734 1608 1752 1653 ε
1777 1581 2074 1654 Sifridus
2096 1581 2670 1675 Maguntinensis,
2709 1581 3169 1655 Theodoricus
3196 1583 3640 1674 Trevirensis,

837 1706 1172 1779 Henricus
1196 1706 1613 1779 Coloniensis
1631 1705 2156 1800 archiepiscopi,
2173 1704 2596 1778 Ekkebertus
2607 1706 3230 1800 Babembergensis
3252 1708 3639 1804 episcopus,

836 1832 1264 1903 Hermannus
1300 1831 1842 1927 HerbipolensiS,
1884 1830 2177 1902 Joaunes
2227 1830 2591 1920 Metensis,
2645 1829 2998 1903 Conradus
3027 1832 3398 1926 Spirensis,
3450 1833 3647 1926 Rog-

835 1952 1069 2045 gerius
1103 1954 1440 2026 Tullensis
1486 1953 1824 2049 episcopi,
1882 1951 2267 2025 Conrardus
2309 1952 2527 2023 abbas
2571 1953 2801 2024 Sancti
2851 1951 3057 2044 Galli,
3111 1953 3433 2047 magister
3466 1955 3642 2027 The-

836 2076 1232 2168 genhardus
1265 2075 1371 2173 (l)
1397 2076 1984 2170 prothonotariuS,
2022 2073 2371 2148 Arnoldus
2407 2077 2637 2148 Sancti
2679 2075 3003 2147 Gereonis
3036 2076 3420 2171 prepositus
3443 2078 3647 2151 Colo-

836 2199 1127 2290 niensiS,
1167 2201 1481 2274 Matheus
1509 2201 1662 2274 dux
1696 2200 2165 2293 Lotharingie,
2218 2200 2553 2272 Henricus
2597 2200 2746 2273 dux
2791 2198 3345 2291 Lemburgensis,
3385 2203 3646 2275 Walle-

835 2343 1067 2394 ramus
1102 2324 1310 2396 frater
1343 2323 1691 2416 ejusdem,
1739 2322 2075 2395 Henricus
2120 2343 2347 2395 comes
2377 2322 2468 2395 de
2498 2322 2949 2412 Helfenstein,
2987 2322 3376 2395 Everardus
3412 2345 3641 2398 comes

836 2444 926 2519 de
952 2447 1341 2530 Eberstein‚
1390 2445 1727 2517 Henricus
1762 2466 1988 2518 comes
2016 2444 2105 2517 de
2131 2445 2502 2540 Spanheim
2535 2456 2604 2517 et
2645 2446 2900 2539 Symon
2929 2446 3136 2516 frater
3163 2446 3348 2536 ejus,
3399 2447 3641 2519 Henri-

835 2589 959 2642 cus
994 2591 1226 2643 comes
1261 2570 1351 2643 de
1387 2570 1672 2642 Gemino
1704 2569 1917 2642 Ponte
1935 2620 1955 2657 ,
1997 2570 2253 2663 Symon
2290 2589 2519 2640 comae
2575 2567 2664 2640 de
2697 2558 3195 2656 Sarrebrukke,
3244 2568 3643 2643 Fredericus

835 2714 1063 2766 comes
1094 2693 1185 2766 de
1208 2693 1577 2787 Liningen,
1600 2692 1929 2764 Gerlakus
1964 2712 2195 2764 comes
2219 2690 2309 2764 de
2338 2692 2722 2785 Voltangen
2754 2687 2883 2787 (a),
2917 2690 3276 2763 Lotharius
3302 2714 3530 2765 comes
3554 2694 3643 2767 de

833 2817 1059 2891 Woda
1090 2816 1218 2915 (b),
1256 2816 1592 2891 Henricus
1614 2837 1844 2889 comes
1883 2814 1971 2887 de
1988 2815 2271 2906 Castris,
2310 2814 2706 2888 Gerhardus
2738 2835 2967 2887 comes
3000 2814 3091 2887 de
3129 2816 3346 2913 Dyze,
3388 2816 3642 2890 Wide-

832 2964 1082 3037 gowus
1101 2943 1194 3016 de
1216 2942 1543 3036 Albecge,
1567 2943 2005 3015 Hermannus
2025 2940 2115 3013 de
2139 2939 2583 3032 Muleuaken,
2622 2939 3007 3013 Fridericus
3035 2939 3125 3012 de
3143 2939 3493 3014 Risertheu
3520 2940 3637 3038 (c),

830 3066 1200 3140 Wernerus
1248 3067 1516 3162 dapifer
1576 3067 1666 3140 de
1728 3066 2092 3157 Bolandia,
2165 3066 2554 3139 Conrardus
2609 3066 2939 3160 pincerna
2995 3066 3085 3139 de
3138 3066 3639 3160 Cliugenburg,

832 3191 1268 3265 Eberhardus
1310 3191 1579 3286 dapifer
1611 3191 1702 3266 de
1742 3192 2112 3287 Walpurg,
2168 3191 2501 3263 Henricus
2536 3189 2955 3262 camerarius
3008 3188 3101 3261 de
3135 3190 3641 3283 Rabinsburge,

832 3325 898 3387 et
934 3316 1051 3388 alii
1077 3315 1546 3410 quamplures.

929 3438 1175 3509 Actum
1203 3437 1394 3533 apud
1425 3439 1768 3528 Luteram,
1807 3459 1990 3510 anno
2019 3437 2236 3531 gratie
2270 3437 2366 3509 Μο
2395 3436 2521 3509 CC⁰
2543 3436 2913 3509 XXX11110.

931 3561 1176 3632 Datum
1204 3561 1354 3633 XV⁰
1387 3561 1723 3635 kalendas
1755 3562 2024 3657 aprilis,
2063 3559 2440 3633 indictione
2474 3559 2791 3654 septima.

913 3804 1000 3885 (a)
1041 3805 1205 3867 Alias
1242 3802 1606 3887 Veleenqlten,
1637 3805 1887 3866 forsitan
1925 3799 2217 3864 Woldenz.

912 3909 998 3992 (b)
1037 3912 1202 3974 Alias
1226 3909 1296 3972 de
1334 3910 1532 3973 Weda.

912 4016 985 4097 (c)
1026 4018 1191 4080 Alias
1213 4016 1283 4079 de
1307 4014 1735 4080 Riverscloendt.

900 4391 971 4465 (4)
1007 4392 1215 4450 Nomen
1233 4393 1378 4466 apud
1393 4392 1657 4452 Miraeum
1679 4391 1849 4450 deest.
1874 4389 1937 4448 In
1967 4389 2291 4448 chartulario
2316 4389 2493 4463 prima
2512 4389 2629 4446 vice
2651 4387 2840 4461 legitur
2863 4386 3040 4445 Theol.
3064 4391 3122 4444 et
3134 4385 3368 4443 secunda
3382 4387 3643 4458 maqistor

836 4486 1015 4561 They*
1047 4488 1397 4563 (ΊῚιοραηυε),
1437 4493 1681 4546 truncata
1706 4488 1880 4546 forma
1896 4503 1997 4561 pro
2020 4485 2449 4560 Theyenhardus.
2470 4487 2564 4546 Vir
2583 4485 2671 4543 ille
2695 4486 2784 4558 qui
2803 4500 3051 4558 magnam
3078 4483 3220 4557 apud
3245 4483 3530 4540 Henricum
3553 4498 3648 4540 re-

832 4597 951 4655 gem
974 4590 1101 4642 tunc
1122 4586 1379 4659 temporis
1401 4600 1689 4659 personam
1716 4585 1851 4658 egit,
1877 4583 2240 4642 vicedominus
2272 4581 2747 4657 Magdeburgensis
2783 4586 2899 4639 erat
2942 4587 2999 4638 et
3031 4581 3242 4638 Henrici
3283 4581 3351 4638 de
3380 4582 3563 4638 Tanne
3586 4581 3642 4638 in

832 4683 1277 4751 protonotariatus
1298 4681 1467 4741 officio
1493 4697 1767 4741 successor
1788 4697 1933 4740 nunc
1952 4681 2186 4756 primum
2216 4686 2458 4755 apparet.
