4842 5802
955 507 1152 569 lxm.
1182 505 1274 590 9.]
1328 578 1335 585 ,
1876 503 2273 568 HISTORIA
2321 503 2908 568 mPLOMATICA.
3670 506 3788 571 831

952 664 1100 737 que
1133 642 1267 715 sub
1301 641 1587 715 obtentu
1614 639 1837 734 gratie
1868 649 2099 714 nostre
2130 641 2588 714 familiaribus
2624 640 2988 714 antedictis
3024 638 3509 714 mandavimus
3536 643 3788 717 obser-

956 765 1137 838 vari.
1186 765 1272 838 ln
1321 772 1660 859 quantum
1713 764 1919 837 etiam
1969 766 2252 838 moleste
2293 787 2621 859 germinus
2665 766 2934 838 illorum
2981 763 3328 859 nequitias
3374 766 3496 860 qui
3549 778 3790 842 contra

959 887 1196 963 federa
1238 889 1430 985 pacis
1478 888 1658 962 inter
1705 888 2081 962 Ecclesiam
2136 898 2206 963 et
2256 910 2383 963 nos
2428 890 2597 962 inite
2635 890 2992 962 venientes
3039 887 3434 985 opinionem
3485 901 3792 964 nostram

954 1014 1063 1089 sic
1096 1014 1467 1088 enormiter
1502 1012 1737 1087 ledere
1766 1013 2170 1106 moliuntur,
2200 1036 2343 1087 non
2386 1014 2579 1110 prius
2619 1013 2821 1086 vobis
2855 1012 3298 1086 scribendum
3332 1014 3636 1087 vidimus
3661 1015 3789 1088 ali·

957 1136 1136 1232 quid
1168 1158 1380 1235 quam
1410 1134 1755 1229 judicium
1800 1136 2113 1211 vindicte
2160 1136 2503 1233 significet
2533 1137 2972 1211 manifestum
3006 1136 3343 1210 indicium
3384 1139 3781 1213 voluntatis.

956 1262 1140 1336 mad
1174 1273 1406 1336 tamen
1441 1270 1667 1335 tacere
1702 1284 1842 1336 non
1875 1283 2271 1357 possumus,
2303 1262 2495 1356 quod
2531 1283 2811 1357 prorsus
2843 1284 2885 1334 a
2919 1282 3089 1334 sana
3124 1259 3366 1334 debuit
3394 1262 3788 1337 considera-

958 1386 1150 1460 tione
1202 1384 1562 1461 discedere
1614 1407 1743 1459 uos
1789 1395 2029 1459 contra
2081 1401 2285 1459 omne
2310 1388 2431 1479 jus
2487 1386 2800 1480 gentium
2849 1385 3019 1458 tanti
3067 1382 3396 1458 facinoris
3451 1387 3593 1460 fore
3637 1389 3788 1461 fau·

960 1520 1145 1585 tores
1175 1520 1257 1582 ut
1287 1510 1561 1583 illorum
1585 1510 2182 1583 dissimularemus
2212 1510 2532 1604 injurias,
2579 1531 2756 1604 quos
2792 1509 3022 1583 delere
3058 1509 3148 1583 de
3182 1510 3357 1583 libro
3396 1510 3785 1585 viventium

958 1656 1057 1709 ex
1087 1635 1294 1730 justis
1321 1644 1390 1709 et
1416 1634 2037 1708 innumerabilibus
2052 1634 2286 1707 causis
2317 1633 2899 1729 irreprehensibili
2929 1633 3190 1706 ratione
3224 1654 3607 1729 possemus.
3646 1638 3788 1710 Nec

956 1757 1096 1833 hoc
1128 1758 1335 1833 etiam
1381 1758 1698 1832 civitates
1720 1766 1794 1830 et
1828 1758 1979 1831 ioca
2021 1766 2358 1830 testantur
2388 1779 2528 1853 que
2550 1810 2583 1848 „
2609 1758 2769 1830 licet
2811 1755 3123 1852 tempore
3165 1756 3506 1831 scismatis
3535 1780 3784 1854 supra·

958 1884 1132 1957 dicti
1168 1883 1370 1957 vobis
1400 1882 1794 1957 adheserint
1816 1935 1837 1973 ,
1878 1882 1950 1954 in
1984 1891 2216 1955 nostra
2261 1890 2493 1955 tamen
2537 1882 2757 1976 gratia
2801 1889 3123 1954 revocate
3172 1883 3521 1954 communi
3554 1883 3790 1978 quiete

961 2007 1182 2081 nostri
1226 2006 1587 2101 regiminis
1647 2005 1931 2102 pacifice
1980 2007 2452 2102 perfruuntur.
2514 2006 2791 2078 Illorum
2849 2013 3157 2100 preterea
3215 2005 3592 2079 inveterata
3642 2010 3786 2100 jam

958 2131 1200 2204 fabula
1234 2131 1439 2204 silere
1472 2130 1758 2204 deberet
1799 2152 1926 2225 per
1956 2153 2169 2225 quam
2210 2130 2303 2202 ob
2338 2129 2576 2202 ruinas
2611 2129 3091 2221 ecclesiarum,
3129 2128 3220 2202 de
3261 2130 3521 2227 quibus
3561 2132 3789 2205 omnis

959 2279 1006 2328 a
1045 2256 1248 2328 nobis
1299 2255 1494 2328 abest
1546 2255 1823 2346 notitia,
1889 2264 2062 2328 teste
2114 2257 2295 2344 Deo,
2345 2264 2415 2328 et
2457 2256 2551 2329 ob
2600 2257 3124 2328 Sarmcenorum
3173 2254 3244 2325 in
3289 2253 3541 2350 Apulia
3585 2278 3788 2328 man-

958 2379 1258 2470 sionem,
1288 2379 1478 2475 apud
1514 2401 1641 2453 vos
1671 2389 1740 2452 et
1767 2379 2145 2452 Ecclesiam
2179 2378 2268 2452 de
2297 2378 2740 2452 indevotione
2766 2387 3109 2451 notamur.
3143 2378 3492 2474 Sedquod
3522 2400 3565 2452 a
3597 2389 3790 2475 patre

960 2522 1174 2596 quem
1209 2523 1420 2574 cause
1471 2510 1702 2574 nostre
1741 2498 2081 2594 justitiam
2126 2502 2414 2573 minime
2474 2502 2684 2574 tatere
2740 2501 3196 2593 credidimus,
3255 2500 3345 2574 de
3395 2503 3789 2576 sarracenis

963 2625 1134 2720 ipsis
1166 2625 1297 2697 fuit
1326 2624 1728 2719 hujusmodi
1758 2626 2043 2717 mentio,
2078 2647 2220 2699 non
2260 2625 2490 2699 mirari
2525 2625 2960 2700 solummodo
2991 2627 3329 2720 cogimur,
3362 2627 3487 2700 sed
3513 2627 3781 2719 dolere,

960 2747 1136 2821 dum
1169 2748 1433 2822 exinde
1466 2749 1771 2846 patimur
1802 2750 2058 2841 injuste
2107 2749 2616 2844 redargutionis
2664 2751 2943 2825 aculeos
2983 2749 3175 2823 unde
3213 2750 3616 2846 putavimus
3657 2751 3789 2824 de-

955 2870 1107 2947 bite
1141 2873 1362 2969 glorie
1407 2874 1751 2971 premium
1782 2884 2161 2971 reportare.
2198 2874 2401 2960 Quod
2450 2874 2637 2950 enim
2678 2897 2817 2949 non
2853 2874 3002 2949 sine
3049 2875 3265 2948 multo
3298 2875 3530 2950 labore
3573 2877 3787 2950 nostri

957 2999 1265 3094 corporis
1312 2999 1518 3074 etiam
1569 3008 1641 3074 et
1684 3008 2079 3073 metrorum
2130 2998 2441 3073 fidelium
2493 2999 2819 3097 periculis
2862 3009 2932 3074 et
2974 2999 3307 3096 expensis
3355 3022 3401 3073 e
3445 3000 3791 3075 montanis

956 3123 1191 3196 Sicilie
1224 3125 1752 3198 Sarracenorum
1792 3125 2216 3199 removimus
2244 3124 2655 3217 incolatum,
2689 3125 2815 3198 ubi
2867 3123 3100 3221 plures
3127 3124 3542 3198 christianos
3578 3147 3790 3220 quam

958 3246 1172 3320 bodie
1225 3247 1449 3320 insula
1493 3247 1806 3344 predicta
1841 3249 2224 3339 contineat,
2282 3248 2590 3344 ipsorum
2641 3248 2972 3344 iniquitas
3022 3249 3403 3340 interemit,
3461 3250 3651 3345 ipsos
3718 3249 3789 3321 in

962 3367 1194 3441 media
1242 3369 1766 3444 christianorum
1824 3371 2111 3468 planitie
2172 3372 2616 3463 collocanteS,
2678 3373 3036 3445 utilitatem
3088 3370 3486 3465 hujusmodi
3546 3395 3790 3446 sumus

962 3492 1234 3587 experti
1294 3492 1486 3588 quod
1557 3493 1726 3567 dum
1784 3495 2272 3567 catholicorum
2348 3496 2659 3591 quotidie
2710 3493 3145 3568 instruuntur
3194 3496 3569 3591 exempliS,
3619 3494 3788 3568 dum

965 3615 1267 3710 ipsorum
1310 3617 1555 3692 sedula
1592 3618 1888 3692 servitus
1933 3618 2199 3691 invidet
2235 3619 2568 3707 libertati,
2599 3618 2720 3690 loti
2759 3619 2944 3692 fonte
2982 3618 3410 3713 baptismatis
3441 3618 3533 3690 ad
3566 3618 3788 3690 chris-

965 3739 1303 3812 tianorum
1334 3740 1569 3834 ritum,
1607 3753 1815 3838 prout
1846 3764 1922 3815 se
1957 3742 2247 3838 quilibet
2287 3763 2569 3832 suorum
2607 3741 2927 3814 manibus
2967 3750 3192 3838 potest
3225 3741 3516 3837 eripere,
3552 3742 3644 3815 ad
3677 3765 3790 3815 ca-

960 3863 1213 3938 tholice
1253 3863 1417 3972 fidei
1463 3864 1755 3968 redeunt
1781 3868 2151 3959 unitatem3
2202 3864 2379 3940 adeo
2406 3867 2599 3963 quod
2629 3866 2956 3962 primates
3003 3866 3309 3962 ipsorum
3341 3865 3472 3964 qui¹
3495 3865 3790 3942 Alchadi

959 3984 1315 4076 dicuntur,
1364 3988 1537 4069 dum
1586 4010 1715 4063 nos
1768 4000 2123 4086 propterea
2170 3990 2445 4064 moveri
2489 3999 2844 4086 putarent,
2894 3989 3028 4062 sub
3057 4011 3252 4086 spem
3306 3987 3540 4063 damni
3574 3993 3789 4064 nostri

956 4112 1156 4208 quod
1200 4132 1333 4186 nos
1374 4114 1668 4209 proinde
1712 4115 1859 4211 pati
1908 4114 2268 4207 dicebant,
2312 4114 2514 4190 nobis
2553 4114 2630 4186 in
2677 4114 2931 4210 Apulia
2972 4115 3588 4200 commorantibus,
3643 4115 3788 4207 iam

963 4235 1233 4309 tertiam
1270 4247 1530 4332 partem
1570 4260 1808 4312 eorum
1856 4238 1946 4312 ab
1976 4238 2286 4334 ipsorum
2322 4236 2461 4309 ritu
2498 4236 2854 4309 reductam
2891 4236 2982 4311 ad
3028 4235 3193 4312 fidei
3237 4247 3468 4312 nostre
3513 4257 3792 4312 consor-

967 4356 1140 4430 tium
1170 4361 1637 4454 querebantur
1660 4390 1682 4457 3
1723 4372 1794 4436 et
1820 4364 2061 4460 procul
2095 4362 2311 4436 dubio
2339 4360 2645 4436 creditur
2680 4360 2877 4464 quod
2905 4361 2971 4435 si
2999 4363 3229 4436 futura
3263 4363 3602 4457 preteritis
3630 4384 3791 4435 con-

968 4479 1391 4574 formentur,
1454 4507 1593 4560 non
1663 4496 1822 4582 post
1860 4488 2075 4560 multa
2128 4486 2398 4560 dierum
2438 4485 2659 4580 spatia
2716 4506 2812 4558 ex
2872 4495 3010 4558 toto
3062 4484 3156 4559 de
3198 4485 3481 4580 reliquis
3521 4486 3795 4559 eveniet

973 4601 1143 4677 illud
1200 4605 1413 4680 idem.
1475 4610 1792 4706 Denique
1846 4612 2223 4684 litterarum
2279 4618 2665 4684 vestrarum
2712 4607 3006 4683 caudam
3057 4608 3607 4684 dissimulatione
3657 4632 3795 4682 non
