4842 5802
872 651 1070 732 mmm.
1104 669 1193 745 8.]
1772 659 2166 722 ins-roma
2218 654 2817 717 n11‘LouA'r1cA.
3578 632 3699 715 7‘33

872 814 1198 898 auguste,
1241 798 1621 872 Jerusalem
1663 797 1811 891 regi
1841 797 2127 889 regique
2157 790 2423 881 Sicilie,
2456 791 2532 861 F.
2575 788 2854 861 humilis
2894 809 3129 861 comes
3161 789 3232 859 in
3280 787 3434 860 Zolr
3462 787 3693 860 debite

870 925 1318 1019 subjectionis
1353 922 1838 995 reverentiam.
1875 920 2063 992 Sicut
2112 936 2334 1012 nuper
2368 935 2562 986 meas
2617 935 2742 1008 per
2778 912 3009 984 literas
3047 921 3272 985 vestre
3302 910 3690 1003 significavi

870 1048 1379 1146 magnificentie
1412 1044 1606 1141 quod
1630 1046 1702 1117 in
1730 1044 2040 1140 periculo
2069 1040 2371 1136 corporis
2399 1048 2471 1112 et
2503 1060 2735 1111 rerum
2760 1058 2982 1110 essem
3009 1038 3080 1108 in
3106 1034 3465 1109 obsidione
3485 1036 3688 1110 castri

869 1175 1157 1247 Achalm
1174 1227 1195 1264 ,
1225 1170 1400 1244 illud
1428 1168 1636 1242 modo
1663 1166 2019 1240 manifeste
2045 1163 2305 1237 indicio
2327 1160 2838 1257 comprobatur.
2872 1160 3127 1232 Omnes
3153 1160 3338 1232 enim
3373 1160 3508 1232 mei
3533 1179 3689 1232 ser-

868 1300 1134 1373 vientes
1171 1305 1241 1369 et
1271 1316 1365 1368 ex
1395 1291 1960 1366 ministerialibus
2005 1298 2161 1362 octo
2190 1285 2598 1361 vulneribus
2627 1284 2859 1355 infecti
2888 1291 2959 1355 et
2999 1283 3290 1354 nimium
3326 1283 3607 1354 cruciati
3642 1305 3688 1356 a

871 1420 1153 1494 domino
1214 1416 1636 1492 marscalcbo
1663 1412 1771 1511 (t)
1801 1421 1871 1487 et
1919 1436 1963 1487 a
2003 1412 2280 1486 domino
2322 1407 2414 1484 de
2451 1407 2635 1481 Nifin
2674 1406 2781 1503 (2)
2824 1416 2986 1479 sunt
3017 1407 3369 1502 captivati.
3398 1407 3686 1501 Insuper

867 1544 942 1616 in
971 1544 1180 1618 armis
1208 1550 1280 1614 et
1314 1541 1385 1611 in
1417 1537 1825 1635 equitaturis
1846 1558 1959 1609 me
1997 1555 2325 1629 meosque
2347 1533 2731 1627 spoliarunt
2753 1531 2943 1624 large
2965 1531 3058 1603 ad
3082 1539 3356 1603 centum
3390 1550 3680 1602 marcas.

866 1669 943 1740 In
978 1649 1500 1760 expugnatione
1533 1662 1718 1735 enim
1743 1654 1975 1733 =tocius
2010 1680 2161 1732 mee
2215 1657 2471 1729 familie
2498 1678 2858 1750 nunquam
2886 1655 3136 1748 aliquis
3165 1654 3295 1748 ipsi
3335 1653 3490 1726 tulit
3520 1654 3687 1726 sub·

868 1789 1153 1863 sidium.
1188 1788 1622 1883 Quapropter
1664 1784 1765 1880 (a)
1797 1770 2030 1857 vestre
2059 1781 2383 1855 exhortor
2414 1779 2843 1853 celsitudinis
2885 1777 3468 1850 bennivolentiam
3497 1800 3687 1871 qua-

865 1924 1068 1987 tenus
1127 1912 1298 1985 mihi
1357 1911 1430 1981 in
1489 1908 1790 2003 dampno
1842 1908 1940 1980 sic
1982 1904 2392 2001 importabili
2455 1903 2722 1978 auxilio
2764 1912 2833 1974 et
2887 1901 3169 1974 consilio
3229 1900 3678 1973 subveniatis.

866 2035 1214 2130 Quicquid
1245 2036 1419 2108 lator
1455 2032 1877 2129 presentium
1908 2030 2110 2103 vobis
2137 2027 2393 2103 dixerit
2424 2026 2638 2100 fidem
2675 2034 2906 2099 vestra
2939 2025 3263 2117 dignetur
3282 2023 3685 2096 excellentia

867 2161 1230 2234 adbibere.

975 2626 1371 2710 Conradus
1413 2627 1511 2707 de
1553 2621 2030 2725 Hohenloch‚
2082 2620 2480 2704 Heinricus
2523 2619 2987 2701 marscalcus
3030 2620 3128 2701 de
3169 2617 3684 2727 Bappenheim

864 2767 939 2839 et
984 2757 1070 2841 C.
1130 2759 1227 2840 de
1276 2757 1746 2866 Blochingen
1792 2754 2229 2863 imperatori
2294 2753 2651 2835 nuntiant
2706 2753 3092 2862 quomodo
3138 2777 3391 2835 comes
3439 2752 3684 2861 Egino

863 2891 961 2973 de
993 2889 1326 3000 friburg
1363 2918 1442 2973 se
1478 2890 1556 2971 in
1594 2888 1840 2972 Urach
1878 2887 2282 2971 muniverit
2314 2886 2664 2971 homines
2699 2886 2980 2969 ibidem
3017 2885 3476 2996 colligendo,
3499 2886 3681 2969 dum

861 3023 1005 3132 ipsi
1048 3024 1337 3108 viribus
1373 3023 1708 3107 destituti
1745 3031 2082 3105 castrum
2116 3021 2410 3129 Niphen
2450 3020 2797 3103 obsidere
2833 3045 2986 3102 non
3024 3020 3344 3127 possint.

940 3214 1022 3295 (a)
1061 3220 1309 3279 Ineunte
1347 3218 1503 3278 linea
1541 3231 1748 3277 vocem
1779 3216 2142 3293 Quapropter
2176 3216 2306 3290 jam
2347 3220 2651 3274 exaratam
2696 3215 2840 3273 rasit
2876 3213 3068 3273 scriba
3084 3255 3103 3285 ,
3132 3219 3205 3273 ut
3245 3213 3685 3289 praecedentem

862 3325 1217 3384 sententiam
1242 3323 1466 3384 scilicet
1489 3322 1563 3382 In
1589 3322 2049 3402 eoepuqnatione,
2080 3325 2215 3391 etc„
2240 3335 2349 3379 suo
2374 3319 2504 3379 loco
2534 3320 2831 3379 insereret.

932 3607 1006 3681 (4)
1045 3608 1144 3665 Hic
1170 3607 1345 3680 agitur
1367 3609 1436 3666 de
1467 3610 1721 3667 Anselmo
1752 3609 1821 3666 de
1843 3609 2155 3682 Justingen,
2175 3608 2399 3680 junioris
2421 3607 2634 3666 Henrici
2677 3607 2894 3664 assiduo
2927 3608 3161 3677 fautore,
3180 3623 3372 3680 quem,
3397 3616 3679 3683 postquam

861 3704 1065 3762 bellum
1090 3703 1232 3761 circa
1254 3711 1438 3776 partes
1470 3704 1644 3761 Rheni
1671 3705 2024 3777 incoepisset,
2054 3704 2356 3761 inimicitias
2385 3705 2441 3760 in
2469 3705 2663 3762 Suevia
2690 3705 2852 3761 etiam
2878 3710 3001 3777 post
3025 3705 3361 3777 imperatoris
3392 3706 3680 3765 adveutum

862 3802 919 3858 in
946 3801 1297 3860 Caesarianos
1318 3802 1623 3859 exercuisse
1639 3803 1906 3859 videmus.
1927 3803 2082 3857 Hunc
2105 3800 2264 3873 paulo
2288 3808 2411 3874 post
2435 3802 2788 3875 proscriptum
2805 3801 3060 3858 discimus
3084 3817 3151 3857 ex
3172 3801 3378 3858 Annal.
3397 3803 3449 3858 Z
3450 3805 3674 3876 wisan„

860 3915 951 3972 ap.
977 3898 1174 3967 Psnrz,
1201 3899 1469 3968 Bonum„
1494 3903 1536 3953 t.
1561 3898 1683 3969 ΧΠ,
1709 3914 1768 3971 p.
1800 3902 1891 3968 59,
1921 3898 2015 3955 ubi
2039 3897 2263 3970 legimus
2286 3898 2353 3954 ad
2389 3914 2517 3954 ann.
2551 3902 2688 3955 ⁴236
2713 3897 2928 3970 (rectius
2952 3897 3143 3970 4235);
3176 3917 3203 3949 ι
3222 3899 3497 3971 Justiugen
3535 3901 3675 3957 obsi—

860 3996 995 4054 dens
1027 3995 1220 4052 evertit
1246 3995 1629 4071 [Fridericusl.
1667 4015 1694 4047 n
1723 3996 1877 4053 Anno
1903 3998 2041 4052 ⁴236
2071 3997 2138 4053 ad
2165 3995 2498 4053 Fridericum
2536 3996 2783 4054 Austriae
2810 3997 3002 4053 ducem
3034 4012 3195 4068 quem
3220 3995 3397 4053 banuo
3413 3997 3675 4072 imperiali

860 4106 1074 4165 quoque
1100 4098 1459 4166 supposuerat
1494 4093 1803 4166 imperator,
1832 4091 2119 4149 Anselmus
2143 4092 2212 4150 de
2235 4092 2513 4165 Justingen
2537 4092 2771 4167 aufugit,
2796 4109 3028 4167 eumque
3065 4096 3123 4149 44
3168 4094 3475 4150 novembris
3516 4094 3675 4168 hujus

860 4189 985 4244 anni
1005 4189 1148 4262 apud
1164 4189 1431 4247 Neustadt
1455 4190 1511 4245 in
1534 4189 1687 4246 curia
1710 4189 1871 4261 hujus
1897 4188 2047 4245 ducis
2069 4194 2369 4245 morantem
2394 4188 2714 4246 invenimus.
2729 4188 2807 4246 Cf.
2823 4189 3265 4258 Huxnnn,Austr.
3280 4190 3567 4262 illustr.,p.
3581 4194 3641 4248 2⁴
3656 4233 3671 4247 .

858 4284 1013 4357 Apud
1032 4301 1192 4358 quem
1218 4287 1381 4344 etiam
1408 4286 1649 4344 substitit
1675 4302 1848 4359 usque
1867 4285 1934 4342 ad
1951 4284 2141 4358 julium
2171 4287 2334 4342 4244.
2357 4285 2441 4344 Cs.
2469 4287 2746 4356 Menan,
2774 4286 3104 4360 Babenberq.
3130 4288 3361 4358 Reyest„
3379 4287 3601 4360 passim.

931 4380 1005 4454 (2)
1041 4383 1255 4441 Scilicet
1271 4383 1551 4444 Heinricus
1572 4383 1753 4441 senior
1779 4384 1848 4440 de
1874 4382 2030 4439 Nil’en
2047 4424 2062 4453 ,
2089 4382 2184 4455 qui
2201 4389 2440 4440 castrum
2466 4382 2687 4440 Achalm
2714 4399 2781 4440 ex
2804 4391 2957 4456 parte
2976 4383 3164 4440 matris
3190 4398 3320 4440 suae
3339 4384 3493 4456 quasi
3516 4400 3677 4444 suum

861 4477 1197 4536 vendicabat.
1235 4481 1484 4538 Extincta
1514 4481 1658 4538 enim
1691 4480 1747 4537 in
1781 4481 2033 4537 masculis
2057 4480 2314 4556 comitum
2346 4479 2777 4537 Achalmensium
2815 4481 2982 4550 linea,
3016 4480 3301 4554 imperator
3328 4481 3430 4538 boc
3461 4481 3675 4541 feodum

862 4572 931 4629 ad
960 4574 1166 4648 imperii
1192 4575 1484 4634 dominium
1510 4584 1857 4635 revocaverat
1881 4576 1980 4648 (Cr.
2010 4575 2559 4643 SusumWiv-temb.
2573 4575 2777 4648 yosch„
2806 4583 2844 4632 t.
2869 4577 2936 4646 11,
2957 4593 3014 4648 p.
3039 4578 3143 4634 455
3172 4583 3228 4633 et
3245 4577 3388 4648 572),
3414 4583 3471 4634 et
3496 4594 3676 4636 arcem

862 4669 1062 4741 optime
1094 4673 1354 4729 munitam
1381 4674 1562 4731 comiti
1596 4674 1666 4732 de
1691 4673 1898 4731 Zollern
1922 4689 2020 4730 suo
2048 4673 2262 4730 nomine
2291 4673 2691 4730 custodiendam
2726 4673 3084 4732 commiserat.
3106 4674 3279 4744 Quam
3309 4681 3487 4732 tamen
3523 4692 3557 4733 a
3587 4693 3676 4734 re·

861 4763 1092 4824 bellibus
1117 4775 1476 4842 expugnatam
1510 4770 1675 4829 fuisse
1701 4775 2035 4843 compertum
2062 4769 2345 4827 habemus.

3729 2640 3873 2691 [Circa
3884 2640 4087 2694 Julian]
