4842 5802
1209 655 1331 717 594
2118 724 2130 737 ,
2254 661 2601 726 HENRICI
2649 664 2984 726 SEPTlm
3651 665 3810 745 [Anu.
3848 664 4030 731 1232.

1375 789 1716 869 (Memorat.
1739 809 1837 871 ap.
1868 793 2113 855 Vernoeh
2130 796 2289 856 einer
2311 796 2584 861 Dav-stell.
2608 797 2706 861 des
2725 797 3091 876 reichfieim
3122 795 3287 871 Stia.
3312 794 3583 879 Enqdb..
3607 816 3669 876 p.
3692 806 3794 873 68,
3812 805 3941 861 not.
3963 808 4023 861 5.

1451 897 1689 958 Adsunt
1713 901 1777 959 in
1806 898 2036 962 archivo
2059 900 2406 984 Enqelberq.
2439 906 2560 967 duo
2584 906 2767 985 hujus
2792 906 3059 967 mandati
3083 905 3463 981 exemplaria,
3490 904 3669 967 ambo
3694 905 4025 985 originalia,

1450 1021 1638 1065 unum
1672 1022 1850 1081 penes
1889 1007 2159 1069 abbatem
2173 1051 2192 1080 ‚
2222 1011 2472 1071 alterum
2509 1028 2690 1089 penes
2727 1012 3092 1073 defensorem
3131 1014 3470 1072 monasterii
3504 1012 3896 1073 verisimssiter
3933 1028 4028 1072 re-

1452 1126 1749 1172 mansura.
1788 1113 1943 1174 Huic
1968 1116 2157 1191 primo
2181 1115 2395 1178 desunt
2409 1124 2583 1179 uotae
2615 1119 3057 1198 chronologicae
3074 1163 3093 1192 ‚
3126 1135 3280 1197 quae
3314 1118 3593 1196 leguntur
3614 1118 3679 1178 in
3702 1117 4032 1196 fragmento

1451 1232 1834 1295 pergamenae
1873 1235 2033 1280 nunc
2085 1225 2249 1282 trans
2299 1224 2581 1302 originale
2623 1226 2842 1287 insuto.
2889 1224 3230 1287 Secundum
3273 1231 3473 1286 autem
3523 1226 3821 1304 integrum
3874 1222 4032 1286 insta

1453 1321 1799 1384 exhibemus
1823 1324 1901 1384 ad
1934 1341 2076 1386 ann.
2106 1334 2481 1408 sequentem,
2518 1338 2581 1389 11
2620 1328 2931 1411 januarii.)

1310 1508 1482 1579 Data
1507 1509 1696 1604 apud
1734 1511 2162 1606 Hagenowe,
2219 1514 2333 1586 1111
2369 1536 2585 1588 nonas
2613 1514 3027 1606 decembriS,
3064 1488 3440 1591 indictione
3469 1516 3587 1590 VI.

1669 1846 2315 1860 —nm-—o—*u-—u
2323 1849 2546 1860 ψ.-

876 2154 1078 2261 ⁸332,
1320 2141 1727 2249 HenricuS‚
1769 2141 2289 2225 Romanorum
2325 2168 2500 2248 rex,
2560 2143 2857 2227 scholas
2910 2144 2991 2223 in
3044 2137 3591 2249 Miihlhausen,
3642 2143 3837 2225 sicut
3890 2142 4034 2225 sibi

1214 2276 1410 2357 cives
1448 2274 1590 2383 ipsi
1620 2273 1750 2384 jus
1794 2286 2426 2383 recognoverunt,
2465 2276 2822 2359 ecclesiae
2860 2276 3114 2358 Sancti
3148 2275 3379 2359 Blasii
3416 2276 3683 2382 donat,
3724 2274 4035 2358 Alberto

823 2262 851 2303 9
869 2262 1129 2305 decembria-

1210 2407 1540 2518 plebano
1609 2419 1683 2489 et
1747 2406 2308 2491 successoribus
2372 2407 2540 2518 ejus
2603 2409 3022 2491 concedens
3085 2417 3173 2492 ut
3235 2408 3441 2519 ipsas
3495 2408 3796 2494 scholas
3858 2433 4035 2490 cum

1211 2539 1622 2623 elemosina
1657 2538 1896 2649 regali
1934 2539 2287 2621 ordinare
2323 2538 2642 2647 possint.

1379 2775 1624 2849 (Inedst.
1657 2792 1734 2834 ex
1761 2776 1929 2852 copia
1956 2774 2033 2834 ab
2064 2776 2337 2835 Heinrico
2373 2774 2586 2835 abbate
2629 2775 2705 2835 de
2731 2775 3162 2836 Volkolderode
3196 2792 3355 2837 anno
3387 2785 3539 2838 1348
3573 2782 3946 2853 transumpta
3980 2782 4041 2835 et

1452 2884 1514 2942 in
1543 2880 1781 2942 archivo
1813 2880 2124 2941 Drasdensi
2162 2880 2509 2958 asservata.)

1313 3095 1701 3184 Heinricu5‚
1743 3095 1867 3166 Dei
1904 3095 2124 3189 gratia
2159 3097 2618 3167 Romanorum
2673 3117 2799 3167 rex
2852 3104 2921 3166 et
2975 3116 3245 3189 semper
3277 3105 3652 3188 augustae,
3701 3096 4043 3168 universis

1220 3218 1487 3312 imperii
1525 3217 1850 3291 fidelibus
1886 3218 2143 3313 quibus
2175 3219 2303 3290 hee
2329 3219 2553 3291 littere
2571 3219 2821 3291 fuerint
2849 3227 3123 3290 ostense
3143 3270 3164 3308 ,
3195 3220 3485 3312 gratiam
3519 3239 3716 3290 suam
3749 3229 3818 3290 et
3842 3239 4046 3290 omne

1220 3345 1506 3416 bonum.
1544 3343 1712 3415 Cum
1740 3365 1943 3416 omne
1967 3346 2083 3436 jus
2111 3353 2512 3439 patronatus
2543 3364 2779 3416 earum
2816 3341 3259 3415 ecclesiarum
3294 3364 3592 3437 quarum
3635 3342 3913 3415 donatio
3953 3341 4044 3415 ad

1224 3490 1351 3539 nos
1377 3467 1715 3562 pertinere
1752 3467 2132 3539 dinoscitur
2166 3477 2233 3539 et
2259 3489 2376 3539 eas
2411 3467 2772 3563 parochias
2810 3467 3028 3560 magis
3060 3488 3332 3561 semper
3367 3466 3757 3559 augmentis
3788 3478 3858 3539 et
3893 3467 4046 3538 aliis

1224 3590 1677 3684 dignitatibus
1705 3593 2011 3662 exaltare
2034 3589 2174 3687 (a),
2230 3600 2468 3663 notum
2503 3612 2655 3663 esse
2698 3591 3023 3663 volumus
3049 3590 3394 3664 universis
3432 3589 3626 3686 quod
3658 3611 3786 3662 nos
3829 3590 4047 3663 scolas

1227 3716 1300 3787 in
1336 3715 1742 3805 Mulhusen,
1792 3715 1972 3786 sicut
2007 3715 2137 3811 ipsi
2175 3714 2364 3787 cives
2396 3715 2608 3787 nostri
2638 3715 2709 3785 in
2746 3716 2808 3807 ej
2820 3714 3058 3787 usdem
3086 3711 3180 3810 (b)
3212 3714 3678 3809 assignatione
3711 3714 3907 3787 nobis
3930 3718 4047 3806 jus

1229 3848 1824 3933 recognoverunt,
1881 3839 2169 3912 ecclesie
2216 3839 2447 3911 Sancti
2491 3839 2698 3912 Blasii
2736 3839 2827 3912 de
2873 3850 3098 3911 cetero
3129 3839 3593 3911 concessimus
3624 3847 3693 3910 et
3727 3836 4049 3910 dedimus

1231 3963 1637 4052 locandam;
1694 3961 2009 4035 eamdem
2054 3962 2342 4055 gratiam
2374 3962 2654 4036 Alberto
2699 3969 2866 4033 tunc
2894 3961 3219 4056 temporis
3249 3962 3347 4033 ibi
3395 3962 3690 4054 plebano
3717 3967 3786 4030 et
3820 3967 4052 4031 nostro

1236 4085 1639 4180 cappellano
1671 4094 1740 4157 et
1773 4085 1930 4158 aliis
1953 4086 2102 4156 suis
2123 4085 2636 4157 successoribus
2673 4083 2763 4156 de
2789 4093 3022 4156 nostra
3048 4082 3519 4156 munificentia
3556 4082 3915 4169 facientes,
3954 4081 4051 4152 ita

1237 4207 1427 4303 quod
1463 4207 1555 4281 de
1591 4216 1815 4280 cetero
1836 4206 1929 4280 ad
1960 4207 2383 4280 voluntatem
2406 4228 2646 4280 eorum
2674 4208 2979 4300 regimen
3005 4207 3263 4279 scolare
3288 4215 3357 4279 et
3383 4207 3566 4300 ipsas
3596 4204 3818 4276 scolas
3845 4203 4052 4277 etiam

1204 4387 1207 4390 -
1241 4354 1401 4406 cum
1431 4332 1803 4405 elemosina
1838 4352 1976 4424 que
2011 4329 2083 4399 in
2123 4331 2367 4402 eadem
2404 4330 2683 4404 civitate
2719 4339 2948 4403 nostra
2979 4330 3344 4404 Mulhusen
3382 4329 3636 4401 dicitur
3682 4327 4055 4402 elemosina

1244 4458 1496 4551 regalis
1519 4511 1539 4545 ,
1573 4454 1895 4529 ordinare
1925 4454 2234 4548 possint,
2275 4454 2454 4525 sicut
2478 4455 2627 4525 suis
2652 4452 2933 4547 justitiis
2965 4463 3034 4526 et
3061 4452 3472 4525 utilitatibus
3512 4451 3815 4526 viderint
3843 4471 4056 4545 expe·

1329 4657 1412 4737 (a)
1449 4659 1627 4719 Deest
1651 4661 1715 4717 in
1743 4659 1909 4734 copia
1934 4654 2230 4717 debeamus
2266 4658 2359 4717 vel
2389 4657 2753 4735 hujusmodi.

1334 4765 1412 4846 (b)
1457 4768 1553 4828 Sic
1580 4774 1641 4827 et
1665 4766 1822 4827 intra
1850 4783 2085 4844 quoque
2124 4763 2424 4826 beandam
2450 4767 2857 4845 singulariter,
2899 4766 3038 4827 licet
3059 4765 3135 4826 ad
3160 4780 3365 4827 vocem
3390 4758 3605 4825 scholas
3631 4761 3974 4824 referantur.
