4842 5802
853 651 1051 713 Ineter.
1084 646 1168 731 9.]
1610 630 1647 679 Ψ·
1744 640 2170 706 ΗΙὸΤΟῙὶΙῙΑΞ
2192 638 2783 706 bleLOMATch.
3563 636 3685 698 809

964 1211 1373 1322 Reatinus,
1416 1214 1739 1325 Angliae
1772 1240 1938 1322 rex,
1976 1214 2389 1319 FridericO,
2428 1215 2951 1299 Romanorum
2986 1213 3455 1321 imperatori,
3494 1237 3684 1321 gra-

858 1342 1006 1426 tias
1043 1344 1203 1453 agit
1237 1347 1447 1455 quod
1491 1347 1561 1430 ei
1612 1345 1983 1455 placuerit
2025 1373 2287 1429 casum
2337 1347 2770 1430 inauditum
2815 1346 2949 1455 qui
2994 1346 3073 1426 in
3109 1345 3456 1454 partibus
3496 1343 3687 1426 Ale-

863 1462 1219 1559 manniae
1289 1478 1601 1584 accidit,
1661 1478 1805 1561 sibi
1877 1479 2479 1584 communicare3
2538 1480 2992 1586 magistrum
3051 1475 3497 1559 Gualterum
3558 1475 3687 1579 [de

866 1609 1097 1715 Ocra]
1150 1611 1629 1720 imperatoris
1682 1611 2082 1719 clericum,
2139 1638 2371 1723 quem
2427 1611 2678 1693 adhuc
2729 1634 2959 1719 penes
3016 1634 3096 1691 se
3142 1608 3491 1713 retinuit,
3541 1608 3687 1690 sub

863 1742 1213 1850 proximo
1249 1744 1741 1828 remissurus.
3465 1760 3479 1766 ’

1031 1968 1221 2050 (Edit.
1251 1987 1348 2048 ap.
1378 1970 1630 2042 Brun,
1655 1968 1930 2045 Foedera,
1957 1971 2369 2045 conventiones,
2399 1976 2543 2048 etc„
2575 1974 2622 2029 t.
2652 1970 2704 2044 Ι,
2733 1984 2789 2045 p.
2824 1968 2991 2046 224.)

971 2166 1264 2241 Domino
1294 2189 1422 2240 suo
1455 2190 1537 2241 ac
1574 2165 1944 2263 magnifico
1970 2168 2082 2257 F.,
2111 2167 2234 2241 Dei
2269 2166 2486 2261 gratia
2509 2168 2970 2240 Romanorum
3002 2165 3395 2260 imperatori
3420 2186 3695 2260 semper

871 2302 1195 2388 augustO,
1232 2304 1401 2382 etc.,
1427 2293 1614 2366 fratri
1652 2291 2121 2384 dilectissimo,
2155 2293 2492 2364 Henricus
2527 2290 2771 2364 eadem
2802 2293 3017 2386 gratia
3048 2312 3179 2362 rex
3211 2289 3480 2382 Anglie,
3523 2300 3687 2379 etc.,

871 2416 1164 2489 salutem
1190 2426 1258 2489 et
1289 2438 1562 2512 semper
1599 2417 1830 2488 felices
1863 2417 1953 2489 de
1987 2415 2300 2488 hostibus
2335 2414 2744 2511 triumphos.
2781 2415 3180 2488 Venientem
3222 2415 3314 2488 ad
3350 2436 3476 2487 nos
3507 2415 3701 2485 Hen-

880 2542 1089 2631 ricum
1129 2541 1218 2613 de
1255 2538 1437 2636 Aeys
1471 2538 1796 2637 (AquisY)
1836 2540 2208 2635 imperialis
2242 2540 2400 2612 aule
2441 2540 2949 2633 marescallum,
2992 2539 3325 2611 nuncium
3363 2548 3694 2625 vestrum,

876 2664 1008 2735 lete
1044 2664 1219 2735 sicut
1272 2663 1502 2735 decuit
1546 2674 1615 2736 et
1666 2662 2035 2736 honorifice
2079 2663 2502 2758 recepimus3
2547 2662 3057 2757 magnificentie
3107 2672 3335 2736 vestre
3387 2662 3701 2757 copiosas

878 2787 1317 2859 exsolventes
1356 2787 1728 2880 gratiarum
1762 2788 2067 2860 actiones
2103 2787 2293 2882 quod
2330 2787 2590 2882 placuit
2625 2787 2825 2861 vobis
2880 2809 3116 2860 casum
3169 2809 3212 2860 a
3261 2786 3458 2858 nobis
3508 2785 3704 2881 prius

877 2911 1270 2984 inauditum
1305 2912 1427 3007 qui
1467 2934 1689 3007 nuper
1722 2911 1978 2985 accidit
2011 2912 2083 2983 in
2126 2912 2437 3007 partibus
2472 2912 2754 3003 vestris,
2790 2912 2991 2985 nobis
3028 2911 3534 2984 communicare
3569 2909 3697 3005 (l).

955 3219 1030 3292 (l)
1069 3220 1191 3276 Non
1219 3219 1568 3276 dubitandum
1594 3233 1876 3276 censemus
1898 3217 2030 3292 quin
2058 3217 2146 3274 bic
2168 3222 2354 3289 agatur
2381 3217 2451 3274 de
2479 3217 2719 3275 inaudito
2742 3216 2970 3289 quodam
2999 3216 3221 3274 crimine
3248 3222 3375 3273 tunc
3401 3217 3455 3273 in
3475 3216 3709 3275 ludaeos

879 3315 1166 3374 intentato.
1202 3318 1277 3373 De
1314 3332 1423 3389 quo
1453 3316 1528 3373 ita
1554 3316 1856 3374 Chronicon
1878 3314 2280 3388 Erphordiense
2307 3332 2323 3369 ε
2352 3334 2380 3369 α
2410 3315 2524 3371 Hoc
2551 3329 2692 3370 anno
2723 3314 2770 3373 V
2796 3313 3050 3370 kalendas
3070 3314 3302 3386 januarii
3328 3316 3424 3385 (28
3460 3314 3704 3371 decemb.

884 3416 908 3467 4
920 3412 1041 3484 235)
1061 3414 1116 3469 in
1133 3413 1302 3469 Fulda
1318 3413 1506 3468 ludaei
1529 3413 1805 3486 utriusque
1824 3428 1985 3469 sexus
2004 3411 2219 3485 triginta
2242 3416 2474 3485 quatuor
2496 3426 2528 3467 a
2550 3411 2931 3484 crucesignatis
2954 3410 3257 3468 christianis
3280 3417 3406 3466 sunt
3425 3412 3706 3485 perempti,

886 3509 1138 3581 quoniam
1158 3510 1264 3566 duo
1284 3524 1349 3564 ex
1372 3509 1557 3565 iisdem
1575 3509 1788 3565 ludaeis
1811 3509 1867 3564 in
1889 3514 2071 3565 sancto
2089 3508 2176 3564 die
2199 3507 2392 3564 Christi
2411 3508 2691 3580 cujusdam
2719 3507 3089 3565 molendinarii
3110 3548 3219 3565 .....
3246 3508 3486 3580 quinque
3512 3524 3709 3580 pueros

884 3604 1262 3662 miserabiliter
1302 3604 1681 3661 interemerant
1707 3621 1772 3662 ac
1796 3605 2037 3678 ipsorum
2064 3605 2378 3676 sanguinem
2419 3603 2476 3660 in
2510 3605 2686 3662 saccis
2720 3620 2845 3662 cera
2875 3605 3039 3662 linitis
3069 3611 3443 3677 susceperant,
3479 3605 3709 3678 igneque

883 3701 1067 3759 domui
1111 3703 1388 3775 supposito
1415 3701 1744 3758 recedentes.
1782 3701 1946 3774 Cujus
1983 3701 2064 3758 rei
2095 3706 2321 3759 veritate
2360 3706 2638 3774 comperta
2675 3705 2732 3757 et
2763 3701 2832 3758 ab
2875 3702 3006 3776 ipsis
3045 3701 3151 3758 reis
3184 3701 3400 3758 ludaeis
3432 3702 3704 3769 confessa,

885 3799 1057 3873 puniti
1087 3804 1213 3855 sunt
1236 3803 1298 3853 ut
1327 3812 1494 3873 supra
1516 3797 1715 3854 dictum
1743 3803 1843 3855 est.
1876 3817 1902 3851 n
1926 3797 2029 3871 Ap.
2066 3799 2368 3868 Βοειιιικιι,
2398 3797 2620 3867 Fontes,
2652 3803 2693 3852 t.
2723 3796 2802 3866 11,
2842 3814 2900 3871 p.
2940 3799 3066 3854 397.
3106 3799 3241 3855 Rem
3284 3813 3498 3871 quoque
3538 3798 3709 3856 fusius

884 3900 1107 3953 narrant
1135 3894 1368 3952 Annales
1399 3896 1826 3968 Argentinenses,
1859 3895 1928 3952 ad
1955 3912 2080 3952 ann.
2110 3897 2269 3965 ⁴236,
2298 3893 2526 3966 Ibidem,
2555 3900 2595 3951 t.
2624 3895 2717 3967 111,
2747 3912 2802 3969 p.
2836 3898 2940 3952 ⁴09
2973 3913 2987 3950 :
3015 3915 3042 3948 α
3065 3895 3265 3952 Eodem
3290 3901 3528 3970 tempore
3564 3899 3708 3971 apud

886 3992 1150 4050 Fuldense
1172 3992 1559 4049 monasterium
1586 3991 1737 4048 Judei
1765 3991 2030 4064 quosdam
2054 4007 2251 4064 pueros
2276 3990 2595 4050 christianos
2616 3990 2672 4047 in
2698 3991 2931 4064 quodam
2956 3991 3258 4050 molendino
3287 3999 3347 4050 ut
3379 4009 3445 4050 ex
3471 3994 3549 4051 eis
3582 4010 3710 4052 san-

885 4089 1103 4163 guinem
1142 4089 1210 4146 ad
1253 4104 1412 4147 suum
1455 4089 1753 4146 remedium
1798 4088 2080 4159 elicerent,
2115 4095 2479 4162 peremerunt.
2514 4087 2670 4146 Unde
2714 4089 2862 4146 cives
2892 4090 3132 4162 ejusdem
3161 4090 3391 4147 civitatis
3417 4091 3614 4148 multos
3641 4107 3708 4148 ex

885 4186 1068 4244 Judois
1094 4186 1417 4243 occiderunt.
1453 4186 1560 4244 Sed
1586 4202 1709 4243 cum
1742 4170 2031 4260 puerorum
2057 4201 2283 4259 corpora
2315 4186 2370 4242 in
2403 4192 2642 4243 castrum
2673 4186 2981 4258 Hagenowe
3015 4186 3193 4244 delata
3226 4194 3282 4244 et
3313 4187 3513 4244 ibidem
3542 4204 3707 4245 vene·

885 4283 1124 4341 rabiliter
1157 4284 1418 4341 tumulata
1438 4283 1685 4356 fuissent,
1710 4284 2002 4358 imperator
2023 4282 2308 4341 tumultum
2331 4284 2425 4358 qui
2451 4290 2568 4342 tum
2593 4290 2779 4342 contra
2802 4285 3002 4342 Judeos
3042 4290 3191 4343 ortus
3212 4291 3313 4356 est,
3341 4285 3491 4342 aliter
3516 4287 3706 4342 sedare

887 4394 996 4437 non
1019 4380 1222 4450 valens,
1252 4380 1452 4439 multos
1472 4381 1619 4438 viros
1656 4387 1930 4455 potentes,
1960 4396 2182 4455 magnos
2207 4386 2264 4439 et
2295 4380 2553 4439 litteratos
2588 4397 2657 4439 ex
2691 4382 2914 4439 diversis
2944 4382 3189 4456 partibus
3217 4397 3551 4450 convocanS,
3588 4382 3711 4440 dili·

888 4481 1075 4548 genter
1117 4491 1150 4533 a
1184 4478 1517 4550 sapientibus
1549 4477 1827 4551 inquisivit
1851 4485 2032 4535 utrum
2048 4521 2063 4550 ,
2103 4478 2241 4536 sicut
2272 4477 2413 4536 fama
2446 4478 2743 4536 communis
2773 4478 2967 4550 habet,
3004 4479 3156 4536 Judei
3191 4478 3542 4536 christianum
3576 4495 3706 4536 san-

886 4571 1102 4643 guinem
1130 4572 1186 4629 in
1215 4575 1510 4631 parasceve
1537 4582 1900 4635 necessu-ima
1930 4575 2225 4645 baberent3
2266 4574 2492 4633 firmiter
2523 4591 2831 4650 proponens
2870 4575 2917 4633 si
2947 4575 3051 4633 hoc
3073 4576 3124 4633 ei
3155 4575 3222 4633 de
3249 4592 3379 4634 vero
3406 4582 3706 4644 constaret,

891 4667 1173 4726 universos
1202 4670 1412 4743 imperii
1438 4671 1523 4728 sui
1551 4672 1749 4731 ludeos
1775 4671 1888 4730 fore
1914 4672 2273 4746 perimendos
2304 4674 2505 4731 Verum
2529 4672 2656 4744 quia
2679 4672 2840 4729 nichil
2867 4673 2998 4729 certi
3025 4689 3187 4747 super
3211 4673 3316 4730 hoc
3341 4674 3573 4747 experiri
3599 4690 3711 4747 po-

892 4768 1059 4836 terat,
1086 4766 1346 4824 severitas
1385 4767 1675 4842 imperialis
1709 4770 2001 4844 propositi„
2032 4776 2247 4844 accepta
2289 4775 2468 4827 tamen
2499 4786 2532 4826 a
2553 4769 2736 4827 Judeis
2770 4785 2964 4843 magna
3005 4771 3258 4845 pecunia,
3294 4770 3351 4827 in
3381 4769 3534 4827 brevi
3572 4787 3710 4830 con-

1053 4863 1155 4926 Π.
1198 4879 1311 4926 Pan
1334 4884 1377 4927 2.
3271 4878 3383 4931 102

3757 1216 4045 1313 WinAdgglqm
4055 1296 4070 1317 a

3762 1325 3816 1368 24
3846 1323 4071 1367 februarii.
