4842 5802
863 607 1062 671 tunm.
1091 606 1182 684 9.]
1769 602 2157 664 msronm
2210 601 2796 663 mpnom‘nm
3189 586 3194 591 ’
3570 600 3689 660 877

862 744 954 817 ad
995 741 1361 815 terminum
1388 740 1615 834 ipsum
1657 739 1985 831 usquein
2019 740 2266 810 Festum
2307 747 2474 809 tunc
2506 738 2899 832 proximum
2945 735 3441 809 Purificationis
3486 737 3687 809 beate

862 866 1166 961 Virginis
1199 862 1741 958 prorogandum.
1780 863 1991 955 Cujus
2039 861 2509 956 compromissi
2554 861 2768 933 forma
2805 870 2875 933 et
2911 860 3062 952 die,
3111 869 3312 956 prout
3361 882 3483 956 per
3520 882 3683 933 nos·

862 999 1043 1062 trum
1071 987 1458 1084 predictum
1511 986 1826 1058 nuntium
1876 986 2232 1081 propalam
2275 986 2697 1079 accepimus,
2752 1006 2872 1080 per
2925 983 3172 1057 Sedem
3222 985 3677 1080 Apostolicam

861 1112 1264 1206 acceptatis,
1307 1121 1375 1182 et
1413 1110 1724 1205 predicto
1755 1109 2082 1201 magistro
2114 1109 2687 1181 Theutonicorum
2722 1106 2810 1179 de
2849 1107 3170 1180 mandato
3203 1120 3435 1180 nostro
3461 1116 3529 1179 et
3561 1129 3677 1180 re-

860 1235 1228 1329 quisitione
1263 1255 1441 1329 pape
1492 1254 1630 1304 una
1684 1240 1840 1304 cum
1876 1231 1953 1303 G.
2001 1230 2091 1303 de
2124 1231 2484 1303 Arnestein
2524 1231 2699 1302 sacri
2761 1231 3029 1325 imperii
3091 1232 3163 1301 in
3213 1232 3403 1302 Italia
3450 1232 3676 1324 legato

862 1359 1054 1431 velut
1078 1357 1170 1429 ad
1201 1356 1671 1451 recipiendum
1696 1356 2352 1428 consummationem
2378 1355 2630 1448 negotii
2664 1354 3103 1449 procedente,
3143 1355 3310 1426 dum
3338 1376 3459 1449 per
3485 1357 3676 1426 Lom-

863 1482 1178 1553 bardiam
1261 1479 1672 1552 venerabilis
1727 1533 1745 1551 .
1810 1534 1826 1549 .
1891 1533 1908 1549 .
1967 1478 2350 1573 patriarcha
2433 1478 2912 1550 Antiochensis
2967 1478 3064 1573 (a)
3126 1478 3247 1571 qui
3324 1476 3414 1550 de
3488 1479 3676 1571 lega-

861 1607 1044 1678 tione
1079 1605 1277 1677 Sedis
1326 1605 1714 1700 Apostolice
1744 1605 1889 1696 jam
1928 1626 1969 1675 a
2018 1604 2255 1695 majori
2291 1612 2483 1697 parte
2515 1601 3055 1674 Lombardornm
3083 1602 3388 1695 ipsorum
3426 1623 3550 1697 pro
3581 1600 3674 1697 (b)

863 1740 1055 1826 parte
1086 1730 1393 1803 Ecclesie
1423 1729 1991 1825 compromissum
2017 1739 2392 1824 receperat,
2430 1728 2868 1823 pertransiret
2896 1726 3088 1821 apud
3114 1729 3451 1800 Veronam
3483 1729 3675 1800 exis-

860 1832 1044 1947 tenS,
1080 1843 1685 1949 compromissione
1719 1855 1978 1947 prefata
2003 1852 2388 1949 pendente,
2438 1864 2736 1925 rectores
2772 1851 3111 1923 societatis
3139 1852 3448 1944 ejusdem
3501 1852 3672 1924 civi·

860 1988 1066 2052 tatem
1115 1980 1576 2052 Veronensem
1637 1979 1708 2048 in
1762 1978 1981 2049 oculis
2044 1977 2264 2072 ipsius
2313 1976 2658 2069 magistri,
2723 1976 3057 2068 premissa
3110 1974 3401 2069 proinde
3458 1977 3675 2046 multa

859 2104 1154 2201 pecunia
1192 2114 1259 2176 et
1294 2103 1578 2177 occultis
1605 2102 1758 2173 aliis
1786 2101 2178 2194 fraudibus,
2234 2102 2565 2173 instanter
2605 2100 2695 2171 ab
2737 2098 3087 2192 obsequiis
3126 2101 3374 2171 nostris
3409 2101 3673 2194 eripere

859 2228 1298 2321 satagebant,
1335 2237 1404 2299 et
1432 2226 1844 2320 eripuissent
1895 2227 2168 2320 utique,
2211 2226 2267 2297 si
2315 2224 2622 2316 magistri
2671 2223 3010 2318 presentia
3067 2244 3205 2295 non
3266 2224 3505 2295 fuisset
3539 2224 3662 2318 (l).

858 2348 1118 2421 Eodem
1152 2350 1480 2443 magistro
1530 2359 1598 2420 et
1640 2347 1721 2420 G.
1774 2349 2028 2422 deinde
2075 2348 2266 2443 apud
2299 2349 2460 2419 Este
2506 2347 2595 2418 de
2634 2346 2919 2419 consilio
2968 2347 3348 2441 patriarche
3381 2347 3668 2442 predicti

860 2473 1319 2568 presentibus,
1350 2474 1472 2545 nbi
1492 2483 1787 2546 rectores
1801 2471 2091 2566 predicti
2105 2474 2524 2544 acclamento
2542 2479 2931 2543 contractus
2954 2472 3146 2565 pacis
3171 2493 3366 2542 suam
3391 2472 3672 2565 palliare

859 2597 1234 2690 nequitiam
1269 2598 1691 2688 nitebantur,
1727 2596 2185 2669 marchionem
2215 2598 2595 2682 Estensem,
2635 2595 2836 2666 nobis
2862 2606 2931 2665 et
2964 2596 3249 2688 imperio
3276 2616 3367 2666 ex
3389 2597 3671 2689 antiqua

861 2721 1372 2815 progenitorum
1426 2743 1709 2792 suorum
1768 2722 1976 2814 stirpe
2022 2718 2329 2808 fidelem,
2384 2728 2885 2790 sacramentum
2933 2719 3276 2790 societatis
3322 2720 3496 2819 inire
3552 2740 3672 2790 re-

857 2855 1208 2938 nuentem,
1250 2847 1456 2919 etiam
1489 2843 2023 2942 lacrymabiliter
2051 2854 2424 2938 coegerunt
2460 2841 2588 2939 (2).
2633 2843 2984 2915 Ezelinum
3012 2843 3217 2914 etiam
3251 2842 3340 2915 de
3369 2844 3671 2917 Romano

855 2972 975 3064 qui
1007 2971 1341 3066 expositis
1373 2973 1694 3043 omnibus
1730 2993 1867 3065 que
1898 2971 2233 3060 habebat,
2271 2969 2362 3040 ad
2403 2967 2801 3040 fidelitatem
2838 2977 3135 3040 nostram
3166 2969 3667 3062 promptissima

856 3095 1224 3169 devotione
1262 3095 1597 3185 redierat,
1658 3096 1749 3168 ad
1800 3095 1974 3167 illud
2020 3094 2204 3166 idem
2247 3106 2410 3164 tunc
2454 3093 2781 3187 temporis
2830 3101 3269 3164 arctaverunt
3312 3092 3448 3186 (3),
3501 3093 3669 3165 alias

854 3222 1181 3314 magistro
1206 3223 1470 3315 prefato
1503 3221 1989 3292 nichilominus
2020 3221 2282 3291 bonum
2310 3219 2499 3312 pacis
2530 3219 2675 3290 zelo
2712 3217 3040 3290 laudabili
3089 3218 3375 3289 sollicite
3420 3238 3667 3310 prose-

855 3345 1128 3435 quenti,
1169 3344 1504 3416 condictis
1524 3343 1718 3437 apud
1741 3343 2117 3414 Bononiam
2142 3343 2294 3414 loco
2317 3351 2386 3412 et
2416 3351 2749 3436 tempore,
2778 3341 3246 3434 multipliciter
3272 3339 3659 3413 illudentes.

854 3466 937 3536 Et
971 3466 1133 3538 licet
1167 3486 1260 3538 ex
1293 3465 1430 3537 hiis
1454 3462 1827 3562 [putarent]
1848 3464 2178 3560 sepedicti
2207 3464 2433 3535 nuntii
2472 3465 2685 3535 nostri
2717 3465 3057 3557 probabili
3084 3465 3247 3535 satis
3278 3466 3669 3555 conjectura

938 3637 1025 3716 (a)
1064 3639 1308 3716 Legitur
1338 3641 1402 3698 in
1442 3640 1645 3700 codice
1685 3636 2062 3700 venerabilem
2103 3636 2274 3699 talem
2312 3640 2375 3697 G.
2407 3640 2729 3718 episcopum
2755 3658 2777 3696 .·
2804 3640 2965 3716 quod
2999 3641 3083 3699 ita
3109 3642 3471 3700 correximus
3506 3647 3566 3701 et
3591 3658 3664 3701 ex

855 3745 1237 3823 sequentibus
1264 3751 1323 3805 et
1347 3761 1423 3805 ex
1450 3745 1661 3806 litteris
1698 3762 1883 3823 papae
1916 3745 2134 3824 quibus
2165 3746 2514 3823 legationem
2540 3746 2906 3822 patriarchae
2938 3745 3306 3806 Antiocheno
3331 3749 3665 3808 committit.

854 3852 1008 3913 Vide
1033 3867 1234 3930 supra,
1264 3868 1327 3928 p.
1361 3860 1476 3912 779
1505 3857 1565 3912 et
1589 3857 1715 3912 not.
1744 3860 1802 3912 1.

935 3955 1019 4038 (b)
1057 3957 1509 4034 superabundat
1535 3961 1599 4017 in
1619 3957 1819 4019 codice
1842 3958 2037 4019 denuo
2063 3975 2181 4019 vox
2209 3957 2441 4039 masor-i.

852 4135 974 4146 ,οι-α..

1201 4140 1698 4147 --ῳ--.“*---“*
1713 4141 1756 4148 --
1772 4141 1788 4148 -
1803 4141 1900 4147 -..ις
1913 4140 2203 4147 --.-·-—--.-—-

926 4243 996 4317 (t)
1029 4243 1178 4315 Quae
1202 4245 1380 4301 omnia
1405 4244 1754 4318 scriptoribus
1777 4244 1974 4303 Italicis
1996 4245 2087 4319 qui
2112 4253 2417 4320 supersunt,
2444 4246 2659 4320 penitus
2687 4246 2952 4319 incognita
2976 4245 3241 4303 videntur.
3274 4246 3350 4302 De
3376 4244 3538 4303 rebus
3566 4245 3668 4305 Ve-

852 4341 1169 4398 ronensibus
1191 4341 1313 4397 vide
1336 4357 1501 4415 supra
1523 4342 1765 4416 papalem
1791 4341 2070 4416 epistolam
2092 4349 2148 4400 et
2174 4342 2447 4418 imperiale
2473 4358 2809 4416 responsum,
2828 4359 2884 4417 p.
2913 4346 3016 4400 843
3034 4347 3090 4398 et
3105 4346 3229 4400 832.

924 4436 995 4509 (2)
1031 4436 1203 4494 Corde
1227 4444 1407 4495 tamen
1437 4447 1493 4496 et
1525 4441 1703 4497 animo
1729 4440 1969 4497 Estensis
2003 4440 2241 4497 marchio
2268 4441 2406 4514 parti
2439 4439 2750 4497 Guelforum
2776 4455 2990 4514 semper
3018 4438 3259 4497 adhaesit
3279 4439 3333 4495 in
3358 4444 3637 4513 posterum
3652 4485 3666 4511 ,

851 4533 994 4588 sicut
1019 4533 1342 4591 videbimus.

924 4631 999 4701 (3)
1035 4631 1114 4687 De
1142 4631 1244 4688 hoc
1263 4631 1412 4688 nulla
1448 4633 1714 4690 invenitur
1740 4634 1940 4691 mentio
1966 4634 2107 4709 apud
2141 4635 2297 4696 Verci
2320 4635 2376 4692 in
2400 4650 2499 4693 sua
2524 4634 2894 4693 Eccelinorum
2918 4635 3156 4707 historia,
3184 4650 3361 4707 neque
3388 4632 3445 4691 id
3471 4650 3674 4692 memo-

852 4732 1108 4783 raverunt
1135 4728 1296 4785 etiam
1321 4729 1610 4803 scriptores
1631 4733 1923 4788 coaetanei.
