4842 5802
1214 642 1337 705 696
2253 638 2596 700 nenium
2647 639 2982 702 ssrrnn
3659 643 3821 721 [An.
3858 644 4043 707 lesen

1640 930 1736 945 ν

863 1222 1118 1328 ώςξξω,
1333 1208 1701 1291 Henricus
1715 1271 1738 1312 ‚
1799 1209 2317 1293 Romanorum
2389 1235 2523 1292 rex
2536 1272 2559 1313 ‚
2620 1211 2907 1293 nuntiis
2962 1211 3121 1295 suis
3192 1215 3646 1323 supradictis
3699 1218 4039 1300 auctori-

828 1333 878 1374 ¹⁴
895 1330 1159 1373 „mmm
1224 1349 1459 1422 tatem
1515 1342 1856 1423 concedit
1908 1344 2279 1425 tractandi
2330 1344 2814 1427 concordiam
2839 1404 2863 1451 ,
2922 1347 3358 1430 securitates
3410 1350 3645 1431 dandi
3699 1359 3774 1433 et
3825 1352 4033 1434 reci-

1223 1473 1506 1582 piendi,
1540 1473 1851 1583 jurandi
1889 1476 2116 1559 etiam
2153 1476 2231 1557 in
2271 1478 2529 1559 anima
2564 1504 2704 1560 sua
2739 1487 2814 1561 et
2840 1477 3275 1588 juramenta
3310 1482 3748 1589 recipiendi,
3778 1485 4037 1567 omnia

1138 1682 1144 1687 ,
1227 1605 1556 1715 denique
1591 1606 1912 1691 faciendi
1951 1635 2148 1717 quae
2194 1609 2339 1692 sibi
2376 1610 2592 1692 utilia
2634 1611 3122 1719 videbuntur,
3160 1613 3348 1696 haec
3391 1615 3837 1723 promittens
3872 1627 4039 1699 rata

1225 1764 1306 1821 se
1338 1736 1808 1822 habiturum.

1391 1948 1413 2028 (
1426 1950 1631 2012 Inedit.
1663 1968 1740 2013 ex
1766 1952 1965 2013 codice
1987 1952 2374 2015 bibliothecae
2399 1954 2854 2029 Ambrosianum
2885 1957 3379 2034 supralaudato.)

1322 2138 1569 2210 Datum
1605 2138 1794 2234 apud
1825 2139 2225 2235 Ezzelingen
2242 2194 2263 2233 ‚
2301 2140 2517 2214 XVlll
2542 2141 2870 2217 kalendas
2897 2143 3316 2237 decembris,
3357 2144 3729 2220 indictione
3760 2156 4030 2221 octava.

823 2825 861 2867 B
863 2825 922 2865 u
925 2770 1189 2875 ἶλαι.
1339 2737 1706 2820 Hem-icus
1728 2797 1751 2839 ‚
1822 2736 2341 2819 Romanorum
2423 2761 2593 2844 rex,
2654 2744 2991 2819 montem
3061 2737 3351 2820 dictum
3412 2739 3929 2853 Weltersberg
3997 2769 4044 2824 a

842 2879 963 2976 3332
904 2877 1051 2931 ῬΜ
965 2879 1171 2973 ⁹312&
1239 2868 1588 2953 Conrado
1633 2867 1987 2952 Schuelin
2042 2868 2138 2950 de
2189 2867 2551 2979 Biringen
2606 2868 2966 2953 fratribus
3020 2870 3116 2952 de
3169 2869 3469 2955 Alnvelt
3520 2873 3990 2982 resignatum
4014 2937 4038 2983 ‚

1237 3000 1532 3109 sibique
1566 3000 1721 3082 ab
1700 3000 1886 3109 ipsis
1941 2999 2302 3081 fratribus
2338 2999 2947 3106 contraditum,
2926 3027 3007 3080 1n
3046 3000 3176 3109 jus
3224 3012 3300 3084 et
3332 3004 3863 3111 proprietatem
3900 3032 4041 3089 ec-

1237 3132 1507 3214 clesiae
1541 3133 1637 3214 de
1674 3130 2085 3213 Schonthal
2121 3130 2356 3212 libere
2391 3141 2467 3212 et
2504 3130 2848 3214 absolute
2881 3130 3198 3214 confert.

1404 3347 1652 3426 (Inedit.
1701 3363 1778 3407 ex
1804 3346 2071 3424 originali
2114 3349 2178 3406 in
2218 3346 2460 3406 archivo
2503 3347 2918 3426 Stuttgartensi
2938 3390 2957 3424 ‚
2984 3349 3147 3427 quod
3182 3349 3355 3410 nobis
3384 3351 3460 3412 cl.
3491 3368 3553 3411 v.
3584 3351 3833 3413 Kausler
3871 3368 4046 3413 com-

1474 3455 1817 3515 municavit.
1866 3453 2138 3530 Sigillum
2172 3452 2442 3513 illaesum
2481 3469 2646 3513 cerae
2685 3454 2966 3516 subrutae
3013 3457 3359 3533 impressum
3375 3501 3395 3531 ,
3425 3473 3502 3518 ex
3535 3455 3651 3519 fiiis
3677 3460 3875 3520 sericis
3900 3459 4047 3520 flavi

1475 3558 1754 3636 rubrique
1779 3557 1991 3619 coloris
2015 3558 2302 3634 pendens,
2330 3557 2511 3617 habet
2538 3558 2841 3636 legendam
2869 3560 3102 3622 solitam
3124 3579 3263 3623 cum
3290 3562 3589 3624 additione
3613 3580 3690 3624 ex
3712 3570 4047 3626 transverso

1476 3667 1552 3727 ad
1579 3673 1892 3742 utrumque
1915 3665 2113 3725 throni
2139 3664 2294 3724 latus
2321 3665 2421 3724 ET
2456 3664 2626 3727 DUX
2677 3665 3045 3742 S-VEVIE.)

1337 3856 1410 3925 ln
1443 3853 1718 3925 nomine
1744 3861 1978 3923 sancte
2006 3860 2075 3922 et
2111 3846 2474 3921 individue
2506 3847 2879 3922 Trinitatis.
2931 3852 3288 3925 Heinricus
3320 3851 3563 3927 divina
3594 3855 3871 3927 favente
3906 3856 4047 3928 cle-

1241 3978 1493 4049 mentia
1515 3975 1846 4070 septimus
1868 3975 2329 4046 Romanorum
2362 3994 2491 4044 rex
2516 3982 2584 4043 et
2601 3995 2869 4067 semper
2895 3985 3255 4068 augustus.
3292 3978 3480 4050 Licet
3512 3978 3861 4069 religiosas
3886 4000 4049 4071 per-

1240 4123 1442 4175 sonas
1455 4100 1953 4190 cujuscumque
1969 4095 2230 4167 ordinis
2257 4095 2628 4188 diligamus
2644 4097 2715 4167 in
2740 4097 2909 4186 Deo,
2935 4097 3452 4191 Cystertiensem
3485 4109 3711 4170 tamen
3734 4099 4047 4172 ordinem

1244 4220 1624 4320 specialiter
1652 4221 2128 4314 amplexamur
2150 4217 2451 4289 brachiis
2487 4218 2820 4309 caritatis,
2877 4240 2961 4290 eo
2992 4221 3183 4312 quod
3230 4222 3396 4314 quia
3442 4220 3790 4293 sinceriori
3821 4222 4049 4296 devo—

1247 4349 1430 4420 tione
1462 4345 1662 4418 nobis
1698 4353 1766 4415 et
1795 4341 2080 4436 imperio
2113 4360 2235 4434 pre
2273 4340 2428 4410 aliis
2460 4337 2823 4413 ordinibus
2845 4350 2949 4412 est
2974 4343 3323 4430 astrictus,
3361 4342 3785 4436 propensiori
3814 4343 4046 4417 studio

1243 4494 1404 4544 eum
1439 4471 1509 4540 in
1542 4468 1905 4563 specialem
1937 4463 2253 4536 affectum
2275 4463 2593 4554 colligere
2626 4462 3036 4546 debeamus·,
3077 4461 3343 4535 firmam
3372 4485 3567 4558 spem
3585 4463 4050 4559 fiduciamque

1244 4602 1551 4667 tenentes
1578 4590 1767 4686 quod
1793 4586 2125 4683 quicquid
2162 4587 2226 4657 ei
2259 4582 2478 4679 gratie
2509 4585 2868 4656 fecerimus
2903 4584 3212 4679 proficiat
3245 4588 3445 4659 nobis
3483 4596 3551 4660 et
3595 4589 3844 4661 nostris
3877 4611 4052 4685 pro-

1243 4716 1666 4812 genitoribus
1692 4712 1783 4785 ad
1809 4714 2123 4784 salutem.
2156 4708 2329 4781 Hinc
2357 4718 2461 4781 est
2494 4707 2685 4803 quod
2711 4708 3051 4783 universis
3076 4712 3510 4807 presentibus
3540 4722 3610 4786 et
3639 4714 3888 4787 futuris
3922 4735 4051 4788 ,vo-
