4842 5802
1184 609 1307 672 664
2216 615 2563 676 namium
2614 615 2952 677 snm-ml
3631 620 3794 701 [Amr.
3835 624 4007 686 1234.

1187 768 1327 820 non
1360 746 1510 818 sine
1532 746 1864 839 gravibus
1885 770 2117 820 rerum
2150 749 2533 845 dispendiis
2564 774 2740 846 pura
2770 751 2908 824 fide
2934 773 3017 824 ac
3047 750 3415 825 devotione
3436 753 3703 827 sincera
3740 778 4011 852 semper

1186 868 1530 941 adheserit
1544 870 1717 965 patri
1741 880 1973 944 nostro
1989 871 2331 945 Friderioo
2354 873 2790 947 serenissimo
2798 876 3257 948 Romanorum
3274 876 3666 972 imperatori
3684 901 3767 952 ac
3780 880 4003 966 nobis,

1186 992 1583 1066 exhibendo
1609 1003 1799 1087 grata
1826 996 2108 1068 servitia
2137 996 2461 1091 imperi0‚
2506 996 2796 1091 dignum
2822 1019 2974 1070 esse
3016 1019 3376 1071 censemus
3412 1010 3490 1071 ut
3519 1011 3833 1096 respectu
3864 1024 4009 1075 ser-

1183 1116 1507 1188 vitiorum
1526 1116 1828 1211 ipsorum
1845 1140 1927 1189 ac
1939 1119 2148 1191 etiam
2174 1127 2289 1191 tue
2315 1119 2705 1193 devotionis
2731 1120 3014 1212 intuitu,
3041 1122 3192 1216 ipse
3205 1119 3357 1216 (sic)
3379 1124 3665 1196 ecclesie
3677 1125 4010 1199 faciamus

1186 1239 1473 1331 gratiam
1508 1240 1900 1333 specialem.
1939 1242 2116 1314 Hinc
2143 1252 2249 1314 est
2285 1243 2477 1337 quod
2505 1265 2664 1315 cum
2692 1252 2769 1314 tu
2798 1243 3082 1316 liberam
3121 1244 3379 1317 habeas
3413 1245 3845 1321 advocatiam
3881 1250 4007 1321 bo-

1185 1382 1433 1433 norum
1488 1362 1558 1432 in
1626 1362 1984 1436 Guczstein
2035 1365 2262 1437 eidem
2316 1365 2607 1438 ecclesie
2661 1366 3151 1461 pertinentium
3171 1420 3193 1459 ,
3242 1388 3539 1461 quorum
3585 1379 3659 1441 tu
3696 1372 4007 1466 provisor

1186 1484 1462 1576 existis,
1517 1484 1640 1555 tibi
1689 1486 1777 1557 de
1820 1485 2288 1560 munificentie
2325 1498 2555 1561 nostre
2596 1490 2815 1583 gratia
2850 1488 3290 1583 indulgemus
3317 1501 3395 1562 ut
3429 1492 3712 1564 liberam
3747 1492 4006 1565 habeas

1183 1606 1574 1679 facultatem
1612 1607 1908 1701 eligendi
1942 1631 2148 1702 quem
2182 1611 2490 1682 volueris
2518 1610 2964 1699 advocatum,
3000 1632 3084 1682 ac
3120 1613 3326 1685 etiam
3348 1614 3753 1686 removendi
3781 1623 3850 1686 et
3877 1616 4006 1686 im-

1184 1731 1498 1802 mutandi
1526 1732 1875 1815 eumdem,
1905 1754 2412 1826 quemcumque
2440 1744 2509 1806 et
2541 1735 3113 1827 quotiescumque
3136 1746 3255 1808 tue
3280 1737 3613 1830 placuerit
3637 1737 3995 1810 voluntati.

1182 1853 1292 1924 Ad
1331 1853 1459 1925 hec
1494 1862 1573 1924 ut
1597 1855 1813 1947 gratia
1849 1856 2157 1948 gaudeas
2192 1857 2548 1950 ampliori,
2595 1856 2862 1948 regium
2898 1855 3204 1928 bannum
3233 1858 3358 1928 tibi
3389 1867 3458 1929 et
3491 1860 3775 1933 ecclesie
3806 1862 4002 1953 Mag-

1185 1975 1603 2070 deburgensi
1640 1979 1914 2071 tuisque
1949 1979 2459 2051 successoribus
2494 1979 3012 2051 concedendum
3047 1978 3413 2069 duximus,
3467 1980 3901 2075 indulgentes
3925 1994 4003 2055 ut

1178 2100 1237 2171 is
1260 2123 1468 2194 quem
1500 2121 1626 2195 pro
1655 2111 1954 2195 tempore
1981 2102 2267 2195 elegeris
2294 2101 2709 2175 advocatum
2749 2102 2859 2175 vel
2890 2112 3052 2174 tuus
3079 2122 3431 2174 successor
3458 2105 3740 2196 elegerit
3768 2116 4002 2178 aucto-

1177 2223 1376 2295 ritate
1405 2234 1523 2295 tua
1551 2232 1621 2295 et
1647 2225 1937 2295 ecclesie
1953 2274 1985 2313 ,·
2015 2224 2324 2297 bannum
2350 2225 2601 2296 habeat
2631 2233 2705 2296 et
2734 2224 3198 2296 omnimodam
3219 2233 3615 2318 potestatem
3634 2226 3999 2317 judicandi

1176 2368 1420 2419 causas
1457 2357 1610 2419 tuas
1638 2357 1707 2419 et
1738 2349 2166 2442 proponendi
2209 2369 2291 2419 ac
2317 2348 2523 2419 etiam
2560 2345 2970 2419 terminandi
3003 2346 3318 2435 easdem,
3352 2357 3681 2442 tanquam
3716 2360 3899 2421 tutor
3932 2361 4001 2423 et

1178 2480 1365 2542 actor
1396 2480 1557 2542 tuus
1590 2481 1659 2543 et
1695 2471 1980 2542 ecclesie
2015 2480 2383 2563 vesterque
2419 2469 2765 2564 legitimus
2806 2469 3359 2561 mundiburdus;
3411 2471 3538 2544 sed
3575 2481 3644 2544 et
3698 2496 3857 2545 cum
3910 2474 3998 2546 ab

1178 2594 1538 2667 advocatia
1572 2603 1874 2665 remotus
1901 2595 2137 2683 fuerit,
2182 2595 2251 2663 in
2285 2594 2516 2666 banno
2549 2593 2758 2665 nichil
2787 2593 2964 2685 juris
2992 2594 3268 2687 penitus
3299 2594 3662 2686 retinebit,
3714 2597 3877 2690 quia
3908 2596 4000 2669 ad

1179 2717 1539 2788 ecclesiam
1579 2715 1993 2809 sepedictam
2040 2724 2108 2786 et
2140 2724 2207 2786 te
2250 2723 2544 2808 tuosque
2587 2735 3043 2802 successoreS,
3098 2715 3220 2808 qui
3251 2717 3638 2809 provisores
3691 2719 3996 2813 ipsorum

1174 2839 1515 2910 honorum
1539 2859 1662 2932 pro
1689 2847 1991 2931 tempore
2022 2837 2272 2909 fuerint
2293 2890 2311 2925 ‚
2347 2837 2574 2932 ipsum
2596 2836 2905 2909 bannum
2923 2846 3253 2931 perpetuo
3281 2839 3602 2910 volumus
3628 2842 3987 2934 pertinere.

1173 2962 1262 3032 Ut
1297 2961 1503 3053 igitur
1528 2962 1658 3032 hec
1687 2960 1962 3032 libertas
1987 2970 2055 3031 et
2085 2961 2301 3051 gratia
2325 2959 2611 3032 ecclesie
2652 2959 2785 3055 ipsi
2815 2959 2996 3030 facta
3024 2968 3430 3054 perpetuam
3452 2961 3756 3033 obtineat
3781 2962 3996 3033 firmi-

1176 3092 1384 3155 tatem
1403 3137 1422 3173 ,
1460 3084 1756 3178 presenti
1788 3083 2149 3178 privilegio
2180 3104 2333 3154 eam
2361 3082 2696 3155 duximus
2720 3080 3281 3153 confirmandam.

1275 3205 1523 3277 Actum
1556 3205 1744 3299 apud
1766 3206 2224 3298 Aldemburg,
2258 3226 2442 3278 anno
2472 3206 2691 3298 gratie
2716 3203 3076 3276 millesimo
3106 3203 3231 3276 CC.
3260 3204 3631 3296 XXXIIIP,
3666 3206 3755 3277 VI
3779 3228 3996 3279 nonas

1169 3330 1359 3423 julii,
1401 3329 1777 3402 indictione
1810 3330 2125 3423 septima.

815 3924 1057 4033 „3333
1286 3895 1692 4004 HenricuS‚
1769 3894 2289 3977 Romanorum
2354 3916 2489 3972 rex
2512 3951 2536 3997 ,
2604 3890 2892 3971 decano
2953 3898 3028 3970 et
3097 3885 3428 3996 capitulo
3500 3881 3998 3967 Goslariensis

865 3991 1083 4086 ΒΜΓ
1178 4031 1537 4116 ecclesiae
1575 4053 1787 4109 areas
1823 4026 2143 4108 civitatis
2186 4033 2261 4105 et
2305 4048 2578 4105 census
2638 4021 3078 4103 earumdem
3124 4018 3564 4120 confirmat,
3594 4013 3874 4123 jubens
3910 4022 3996 4093 ut

1180 4167 1245 4249 si
1300 4165 1474 4275 quis
1537 4185 1851 4243 censum
1894 4157 2236 4240 debitum
2292 4156 2389 4236 de
2447 4153 2642 4236 areis
2696 4178 2851 4234 non
2905 4150 3396 4260 persolverit,
3455 4148 3536 4226 in
3605 4144 3994 4253 sexaginta

1182 4299 1464 4383 solidos
1502 4293 1603 4377 ab
1640 4294 2002 4375 advocato
2038 4287 2247 4397 regio
2284 4287 2906 4394 condempnetur.

1342 4511 1545 4590 (Edid.
1576 4509 1957 4578 menum,
1987 4500 2281 4581 Antiquit.
2313 4494 2541 4572 Poeld„
2570 4495 2844 4574 append„
2873 4501 2921 4557 t.
2953 4493 3060 4569 IV,
3091 4510 3153 4571 p.
3185 4499 3327 4567 289,
3357 4490 3424 4552 n·
3450 4489 3668 4569 XVII.)

1272 4697 1665 4788 Heinricus,
1714 4691 1841 4764 Dei
1897 4688 2117 4785 gratia
2165 4687 2630 4760 Romanorum
2686 4704 2818 4756 rex
2856 4690 2927 4756 et
2971 4700 3243 4775 semper
3288 4684 3628 4773 angustus
3649 4733 3666 4763 ‚
3724 4671 3993 4747 dilectis
