4842 5802
1121 616 1245 680 m
2117 618 2554 689 ramnum!
2599 621 2958 689 ssscunm.
3571 620 3732 709 [An.
3769 625 3956 693 1235.

1123 753 1594 852 compellendo
1622 753 1755 852 (l).
1776 756 2030 828 Verum
2052 777 2242 850 cum,
2267 758 2450 831 sicut
2478 759 2897 856 accepimus,
2933 780 2976 833 a
3007 755 3210 832 vobis
3238 778 3362 854 per
3393 756 3800 851 huJusmodi
3832 760 3954 833 lit-

1122 889 1303 954 teras
1329 878 1561 951 nullus
1584 876 1865 951 babitus
1886 879 1973 951 sit
1996 901 2392 977 processus,
2435 903 2562 954 nos
2591 882 2834 956 merito
2859 879 3230 979 providere
3255 881 3567 955 volentes
3592 903 3681 954 ne
3703 882 3835 978 ipsi
3861 882 3953 956 de

1120 1011 1310 1077 tante
1338 1001 1734 1076 temeritatis
1755 1023 2048 1076 excessu
2071 1060 2089 1091 ,
2129 1003 2343 1098 digne
2367 1026 2508 1078 non
2538 1006 2761 1080 solum
2793 1005 2865 1076 in
2898 1004 3204 1097 clericis,
3235 1004 3363 1080 sed
3389 1005 3599 1079 etiam
3623 1004 3695 1077 in
3729 1005 3949 1101 laycis

1121 1126 1542 1202 correctione
1568 1126 1770 1198 solita
1803 1126 2153 1220 castigari,
2188 1128 2546 1202 materiam
2569 1127 2872 1202 habeant
2896 1128 3237 1222 gloriandi
3254 1183 3275 1219 ‚
3308 1128 3479 1223 quin
3503 1128 3645 1201 imo
3667 1137 3747 1201 ut
3767 1150 3945 1225 pena

1124 1250 1223 1329 de
1247 1250 1569 1353 preterito
1598 1248 1789 1351 ipsos
1822 1260 2064 1325 cautos
2084 1250 2334 1327 efficiat
2364 1250 2456 1329 de
2487 1254 2757 1344 futuro,
2788 1252 3001 1353 quisi
3031 1252 3276 1330 oculos
3294 1253 3387 1331 ad
3422 1253 3704 1349 superni
3731 1252 3944 1349 equi-

1122 1354 1339 1475 tatem
1356 1372 1614 1471 judicis
1642 1372 2067 1467 erexissent,
2093 1396 2232 1453 non
2270 1375 2496 1451 filium
2537 1376 2611 1449 in
2649 1376 3194 1475 persecutionem
3227 1376 3397 1451 tanti
3437 1376 3650 1477 patris
3687 1397 3942 1449 accen-—

1122 1499 1329 1590 dere,
1378 1497 1506 1573 sed
1533 1518 1658 1601 pro
1694 1498 1883 1575 illius
1914 1498 2364 1602 deprimenda
2397 1500 2749 1598 protervia
2795 1500 3022 1575 omnis
3063 1500 3420 1596 vigilantie
3459 1500 3773 1574 studium
3817 1500 3941 1575 de·

1114 1622 1436 1697 buissent
1499 1621 1729 1721 potius
1787 1623 2285 1722 assumpsisse,
2334 1624 2781 1725 precipiendo
2850 1624 3262 1699 mandamus
3329 1632 3674 1720 quatenns
3733 1646 3943 1721 super

1117 1746 1472 1847 premissis
1503 1746 1686 1821 circa
1717 1746 2107 1844 episcopos,
2149 1747 2471 1822 abbatem
2499 1757 2566 1822 et
2589 1749 2960 1824 canonicos
2987 1758 3436 1839 memoratos,
3467 1770 3733 1822 necnon
3758 1749 3942 1821 circa

1113 1870 1641 1944 Vomacensem
1671 1871 1961 1943 electum
1989 1868 2093 1968 (2)
2137 1879 2207 1946 et
2236 1872 2638 1967 magistrum
2685 1873 3082 1948 Devardum
3132 1873 3540 1946 canonicum
3584 1871 3937 1967 Herbipo-

1113 1995 1403 2086 lensem,
1449 1994 1571 2089 qui
1611 2016 1768 2067 cum
1807 1993 2136 2090 predictis
2175 1997 2672 2093 presumpsisse
2713 1997 2963 2071 similia
3006 1998 3431 2085 referuntur,
3467 2004 3622 2093 post
3653 2016 3942 2091 suscep-

1115 2119 1370 2193 tionem
1390 2119 1809 2215 presentium
1816 2119 2023 2211 juxta
2047 2119 2352 2217 priorum
2373 2121 2861 2196 continentiam
2874 2121 3251 2194 litterarum
3269 2119 3456 2193 omni
3481 2119 3939 2217 appellatione

1117 2243 1493 2340 postposita
1540 2243 1674 2315 sub
1720 2242 2113 2340 Apostolica
2162 2243 2555 2318 obedientia
2607 2243 3034 2341 procedatis;
3087 2244 3279 2340 quod
3324 2265 3533 2341 supet
3586 2241 3939 2343 premissis

1115 2367 1519 2440 inveneritis
1545 2419 1567 2458 ,
1656 2365 1856 2441 nobis
1947 2367 2195 2441 vestris
2279 2368 2523 2442 litteris
2597 2370 2776 2442 infra
2856 2368 3119 2443 dictum
3163 2376 3167 2379 ’
3196 2367 3566 2443 terminum
3645 2365 3936 2441 fideliter

1109 2490 1534 2587 expressuri.

1211 2617 1463 2693 Datum
1494 2613 1739 2690 Assisii
1756 2670 1785 2702 ,,
1810 2614 1966 2689 vlu
1998 2614 2326 2695 edendas
2352 2613 2693 2710 octobris,
2724 2614 3176 2713 pontificatus
3200 2615 3416 2695 nostri
3446 2635 3631 2693 anno
3661 2616 3785 2689 IX.

792 3213 970 3261 mm.
1224 3198 1637 3309 Gregorius
1689 3221 1895 3308 papa
1942 3196 2415 3305 patriarchae
2468 3196 2940 3282 Antiocheno
2996 3196 3317 3282 mandat
3375 3206 3463 3280 ut
3514 3193 3935 3279 rectoribus

697 3269 757 3312 28
775 3266 1059 3322 septembris.

1117 3331 1505 3417 societatis
1556 3328 2067 3416 Lombardiae
2133 3328 2514 3418 kalendas
2556 3329 2986 3416 decembris
3032 3328 3388 3441 proximo
3435 3327 3734 3412 futuras
3794 3352 3940 3438 pro

1187 3686 1261 3760 (4)
1300 3685 1378 3743 Cf.
1406 3701 1589 3760 supra,
1621 3703 1676 3761 p.
1707 3688 1833 3754 532,
1863 3685 2071 3743 litteras
2093 3701 2266 3760 papae
2288 3685 2445 3743 datas
2463 3686 2688 3758 Perusii,
2720 3690 2786 3743 43
2814 3686 3012 3745 martii.

1188 3783 1258 3858 (2)
1296 3784 1375 3841 De
1400 3783 1592 3840 itinere
1630 3781 1866 3841 Landolfi
1910 3784 1985 3841 ad·
2025 3783 2232 3842 curiam
2276 3783 2574 3841 Romanam
2615 3783 2760 3841 banc
2797 3784 3122 3842 mentionem
3150 3782 3416 3841 habemus
3453 3782 3509 3839 in
3546 3781 3745 3839 Anml.
3782 3781 3940 3837 Ψον-

1112 3889 1277 3953 mat„
1321 3898 1417 3956 ap.
1453 3882 1759 3954 Bonnam,
1793 3881 2021 3952 Fontes,
2045 3888 2088 3940 t.
2116 3882 2192 3954 ΙΙ,
2214 3899 2272 3956 p.
2306 3886 2446 3940 ⁴65:
2478 3883 2842 3941 «Traditores-
2867 3897 2996 3941 vero
3042 3880 3250 3941 domini
3288 3878 3528 3939 Landolfl
3567 3879 3804 3954 episcopi
3843 3880 3942 3952 qni

1116 3980 1376 4037 honorem
1408 3979 1668 4037 ecclesiae
1693 3995 1827 4038 suae
1857 3979 2089 4037 totaliter
2124 3978 2491 4052 relinquentes
2521 3980 2699 4055 ipsum
2732 3980 3170 4054 insequebantur,
3200 3983 3258 4036 et
3276 3978 3404 4053 quia
3427 3977 3499 4034 ad
3519 3975 3628 4033 hnc
3661 3974 3940 4040 instabant

1115 4077 1257 4153 quod
1281 4076 1529 4133 dominus
1551 4076 1831 4134 Heinricus
1856 4076 1924 4133 de
1947 4075 2180 4133 Catanea
2202 4076 2629 4150 prothonotarius
2646 4076 2806 4151 (idem
2827 4077 3057 4135 fortasse
3078 4076 3147 4133 de
3163 4089 3279 4150 ·quo
3300 4088 3481 4148 supra,
3503 4088 3561 4146 p.
3587 4074 3711 4143 355,
3737 4075 3849 4126 not.
3879 4071 3936 4142 l)

1115 4191 1148 4232 a
1189 4175 1405 4232 domino
1449 4174 1772 4247 imperatore
1819 4174 2103 4249 episcopus
2137 4173 2549 4231 wormatiensis
2587 4175 3028 4244 constitueretur,
3070 4172 3190 4230 ideo
3227 4171 3504 4228 habebant
3537 4167 3741 4225 litteras
3777 4182 3934 4240 quas·

1115 4288 1348 4346 cumque
1377 4271 1661 4343 volebant,
1701 4271 1883 4329 statim
1919 4270 2289 4345 procurabant
2318 4270 2525 4329 litteras
2565 4270 2638 4329 ad
2671 4271 2818 4330 cives
2847 4278 2914 4328 ut
2946 4270 3223 4329 dominum
3258 4268 3580 4342 episcopum
3611 4281 3650 4322 a
3684 4263 3802 4322 loeo
3847 4262 3942 4320 illo

1116 4371 1447 4429 umnimiter
1481 4374 1838 4429 removoeent.
1886 4368 2047 4441 Quod
2082 4368 2235 4427 cives
2270 4368 2449 4426 taem
2492 4368 2892 4427 nnloerunt.....
2933 4367 3144 4426 videns
3177 4365 3326 4423 haee·
3358 4363 3618 4422 dominus.
3651 4361 3939 4436 episcopus

1117 4469 1352 4527 breviter
1385 4484 1447 4527 se
1486 4468 1808 4544 expediens,
1836 4482 1946 4525 una
1976 4483 2102 4525 cum
2140 4465 2548 4525 venerabilibus
2578 4467 2831 4541 patribus
2859 4465 3088 4525 domino.
3112 4462 3355 4524 Conrado
3391 4461 3468 4520 de
3497 4461 3651 4522 ‘than
3698 4457 3938 4532 Spirensi

1117 4565 1369 4640 episcopo
1386 4570 1442 4621 et
1464 4564 1680 4622 domino
1705 4566 2012 4623 Hermanno
2031 4562 2404 4638 Herbipolensi
2427 4563 2700 4639 episcopo,
2716 4563 2810 4638 qui
2832 4562 2888 4619 in
2909 4562 3100 4620 eadem
3122 4559 3499 4634 dampnatione
3520 4561 3697 4626 erant,
3717 4555 3942 4611 accessit

1119 4663 1190 4718 ad
1216 4662 1417 4719 curiam
1440 4662 1755 4719 Romanam.
1776 4680 1803 4716 n
1827 4662 1909 4719 Ex
1934 4660 2127 4720 litteris
2153 4676 2326 4737 papae
2358 4661 2461 4719 iter
2492 4661 2728 4720 Landolfi
2754 4677 2860 4719 non
2884 4666 3009 4719 ante
3033 4659 3194 4718 finem
3218 4656 3528 4718 novembris
3554 4652 3756 4713 mensis
3782 4667 3938 4725 repo·

1120 4759 1351 4818 nendum
1375 4773 1496 4817 esse
1520 4774 1819 4818 censemus.
