4842 5802
1168 609 1292 672 874
2165 607 2591 668 Fltmmttcl
2649 608 2995 669 SECUNDI
3602 609 3763 689 [Arm.
3803 609 3977 672 lm.

1173 745 1472 818 Honorio
1515 763 1787 816 summo
1837 740 2159 838 pontifice
2203 744 2393 839 apud
2432 744 2719 817 Verulas
2765 744 3103 838 colloquio
3153 744 3526 836 celebrato,
3577 747 3845 819 Verone
3892 745 3982 819 de

1172 868 1517 940 communi
1554 867 1837 939 consilio
1879 888 2002 963 pro
2038 868 2316 961 negotio
2365 869 2567 940 Terre
2610 870 2854 941 Sancte
2901 876 2969 940 et
3014 869 3493 941 reformatione
3541 869 3814 965 imperii
3849 891 3977 943 so·-

1170 993 1463 1065 lemnem
1495 991 1756 1064 curiam
1796 990 2130 1063 duximus
2161 991 2633 1079 indicendam,
2679 993 2798 1064 ubi
2833 1003 2969 1064 tam
3006 1014 3132 1064 nos
3169 1014 3380 1087 quam
3408 992 3762 1088 predictus
3794 1017 3978 1090 papa

1168 1114 1611 1188 condiximus
1650 1114 1746 1211 (α)
1796 1115 2141 1189 interesse.
2195 1116 2348 1201 Quo
2385 1116 2731 1211 proposito
2776 1126 2844 1188 et
2890 1116 3314 1189 volubilitate
3359 1117 3624 1189 consilii
3675 1127 3743 1189 et
3779 1127 3970 1190 motu

1166 1261 1393 1311 rerum
1433 1241 1760 1311 continno
1810 1241 2230 1334 presentium
2286 1240 2680 1327 immutato,
2736 1261 2861 1313 nos
2906 1261 2948 1312 a
2999 1249 3188 1312 tanto
3236 1225 3418 1313 bono
3463 1241 3785 1314 recedere
3836 1261 3973 1313 non

1163 1364 1499 1454 volenteS,
1523 1363 1859 1434 Ferentini
1894 1363 2128 1435 denuo
2161 1386 2320 1435 cum
2356 1384 2534 1458 papa
2564 1364 2870 1458 predicto
2904 1363 3264 1437 collatione
3296 1364 3390 1460 (b)
3422 1365 3682 1454 habita,
3708 1366 3972 1437 curiam

1162 1486 1350 1581 apud
1381 1486 1780 1558 Cremonam
1828 1486 2209 1558 indiximus
2247 1486 2339 1558 ad
2371 1508 2581 1579 quam
2628 1485 2846 1557 filium
2897 1494 3204 1559 nostrum
3240 1508 3397 1559 cum
3438 1489 3670 1559 multis
3712 1488 3972 1583 princi-

1158 1612 1366 1705 pibus
1402 1610 1672 1705 imperii
1703 1611 1909 1681 nostri
1942 1612 2341 1713 vocavimus
2359 1633 2516 1681 cum
2548 1610 3123 1683 decentimilitum
3151 1611 3504 1701 comitatu,
3525 1612 3969 1684 nihilominus

1163 1735 1253 1808 de
1288 1736 1478 1807 Italie
1511 1736 1820 1829 partibus
1852 1734 2183 1807 ducentes
2215 1736 2573 1806 nobiscum
2610 1735 2890 1823 milites,
2932 1743 3136 1829 prout
3163 1735 3533 1830 imperialis
3565 1736 3969 1808 excellentie

1161 1860 1375 1933 decus
1409 1870 1478 1931 et
1513 1869 1774 1930 tantum
1803 1860 2153 1952 negotium
2190 1857 2630 1931 condecebat.
2664 1860 2773 1930 Ex
2801 1880 2941 1952 quo
2977 1859 3340 1932 Lombardi
3376 1859 3577 1932 nobis
3626 1870 3694 1932 et
3723 1859 3966 1931 honori

1157 1992 1387 2055 nostro
1422 1982 1740 2074 rebelles,
1776 1983 1848 2053 in
1889 1983 2131 2078 spiritu
2172 1982 2733 2055 contradictionis
2754 1984 3084 2079 assumpti
3113 1985 3272 2055 etin
3295 1984 3662 2078 reprobum
3685 2005 3962 2056 sensum

1155 2106 1335 2194 dati,
1391 2107 1669 2202 palliata
1721 2108 2079 2178 occasione
2136 2108 2396 2180 timoris
2441 2118 2717 2203 propter
2771 2130 2854 2180 ea
2910 2108 3102 2202 quod
3153 2118 3568 2182 armatorum
3626 2109 3964 2181 consortio

1039 2262 1040 2265 ¹
1152 2230 1586 2317 fruebamur,
1627 2241 1695 2303 et
1738 2231 1935 2302 nobis
1979 2230 2336 2304 intendere
2383 2242 2709 2325 tanquam
2760 2233 3063 2327 ipsorum
3112 2233 3418 2326 legitimo
3462 2232 3743 2305 domino
3797 2255 3961 2305 con-

1155 2365 1609 2450 tempserunt,
1664 2366 1733 2427 et
1770 2357 2081 2448 ingressu
2139 2358 2210 2426 in
2268 2357 2528 2428 Italiam
2583 2358 2851 2428 viarum
2907 2356 3304 2429 difficultate
3337 2357 3704 2451 prohibito,
3745 2357 3962 2429 filium

1150 2489 1455 2551 nostrum
1489 2489 1558 2551 et
1583 2480 1930 2575 principes
1971 2502 2012 2553 a
2055 2479 2302 2551 nostris
2336 2480 2728 2573 aspectibus
2770 2479 3287 2553 subtraxerunt.
3330 2480 3438 2554 Ad
3483 2483 3962 2574 exaggeratio-

1148 2625 1304 2677 nem
1343 2603 1506 2676 dein
1541 2604 1849 2698 nequitie
1881 2602 2113 2675 adhuc
2144 2606 2409 2676 occulte
2453 2624 2536 2674 ac
2561 2602 2890 2698 perfidie,
2925 2606 3253 2677 malitiam
3296 2606 3725 2679 manifestam
3776 2608 3960 2679 inso-

1146 2730 1564 2823 lentiamque
1596 2730 2032 2821 adjecerunt,
2084 2729 2276 2823 quod
2314 2738 2551 2801 contra
2585 2751 2708 2801 nos
2737 2738 2805 2801 et
2830 2730 3194 2823 imperium
3229 2730 3725 2825 conspirantes,
3761 2730 3959 2801 nobis

1146 2853 1578 2949 presentibus
1611 2862 1681 2925 et
1707 2853 2148 2947 contemptiS,
2193 2854 2696 2944 conjurationes
2726 2854 3021 2926 nefarias
3052 2862 3562 2927 contraxerunt.
3589 2854 3677 2925 Et
3710 2855 3812 2927 sic
3839 2854 3959 2927 de·

1145 2979 1441 3050 siderata
1495 2976 1615 3048 filii
1653 2977 1867 3047 nostri
1906 2977 2167 3049 visione
2203 2978 2501 3049 fraudati
2552 2978 2622 3046 in
2679 2975 3000 3071 Apuliam
3036 2977 3438 3068 redeuntes,
3496 2977 3662 3071 quia
3712 3000 3956 3072 prepa-

1147 3101 1322 3173 ratio
1349 3100 1645 3195 passagii
1675 3100 2108 3170 transmarini
2143 3100 2230 3172 ad
2269 3098 2459 3194 quod
2486 3101 2889 3171 tenebamur
2923 3122 3015 3171 ex
3055 3110 3241 3188 voto,
3283 3109 3448 3171 tunc
3482 3100 3805 3194 temporis
3832 3121 3959 3173 nos

1151 3223 1491 3316 arctabat,
1535 3245 1813 3296 causam
1848 3224 2067 3317 ipsam
2098 3226 2186 3297 de
2222 3225 2677 3296 satisfactione
2704 3223 2902 3295 nobis
2917 3233 2987 3295 et
3017 3223 3306 3318 imperio
3339 3222 3654 3295 facienda
3676 3224 3958 3296 arbitrio

1147 3349 1400 3421 summi
1436 3346 1778 3443 pontificis
1819 3349 2286 3420 commisimus
2330 3348 2863 3437 terminandam,
2906 3369 3030 3443 per
3058 3367 3269 3441 quem
3325 3348 3398 3418 in
3435 3347 3832 3440 quingentis
3862 3347 3948 3443 (c)

1147 3476 1479 3548 militibus
1525 3499 1649 3572 pro
1701 3477 1978 3566 negotio
2025 3477 2228 3548 Terre
2276 3476 2523 3547 Sancte
2556 3475 2689 3547 sub
2733 3496 2968 3547 eorum
3021 3473 3410 3567 sumptibus
3440 3495 3562 3567 per
3596 3474 3951 3545 biennium

1147 3600 1565 3673 exhibendis
1606 3601 1881 3671 fuerunt
1929 3600 2125 3672 nobis
2169 3600 2473 3672 arbitrali
2542 3600 2879 3672 sententia
2932 3597 3395 3671 condemnati.
3448 3598 3636 3683 Quos
3696 3597 3951 3670 nedum

1144 3726 1337 3821 quod
1388 3727 1587 3798 nobis
1634 3726 2147 3797 transeuntibus
2182 3725 2275 3797 ad
2327 3734 2637 3797 nostrum
2691 3724 3102 3817 obsequium
3131 3722 3693 3812 transmisissent,
3743 3721 3951 3793 immo

1145 3851 1424 3922 inimico
1480 3850 1670 3944 pacis
1703 3851 2072 3923 Ecclesiam
2120 3851 2296 3922 inter
2348 3859 2416 3922 et
2451 3850 2817 3944 imperium
2861 3847 3274 3920 discordiam
3316 3847 3725 3937 seminante,
3766 3848 3951 3940 ipsos

1145 3988 1380 4047 contra
1407 3995 1532 4045 nos
1564 3974 1635 4044 in
1667 3973 1990 4069 Apuliam
2020 3978 2561 4063 transmiserunt,
2584 3982 2649 4044 et
2671 3974 2773 4044 sic
2801 3993 2920 4066 per
2938 3971 3277 4043 contrarie
3301 3971 3777 4042 satisfactionis
3808 3991 3951 4043 mo·

1143 4099 1310 4172 dum
1327 4097 1773 4194 precedentes
1792 4099 2076 4191 injurias
2099 4099 2555 4189 geminarunt.
2580 4097 3056 4169 Redeuntibus
3074 4106 3301 4168 autem
3323 4096 3524 4168 nobis
3537 4094 3627 4167 de
3640 4095 3949 4188 partibus

1141 4223 1615 4295 transmarinis
1649 4244 1731 4294 ac
1750 4223 1927 4293 inter
1960 4244 2085 4294 nos
2110 4232 2177 4294 et
2202 4223 2575 4293 Ecclesiam
2606 4221 3032 4294 dissensione
3059 4220 3322 4311 sedata,
3358 4219 3447 4292 de
3469 4221 3949 4292 reformatione

1137 4358 1354 4421 status
1409 4346 1676 4440 imperii
1742 4357 2070 4441 concepto
2128 4347 2474 4441 proposito
2535 4344 2815 4416 firmiter
2875 4345 3260 4416 inherentes
3313 4343 3501 4439 apud
3550 4344 3947 4416 Ravennam

1218 4522 1301 4602 (α)
1344 4526 1413 4585 In
1439 4523 1573 4583 cod.
1601 4523 1814 4585 Philol.
1849 4532 1960 4583 305
1980 4568 1997 4600 ,
2027 4522 2404 4583 convenimus.

1211 4626 1295 4707 (b)
1339 4629 1409 4688 In
1437 4629 1644 4688 eodem
1669 4629 1801 4689 cod.
1830 4625 2126 4708 colloquio.

1213 4733 1286 4812 (c)
1329 4734 1670 4814 Legendum
1697 4751 1837 4795 vero
1864 4732 2322 4815 quadrinqemis.
2350 4734 2443 4797 Cf.
2466 4751 2674 4813 supra,
2699 4740 2747 4796 t.
2775 4736 2865 4810 11,
2894 4752 2956 4814 p.
2991 4742 3127 4796 703.
