4842 5802
1097 616 1217 680 792
2092 616 2523 681 ramulum
2573 616 2923 681 saeuum
3551 616 3709 698 [An.
3742 616 3920 682 1235.

1092 773 1300 847 gerne
1351 749 1777 825 Pataviensie
1827 752 2199 849 episeopus
2216 806 2237 846 ,
2295 753 2660 827 Heinricns
2712 752 3171 828 Sekkavensie
3228 752 3599 850 episcopua
3614 807 3637 845 ,
3686 753 3926 830 Siboto

1091 873 1555 971 Angustensis
1588 875 1979 972 epiecopus,
2023 876 2437 951 Wenezlans
2468 898 2600 952 rex
2629 876 2983 970 Bohemie,
3016 874 3459 951 Bernhardus
3492 875 3648 951 dux
3671 876 3923 952 Karin-

1090 998 1271 1093 thie‚
1317 1000 1546 1094 Raspo
1599 999 2033 1094 lantgravius
2074 999 2482 1096 Thuringie,
2520 999 2932 1076 Cbunradns
2979 1021 3210 1075 comes
3249 999 3342 1075 de
3376 1000 3917 1093 Wazzerbnrcb‚

1094 1121 1458 1197 Luitoldus
1507 1121 1597 1196 de
1639 1120 1906 1218 Aegia,
1946 1122 2295 1198 Alhardus
2327 1124 2764 1220 Proisingen,
2799 1124 3095 1199 Sifridue
3140 1122 3233 1198 de
3278 1124 3694 1217 Wroberch‚
3730 1125 3920 1199 Hen-

1091 1249 1278 1321 ricus
1316 1245 1406 1322 de
1442 1246 1832 1321 Hohenrain
1852 1300 1876 1340 ,
1919 1245 2330 1322 Chunradus
2379 1246 2887 1323 Ouffenbovern
2905 1303 2929 1343 ,
2979 1246 3291 1323 Albanus
3338 1245 3430 1324 de
3473 1247 3912 1344 Waringow,

1095 1372 1364 1445 Ulricns
1392 1380 1462 1445 et
1496 1370 1907 1444 Chnnradne
1936 1370 2378 1465 Testudinee,
2414 1380 2486 1445 et
2515 1372 2633 1447 alii
2668 1373 3140 1468 quamplures.

1191 1493 1365 1569 Acta
1412 1504 1576 1568 eunt
1621 1493 1752 1570 hec
1787 1493 1978 1591 apud
2026 1495 2412 1591 Angustam
2433 1549 2454 1586 ‚
2502 1493 2763 1569 ibidem
2805 1494 3200 1592 presidente
3239 1494 3521 1569 feliciter
3567 1493 3917 1570 Friderieo

1094 1618 1493 1715 supradicto
1531 1618 1964 1716 imperatore,
2006 1640 2188 1693 anno
2217 1618 2708 1694 incarnationis
2746 1619 3023 1693 Domini
3052 1618 3506 1712 MCCXXXV,
3541 1618 3920 1694 indictione

1084 1766 1292 1819 nona.

698 2251 1022 2351 „⁸32⁸”ssssss
1195 2241 1281 2325 In
1326 2241 1521 2324 festo
1576 2238 1946 2325 Omnium
2000 2237 2457 2322 Sanctorum
2506 2238 2918 2348 imperator
2970 2245 3427 2323 conventum
3481 2239 3915 2351 principum

1085 2375 1356 2458 habuit
1400 2375 1606 2486 apud
1651 2374 2107 2484 Augustam.
2157 2371 2290 2455 Ubi
2322 2397 2458 2455 rex
2499 2370 2854 2455 Boemiae
2889 2369 3141 2479 affuit,
3181 2371 3550 2481 recipiens
3602 2372 3704 2457 ab
3755 2374 3919 2455 im-

1084 2519 1433 2619 peratore
1503 2507 1766 2591 deoem
1837 2505 2082 2587 millia
2142 2530 2580 2588 marcarum
2642 2529 2784 2614 pro
2845 2514 3061 2615 parte
3128 2502 3445 2588 Sueviae
3496 2531 3696 2613 quae
3738 2505 3917 2615 jure

1083 2639 1588 2724 haereditario
1644 2663 1866 2720 suam
1925 2661 2243 2720 uxorem
2295 2635 2421 2746 (1)
2477 2636 2875 2745 contingit.
2922 2681 3032 2700 ·-
3067 2635 3387 2720 Gonnrn.
3451 2636 3716 2721 Conon.
3779 2664 3908 2748 ap.

1081 2772 1466 2878 Boanum,
1504 2775 1801 2866 Fontes,
1850 2777 1907 2848 t.
1948 2766 2052 2870 Π,
2096 2794 2175 2876 p.
2218 2767 2405 2851 568.
3400 2762 3407 2767 ’

733 3394 979 3492 ξπσζῗῆς
1190 3368 1619 3454 Fridericus
1634 3425 1658 3474 ,
1707 3365 2232 3451 Romanorum
2292 3365 2707 3473 imperator
2722 3426 2746 3473 ,
2797 3364 3237 3448 Hermanno
3296 3365 3668 3475 magistro
3718 3367 3918 3453 hos-

1086 3501 1343 3614 pitalis
1385 3500 1709 3584 Sanctae
1741 3497 2025 3583 Mariae
2059 3495 2704 3580 Theutonioorum
2738 3495 2822 3577 in
2864 3494 3280 3579 Jerusalem
3316 3495 3804 3582 donationem
3839 3508 3919 3582 et

1089 3634 1603 3722 venditionem
1670 3629 2186 3740 quorumdam
2252 3627 2637 3712 bonorum
2732 3627 3020 3711 ibidem
3096 3654 3631 3738 expressorum
3719 3632 3922 3715 inter

1088 3769 1411 3853 domum
1446 3764 1796 3849 eamdem
1833 3790 1928 3847 ex
1970 3787 2129 3845 una
2170 3769 2387 3871 parte
2425 3770 2655 3871 atque
2695 3759 3206 3844 Bertrandum
3250 3762 3586 3847 Porcelet
3626 3773 3704 3847 et
3733 3762 3915 3847 Isa-

1091 3902 1376 3985 bellam
1420 3923 1738 3982 uxorem
1781 3896 1948 4005 ejus
1982 3921 2076 3977 ex
2115 3894 2351 3976 altera
2374 3954 2397 4000 ‚
2451 3919 2712 3976 coram
2745 3892 3114 3978 Riccardo
3146 3894 3573 4006 Filangerio
3615 3906 3800 3980 tunc
3832 3898 3917 3978 in

1091 4033 1438 4147 partibus
1476 4029 1737 4141 Syriae
1772 4027 2147 4137 imperiali
2181 4026 2437 4137 legato
2472 4026 2782 4129 factam,
2834 4035 3081 4108 ratam
3106 4024 3340 4109 habet
3372 4036 3447 4109 et
3477 4026 3908 4111 confirmat.

1258 4245 1466 4327 (Edtd.
1499 4244 1888 4311 Sumam,
1933 4241 2194 4302 Momm.
2225 4236 2463 4311 Zoller„
2493 4247 2552 4299 1·
2576 4254 2746 4317 pars,
2772 4255 2836 4315 p.
2867 4246 2967 4313 ⁴63
2997 4239 3127 4300 coll.
3167 4254 3304 4299 cum
3331 4239 3501 4319 eopia
3531 4238 3805 4302 authent.
3846 4241 3916 4300 ln

1330 4353 1496 4416 arch.
1530 4351 1847 4430 stuttgart.
1876 4355 2093 4410 etcum
2118 4347 2269 4408 libro
2295 4347 2507 4426 eopiali
2535 4346 2666 4408 ord.
2690 4347 2983 4409 Theuton.
3012 4348 3078 4407 ln
3114 4345 3357 4407 archivo
3382 4346 3671 4419 Berolln.)

1168 4646 1235 4718 (4)
1272 4642 1487 4701 Scilicet
1506 4639 2029 4714 Cunegundis‚'quae
2053 4639 2212 4697 etiam
2243 4638 2551 4710 catherina,
2577 4637 2809 4696 secunda
2835 4635 3066 4710 Philippi
3091 4635 3448 4694 Romanorum
3473 4631 3745 4707 quondam
3773 4631 3921 4708 regie

1089 4741 1218 4799 fllia.
