4842 5802
1100 732 1107 739 ἱ
1184 639 1307 703 580
2230 642 2578 702 nssmmcl
2632 639 2970 702 SEPTml
3634 635 3792 713 [Ass.
3832 636 4003 700 1232.

1184 796 1316 848 nos
1371 786 1864 869 cognoscentes
1914 775 2123 851 fidem
2177 787 2248 850 et
2302 776 2625 850 devotam
2674 796 2806 849 nec
2856 795 2997 847 non
3044 770 3521 866 obsequiosam
3576 772 4007 844 voluntatem

1185 898 1498 973 fidelium
1547 909 1933 973 nostrorum
1981 901 2463 974 universorum
2514 900 2770 971 civium
2823 894 3441 970 wormaciensium
3463 947 3482 983 ‚
3535 914 3749 988 quam
3805 896 4007 969 nobis

1182 1030 1255 1095 et
1306 1021 1906 1117 predecessoribus
1962 1045 2046 1096 ac
2092 1023 2644 1119 progenitoribus
2696 1021 2946 1094 nostris
2996 1019 3467 1092 exhibuerunt
3508 1016 3841 1090 hactenus
3899 1019 4005 1090 in-

1185 1144 1493 1236 defesse,
1552 1146 1720 1240 ipsis
1766 1146 2039 1239 singula
2095 1157 2163 1219 et
2207 1147 2534 1219 universa
2582 1143 2948 1241 privilegia
3000 1164 3044 1216 a
3096 1140 3694 1238 predecessoribus
3751 1143 4004 1215 nostris

1181 1268 1708 1363 imperatoribus
1748 1291 1830 1342 ac
1873 1269 2154 1363 regibus
2189 1270 2650 1341 Romanorum
2693 1279 2762 1341 et
2806 1266 3202 1339 nominatim
3246 1266 3336 1337 ab
3386 1265 3791 1360 imperatore
3842 1265 4000 1337 Fri-

1182 1390 1415 1464 derico
1464 1413 1722 1486 proavo
1785 1404 2051 1482 nostro,
2103 1394 2193 1464 ab
2242 1392 2645 1487 imperatore
2687 1391 3003 1463 Heinrioo
3051 1410 3186 1462 avo
3235 1398 3462 1460 nostro
3506 1397 3577 1461 et
3623 1410 3666 1460 a
3707 1389 4000 1460 serenis·

1180 1515 1358 1588 simo
1410 1514 1690 1589 domino
1730 1516 2133 1611 imperatore
2169 1526 2360 1611 patre
2409 1524 2641 1588 nostro
2690 1513 2956 1587 eisdem
3018 1513 3321 1603 indulta,
3366 1512 3769 1584 auctoritate
3806 1512 3997 1604 regia

1180 1645 1251 1710 et
1289 1659 1382 1711 ex
1431 1639 1652 1732 gratia
1707 1648 1777 1711 et
1822 1649 2158 1732 potestate
2209 1659 2385 1732 quas
2429 1661 2471 1711 a
2531 1638 2964 1710 serenissimo
3015 1635 3296 1708 domino
3346 1635 3754 1729 imperatore
3803 1638 3998 1729 patre

1176 1769 1407 1834 nostro
1449 1782 1671 1856 nuper
1705 1784 1946 1833 sumus
1981 1761 2255 1857 adepti,
2295 1759 2823 1852 confirmamus3
2857 1761 3173 1833 volentes
3207 1779 3290 1831 ea
3326 1757 3521 1831 velut
3552 1758 3884 1830 hactenus
3918 1757 3990 1829 in

1177 1905 1308 1957 suo
1368 1884 1612 1957 robore
1665 1894 1736 1956 et
1791 1885 2032 1978 vigore
2084 1884 2351 1979 absque
2396 1884 2789 1980 calumpnia
2841 1884 2910 1955 in
2960 1891 3306 1978 posterum
3359 1902 3783 1975 permanere.
3841 1885 3992 1954 Sta·

1177 2008 1439 2080 tuimus
1490 2008 1703 2102 igitur
1753 2018 1825 2081 et
1879 2010 2013 2081 sub
2074 2008 2640 2082 interminacione
2681 2008 2898 2103 gratie
2944 2016 3172 2080 nostre
3218 2006 3523 2078 districte
3575 2006 3989 2101 precipimus

1172 2137 1253 2200 ut
1293 2130 1485 2202 nulla
1529 2154 1836 2226 unquam
1887 2153 2177 2227 persona
2224 2132 2511 2204 humilis
2562 2132 2673 2205 vel
2722 2131 2899 2223 alta,
2950 2130 3405 2204 ecclesiastica
3454 2131 3566 2202 vel
3618 2127 3979 2218 secularis,

1169 2252 1335 2327 huic
1379 2256 1559 2328 facto
1605 2264 1675 2327 et
1718 2253 2214 2328 confirmationi
2266 2266 2498 2328 nostre
2542 2256 2798 2329 audeat
2839 2256 3176 2327 contraire
3229 2255 3338 2326 vel
3385 2275 3562 2325 ausu
3624 2253 3984 2326 temerario

1168 2376 1240 2447 in
1275 2377 1510 2472 aliquo
1557 2376 1868 2451 obviare.
1898 2376 2103 2462 Quod
2147 2378 2269 2472 qui
2307 2380 2532 2451 faeere
2579 2379 3107 2474 presumpserit,
3163 2377 3337 2450 iram
3368 2385 3667 2449 nostram
3697 2396 3982 2470 gravem

1165 2500 1414 2573 sentiet
1443 2509 1512 2572 et
1561 2499 1930 2592 offensam,
1973 2511 2042 2573 et
2090 2523 2338 2596 penam
2389 2510 2619 2574 reatus
2655 2502 2765 2574 sni
2806 2512 3083 2573 centum
3128 2501 3339 2574 libras
3382 2502 3535 2573 auri
3582 2511 3977 2596 componet,

1162 2623 1600 2696 medietatem
1649 2646 1920 2696 camere
1972 2633 2238 2717 nostre,
2283 2625 2619 2718 reliquam
2663 2624 2885 2719 passis
2931 2624 3252 2715 iujuriam
3300 2624 3823 2718 persolvendas.
3870 2622 3980 2695 Ad

1161 2745 1372 2838 hujus
1408 2746 1640 2840 itaque
1676 2748 1835 2818 facti
1873 2748 2085 2818 nostri
2121 2756 2190 2821 et
2230 2746 2765 2820 confirmationis
2807 2746 3205 2820 memoriam
3245 2746 3633 2820 evidentem
3670 2757 3738 2818 et
3767 2748 3979 2819 robur

1161 2869 1235 2942 in
1283 2878 1632 2965 posterum
1670 2870 2082 2961 valiturum,
2132 2891 2413 2964 presens
2458 2868 2716 2943 exinde
2765 2868 3203 2965 privilegium
3255 2868 3587 2941 conscribi
3649 2878 3718 2942 et
3769 2870 3975 2963 sigilli

1158 2993 1371 3065 nostri
1407 2993 1782 3065 munimine
1809 2994 2147 3086 jussimus
2184 2993 2513 3066 roborari.

1259 3116 1492 3186 Testes
1547 3114 1643 3186 hii
1704 3126 1867 3187 sunt
1926 3144 1944 3187 ε
1999 3119 2073 3189 S.
2117 3117 2533 3190 venerabilis
2593 3116 3036 3210 Moguntinus
3084 3126 3152 3188 et
3205 3168 3222 3186 .
3258 3169 3274 3187 .
3308 3169 3328 3188 .
3379 3116 3815 3189 Treverensis
3862 3139 3972 3189 ar·

1159 3235 1575 3331 chiepiscopi
1597 3291 1617 3325 ,
1676 3240 1755 3308 B.
1815 3237 2370 3331 Argentinensis,
2430 3238 2970 3329 Cameracensis,
3029 3238 3580 3331 osnaburgensis
3622 3239 3964 3335 episcopi,

1154 3358 1229 3431 C.
1282 3359 1499 3431 abbas
1548 3360 1946 3453 Fuldensis,
2007 3363 2092 3433 H.
2153 3362 2460 3435 marchio
2515 3361 2605 3434 de
2657 3362 2926 3452 Baden‚
2983 3363 3069 3433 H.
3129 3360 3282 3434 dux
3330 3361 3420 3435 de
3471 3362 3826 3457 Limborg,
3878 3364 3960 3436 Ο.

1151 3482 1497 3576 Aquensis
1548 3493 1618 3555 et
1649 3485 2098 3577 Trajectensis
2144 3486 2532 3581 prepositus
2571 3484 2694 3581 (a),
2736 3484 2811 3556 C.
2854 3486 3242 3581 prepositus
3291 3486 3381 3559 de
3419 3487 3690 3579 Tanne,
3740 3509 3969 3562 comes

1149 3606 1540 3680 Walramus
1574 3607 1665 3681 de
1702 3608 2143 3702 Lucilnborg,
2180 3629 2409 3682 comes
2442 3610 2526 3681 E.
2563 3611 2652 3684 de
2683 3609 2940 3700 Urach,
2988 3610 3074 3680 H.
3122 3609 3424 3682 marchio
3462 3611 3552 3684 de
3587 3612 3959 3706 Burgowe,

1151 3752 1383 3804 comes
1431 3733 1512 3803 H.
1581 3731 1672 3805 de
1721 3731 2189 3827 Habigsborg,
2249 3755 2481 3807 comes
2526 3732 2613 3804 A.
2673 3733 2762 3806 de
2809 3734 3258 3828 Roteniborg,
3314 3735 3641 3807 Gerlacus
3694 3736 3784 3809 de
3829 3738 3965 3808 Bu-

1148 3852 1435 3948 dingen,
1472 3856 1878 3930 Godefridus
1917 3857 2006 3930 de
2048 3857 2485 3949 Hohenloch,
2521 3859 2637 3929 W.
2691 3858 2959 3952 dapifer
2990 3857 3081 3930 de
3114 3859 3442 3951 Bonlant‚
3477 3860 3591 3931 W.
3632 3860 3961 3954 pincerna

1148 3976 1240 4050 de
1284 3978 1615 4074 Schiphe,
1662 3980 1746 4052 E.
1806 3981 2072 4077 dapifer
2120 3981 2210 4054 de
2254 3959 2626 4074 Walborg,
2677 3981 2751 4053 C.
2804 3983 3131 4076 pincerna
3176 3984 3266 4056 de
3319 3984 3821 4071 Winterstetin,
3878 3983 3950 4054 C.

1145 4103 1473 4197 pincerna
1507 4101 1598 4174 de
1627 4102 2122 4196 Clinginiborg,
2165 4102 2582 4175 Ludewicus
2615 4103 2705 4176 de
2734 4103 3073 4200 Schipha,
3113 4114 3183 4176 et
3209 4106 3325 4177 alii
3356 4107 3827 4200 quamplures.

1241 4224 1489 4297 Actum
1541 4221 1794 4323 [anno]
1852 4225 2197 4298 dominice
2255 4226 2740 4300 incarnationis
2797 4228 3155 4301 millesimo
3232 4228 3701 4303 ducentesimo
3757 4232 3958 4305 trice-

1144 4348 1319 4421 simo
1372 4348 1712 4441 secundo,
1765 4350 1854 4421 Ill
1905 4350 2158 4423 mensis
2204 4350 2523 4445 augusti,
2571 4350 2943 4425 indictione
2992 4352 3270 4447 quinta,
3324 4373 3507 4427 anno
3559 4355 3756 4448 regni
3808 4358 3957 4449 ejus

1141 4470 1534 4545 undecimo.

1227 4734 1314 4817 (a)
1357 4737 1427 4798 In
1462 4739 1754 4816 impressis
1769 4744 2070 4821 prepositi,
2101 4744 2274 4806 male.
