4842 5802
1149 641 1268 703 762
2141 647 2571 709 nmmum
2622 647 2967 710 sssculvm
3588 653 3748 730 [Ass.
3793 654 3959 717 12:35.

1242 777 1410 849 Acta
1455 787 1616 849 sunt
1656 779 1788 851 hec
1836 801 2021 853 anno
2072 781 2415 854 dominice
2464 782 2950 857 incarnationis
2994 781 3088 854 M.
3112 782 3238 855 CC.
3294 784 3641 861 tricesimo
3680 790 3957 883 quinto,

1139 924 1378 976 mense
1403 903 1680 996 augusti
1697 955 1718 993 ,
1749 911 1995 976 octave
2023 904 2446 977 indictionis,

1237 1028 1407 1098 Data
1440 1026 1632 1121 apud
1657 1029 2086 1121 Hagenowe,
2120 1049 2331 1114 anno,
2363 1049 2601 1101 mense
2625 1038 2698 1101 et
2731 1027 3105 1102 indictione
3133 1032 3545 1127 prescriptis,

1656 1350 1920 1360 “—

739 1641 1070 1749 ,ma
1239 1620 1297 1704 F
1298 1621 1665 1704 ridericus
1683 1683 1708 1728 ‚
1748 1620 2269 1705 Romanorum
2303 1618 2746 1728 imperator,
2785 1620 2887 1702 ad
2936 1619 3559 1728 supplicationem
3609 1647 3949 1730 praepo-

1135 1756 1258 1837 siti
1310 1764 1386 1836 et
1446 1754 1755 1864 capituli
1809 1752 2064 1837 Sancti
2118 1751 2435 1835 Servatii
2488 1753 2567 1833 in
2624 1751 3004 1861 Trajecto‚
3054 1752 3504 1835 sententiam
3557 1756 3949 1862 quondam

1132 1914 1392 1971 coram
1442 1887 1605 1970 filio
1655 1911 1795 1969 suo
1845 1887 2083 1968 latam
2116 1885 2518 1969 confirmat
2549 1912 2705 1995 qua
2737 1884 2884 1968 fuit
2917 1885 3327 1969 diffinitum
3361 1887 3712 1969 eamdem
3746 1913 3947 1996 cap-

1128 2022 1410 2130 pellam
1446 2020 1545 2103 ad
1590 2019 2196 2129 jurisdictionem
2228 2018 2528 2127 imperii
2588 2018 2963 2127 pertinere
3022 2044 3270 2129 neque
3322 2019 3675 2129 episcopo
3736 2021 3944 2105 Leo-

1123 2154 1366 2238 diensi
1403 2154 1483 2234 in
1519 2153 1778 2262 aliquo
1814 2155 2076 2234 teneri.

1280 2370 1517 2450 (Edidit
1557 2369 1872 2439 Mutuus,
1908 2364 2078 2444 Oper.
2126 2361 2393 2444 diplom,
2442 2372 2591 2428 tom.
2631 2365 2739 2442 IV,
2783 2384 2847 2444 p.
2891 2374 3052 2442 ²⁵⁵3
3096 2367 3231 2429 coll.
3286 2383 3421 2427 cum
3463 2367 3717 2429 chartul.
3766 2368 3938 2431 MSS.

1357 2476 1421 2538 S.
1453 2477 1678 2538 Servat.
1711 2478 1773 2533 in
1817 2472 1974 2533 Bibl.
2015 2489 2141 2550 reg.
2169 2473 2386 2552 Paris„
2415 2478 2563 2533 tom.
2593 2473 2659 2546 Ι,
2701 2490 2762 2550 p.
2798 2483 2873 2534 80
2896 2479 2956 2531 et
2982 2490 3042 2551 p.
3080 2482 3153 2533 53
3192 2490 3386 2551 verso,
3417 2475 3480 2532 in
3506 2474 3777 2534 confirm.
3808 2475 3937 2535 Bu-

1357 2581 1501 2643 dolss
1543 2583 1699 2658 regis
1712 2598 1729 2652 3
1760 2585 1808 2639 t.
1842 2578 1930 2651 11,
1973 2594 2034 2654 p.
2078 2586 2190 2637 150
2237 2595 2441 2651 verso3
2473 2584 2517 2638 t.
2551 2579 2673 2649 111,
2718 2595 2781 2655 p.
2813 2587 2886 2637 47
2920 2585 3092 2638 recto.
3125 2577 3350 2639 Mentio
3376 2579 3446 2638 nt
3471 2581 3680 2658 sigilli,
3705 2586 3850 2641 tunc
3874 2583 3936 2640 in

1356 2686 1686 2764 fragmenta
1712 2683 1995 2744 contracti
2010 2723 2029 2758 ‚
2055 2682 2259 2743 caudis
2284 2686 2687 2760 pergamensis
2709 2686 2994 2761 appensi.)

1210 2872 1626 2961 Fridericus‚
1674 2870 1797 2943 Dei
1844 2869 2066 2964 gratia
2093 2870 2555 2943 Romanorum
2593 2871 2962 2966 imperator
3000 2890 3273 2965 semper
3312 2880 3685 2964 augustus,
3723 2872 3932 2944 Jeru-

1112 3000 1326 3070 salem
1356 3006 1425 3069 et
1458 2995 1687 3067 Sicilie
1717 3016 1880 3083 νει,
1923 2994 2265 3065 universis
2298 3015 2424 3088 per
2458 2994 2829 3088 imperium
2863 2994 3251 3065 constitutis
3285 3003 3636 3088 presentes
3674 2995 3932 3066 litteras

1111 3117 1521 3211 inspecturis
1569 3115 1889 3187 fidelibus
1941 3115 2088 3186 suis
2138 3116 2426 3208 gratiam
2479 3136 2678 3187 suam
2724 3127 2793 3189 et
2843 3137 3049 3188 omne
3094 3115 3381 3187 bonnm.
3443 3118 3935 3210 Exposuerunt

1112 3239 1447 3332 majestati
1486 3245 1717 3311 nostre
1759 3238 2145 3333 prepositus
2181 3247 2250 3310 et
2290 3237 2668 3332 capitulum
2704 3239 3014 3333 cappelle
3057 3248 3285 3311 nostre
3317 3240 3500 3311 beati
3528 3241 3821 3312 Servatii
3860 3241 3928 3312 in

1110 3366 1444 3456 Trajecto,
1475 3361 1718 3436 fideles
1744 3364 1985 3454 nostri,
2016 3362 2208 3457 quod
2228 3384 2388 3435 cum
2410 3363 2701 3436 dilectus
2728 3363 3048 3459 princeps
3070 3372 3297 3436 noster
3321 3365 3738 3438 venerabilis
3770 3367 3929 3460 epi-

1107 3511 1356 3585 scopus
1417 3488 1815 3563 Leodiensis
1860 3490 2080 3583 ipsam
2143 3489 2523 3584 cappellam
2583 3500 2818 3562 contra
2856 3491 2975 3581 jus
3035 3498 3342 3561 nostrum
3402 3499 3473 3562 et
3528 3490 3798 3584 imperii
3848 3513 3928 3563 ac

1110 3614 1328 3708 ipsius
1358 3614 1646 3686 ecclesie
1677 3614 2055 3687 libertatem
2091 3612 2446 3707 quondam
2487 3613 2618 3684 sibi
2653 3612 2993 3704 subjicere
3032 3613 3362 3685 niteretur
3394 3623 3463 3685 et
3494 3626 3769 3708 propter
3796 3616 3927 3688 hoc

1109 3759 1339 3810 coram
1416 3758 1578 3831 rege
1635 3735 1776 3809 filio
1833 3747 2065 3810 nostro
2107 3747 2176 3809 et
2240 3736 2703 3809 assidentibus
2756 3737 2820 3808 ei
2884 3737 3314 3831 principibus
3371 3737 3618 3808 citatus
3677 3739 3920 3826 fuerit,

1109 3862 1388 3935 tandem
1428 3871 1508 3932 ut
1547 3861 1846 3932 constitit
1885 3861 2018 3932 fuit
2061 3861 2459 3933 solemniter
2501 3860 2873 3933 diffinitum
2919 3881 3042 3954 per
3079 3861 3484 3933 sententiam
3535 3861 3921 3955 principum

1107 3983 1508 4058 eorumdem
1531 4038 1549 4070 ‚
1590 3983 1918 4057 videlicet
1947 3984 2371 4077 maguntini,
2405 3984 2839 4056 Treverensis
2887 3992 2958 4056 et
2993 3982 3414 4057 Coloniensis
3462 3982 3920 4076 archiepisco-

1108 4130 1388 4203 porum,
1422 4107 2034 4200 Babembergensis
2056 4163 2072 4192 ‚
2126 4106 2482 4194 Metensis,
2536 4106 2878 4201 Spirensis
2928 4118 2998 4179 et
3056 4107 3393 4179 Tullensis
3443 4106 3914 4199 episcoporum

1102 4245 1172 4306 et
1231 4233 1524 4304 aliorum
1595 4231 2108 4325 quamplurium
2176 4231 2578 4302 clericorum
2638 4240 2708 4302 et
2773 4231 3098 4302 laicorum
3152 4229 3539 4324 principum
3566 4280 3586 4315 ,
3648 4249 3914 4299 necnon

1105 4357 1401 4442 ducum,
1436 4355 1760 4427 comitum
1806 4363 1877 4425 et
1914 4353 2250 4425 nobilium
2301 4354 2795 4447 plurimorum,
2838 4353 3093 4424 dictam
3140 4351 3521 4446 cappellam
3565 4351 3659 4424 ad
3704 4351 3914 4444 juris·

1107 4483 1477 4555 dictionem
1510 4490 1808 4553 nostram
1843 4489 1912 4550 et
1953 4479 2220 4573 imperii
2268 4479 2613 4573 pertinere
2655 4488 2724 4550 et
2771 4477 2997 4551 eidem
3039 4478 3366 4572 episcopo
3395 4478 3468 4549 in
3505 4478 3737 4572 aliquo
3777 4499 3911 4551 non

1105 4607 1347 4680 teneri.
1391 4606 1669 4701 Propter
1719 4603 1909 4696 quod
1960 4604 2306 4676 humiliter
2365 4603 2833 4696 supplicarunt
2878 4611 2957 4673 ut
3002 4601 3406 4674 sententiam
3461 4602 3680 4696 ipsam
3739 4623 3912 4675 con-

1107 4729 1381 4802 firmare
1408 4729 1498 4802 de
1529 4735 1757 4802 nostra
1786 4728 2000 4822 gratia
2033 4727 2503 4819 dignaremur.
2539 4725 2678 4799 Nos
2707 4725 2922 4820 igitur
2957 4725 3163 4816 justis
3193 4746 3430 4798 eorum
3469 4725 3914 4819 petitionibus
