<?xml version="1.0" encoding="UTF-8"?>
<!DOCTYPE html PUBLIC "-//W3C//DTD XHTML 1.0 Transitional//EN"
    "http://www.w3.org/TR/xhtml1/DTD/xhtml1-transitional.dtd">
<html xmlns="http://www.w3.org/1999/xhtml" xml:lang="en" lang="en">
 <head>
  <title>
</title>
<meta http-equiv="Content-Type" content="text/html;charset=utf-8" />
  <meta name='ocr-system' content='tesseract 3.04.00' />
  <meta name='ocr-capabilities' content='ocr_page ocr_carea ocr_par ocr_line ocrx_word'/>
</head>
<body>
  <div class='ocr_page' id='page_1' title='image "./historiadiploma01degoog_0042.png"; bbox 0 0 4842 5802; ppageno 0'>
   <div class='ocr_carea' id='block_1_1' title="bbox 1181 716 3999 801">
    <p class='ocr_par' dir='ltr' id='par_1_1' title="bbox 1181 716 3999 801">
     <span class='ocr_line' id='line_1_1' title="bbox 1181 716 3999 801; baseline 0.001 -23"><span class='ocrx_word' id='word_1_1' title='bbox 1181 716 1303 779; x_wconf 78' lang='lat'><strong>572</strong></span> <span class='ocrx_word' id='word_1_2' title='bbox 2230 717 2574 781; x_wconf 71' lang='lat' dir='ltr'><strong>numium</strong></span> <span class='ocrx_word' id='word_1_3' title='bbox 2626 718 2963 782; x_wconf 69' lang='lat' dir='ltr'><strong>sermm</strong></span> <span class='ocrx_word' id='word_1_4' title='bbox 3630 716 3788 801; x_wconf 63' lang='lat' dir='ltr'><strong>[Asu.</strong></span> <span class='ocrx_word' id='word_1_5' title='bbox 3827 717 3999 780; x_wconf 74' lang='lat'>1232.</span> 
     </span>
    </p>
   </div>
   <div class='ocr_carea' id='block_1_2' title="bbox 1182 848 4012 1563">
    <p class='ocr_par' dir='ltr' id='par_1_2' title="bbox 1182 848 4012 1441">
     <span class='ocr_line' id='line_1_2' title="bbox 1183 848 4010 945; baseline 0.001 -24"><span class='ocrx_word' id='word_1_6' title='bbox 1183 848 1624 921; x_wconf 80' lang='lat' dir='ltr'><strong>excludimus</strong></span> <span class='ocrx_word' id='word_1_7' title='bbox 1658 849 1844 943; x_wconf 90' lang='lat' dir='ltr'><strong>ipsos</strong></span> <span class='ocrx_word' id='word_1_8' title='bbox 1878 871 1921 922; x_wconf 89' lang='lat' dir='ltr'><strong>a</strong></span> <span class='ocrx_word' id='word_1_9' title='bbox 1953 849 2173 942; x_wconf 81' lang='lat' dir='ltr'><strong>gratia</strong></span> <span class='ocrx_word' id='word_1_10' title='bbox 2195 860 2452 939; x_wconf 87' lang='lat' dir='ltr'><strong>nostra,</strong></span> <span class='ocrx_word' id='word_1_11' title='bbox 2487 873 2696 945; x_wconf 90' lang='lat' dir='ltr'><strong>quam</strong></span> <span class='ocrx_word' id='word_1_12' title='bbox 2729 873 2865 924; x_wconf 91' lang='lat' dir='ltr'><strong>non</strong></span> <span class='ocrx_word' id='word_1_13' title='bbox 2897 859 3410 944; x_wconf 80' lang='lat' dir='ltr'>consequentur</span> <span class='ocrx_word' id='word_1_14' title='bbox 3443 850 3578 923; x_wconf 91' lang='lat' dir='ltr'><strong>nisi</strong></span> <span class='ocrx_word' id='word_1_15' title='bbox 3611 852 3884 924; x_wconf 84' lang='lat' dir='ltr'><strong>solvant</strong></span> <span class='ocrx_word' id='word_1_16' title='bbox 3918 851 4010 925; x_wconf 91' lang='lat' dir='ltr'><strong>de</strong></span> 
     </span>
     <span class='ocr_line' id='line_1_3' title="bbox 1182 972 4012 1071; baseline 0.001 -28"><span class='ocrx_word' id='word_1_17' title='bbox 1182 972 1480 1068; x_wconf 89' lang='lat' dir='ltr'><strong>pecunia</strong></span> <span class='ocrx_word' id='word_1_18' title='bbox 1516 972 1716 1044; x_wconf 91' lang='lat' dir='ltr'><strong>nobis</strong></span> <span class='ocrx_word' id='word_1_19' title='bbox 1760 972 2006 1045; x_wconf 90' lang='lat' dir='ltr'><strong>datura</strong></span> <span class='ocrx_word' id='word_1_20' title='bbox 2051 974 2219 1067; x_wconf 89' lang='lat' dir='ltr'><strong>ipsis</strong></span> <span class='ocrx_word' id='word_1_21' title='bbox 2270 974 2567 1068; x_wconf 89' lang='lat' dir='ltr'><strong>inposita</strong></span> <span class='ocrx_word' id='word_1_22' title='bbox 2602 986 2670 1048; x_wconf 90' lang='lat' dir='ltr'><strong>et</strong></span> <span class='ocrx_word' id='word_1_23' title='bbox 2715 975 3049 1067; x_wconf 89' lang='lat' dir='ltr'><strong>injuncta.</strong></span> <span class='ocrx_word' id='word_1_24' title='bbox 3088 976 3177 1047; x_wconf 86' lang='lat' dir='ltr'><strong>Et</strong></span> <span class='ocrx_word' id='word_1_25' title='bbox 3209 985 3440 1048; x_wconf 90' lang='lat' dir='ltr'><strong>tamen</strong></span> <span class='ocrx_word' id='word_1_26' title='bbox 3479 975 3683 1048; x_wconf 85' lang='lat' dir='ltr'><strong>vobis</strong></span> <span class='ocrx_word' id='word_1_27' title='bbox 3710 975 4012 1071; x_wconf 86' lang='lat' dir='ltr'><strong>precipi-</strong></span> 
     </span>
     <span class='ocr_line' id='line_1_4' title="bbox 1184 1096 4012 1195; baseline 0.002 -29"><span class='ocrx_word' id='word_1_28' title='bbox 1184 1116 1342 1166; x_wconf 86' lang='lat' dir='ltr'><strong>mus</strong></span> <span class='ocrx_word' id='word_1_29' title='bbox 1378 1116 1500 1190; x_wconf 89' lang='lat' dir='ltr'><strong>per</strong></span> <span class='ocrx_word' id='word_1_30' title='bbox 1536 1096 1824 1188; x_wconf 77' lang='lat' dir='ltr'><strong>gratiam</strong></span> <span class='ocrx_word' id='word_1_31' title='bbox 1863 1107 2164 1170; x_wconf 90' lang='lat' dir='ltr'><strong>nostram</strong></span> <span class='ocrx_word' id='word_1_32' title='bbox 2195 1108 2273 1169; x_wconf 88' lang='lat' dir='ltr'><strong>ut</strong></span> <span class='ocrx_word' id='word_1_33' title='bbox 2324 1098 2511 1194; x_wconf 90' lang='lat' dir='ltr'><strong>ipsos</strong></span> <span class='ocrx_word' id='word_1_34' title='bbox 2551 1099 2645 1173; x_wconf 89' lang='lat' dir='ltr'><strong>ad</strong></span> <span class='ocrx_word' id='word_1_35' title='bbox 2677 1099 2752 1173; x_wconf 91' lang='lat' dir='ltr'><strong>id</strong></span> <span class='ocrx_word' id='word_1_36' title='bbox 2800 1099 3255 1195; x_wconf 91' lang='lat' dir='ltr'><strong>compellatis,</strong></span> <span class='ocrx_word' id='word_1_37' title='bbox 3300 1098 3791 1173; x_wconf 84' lang='lat' dir='ltr'><strong>nichilominus</strong></span> <span class='ocrx_word' id='word_1_38' title='bbox 3826 1099 4012 1194; x_wconf 91' lang='lat' dir='ltr'><strong>ipsos</strong></span> 
     </span>
     <span class='ocr_line' id='line_1_5' title="bbox 1186 1219 4012 1319; baseline 0.001 -28"><span class='ocrx_word' id='word_1_39' title='bbox 1186 1240 1229 1291; x_wconf 89' lang='lat' dir='ltr'><strong>a</strong></span> <span class='ocrx_word' id='word_1_40' title='bbox 1259 1227 1488 1292; x_wconf 87' lang='lat' dir='ltr'><strong>vestro</strong></span> <span class='ocrx_word' id='word_1_41' title='bbox 1516 1219 1867 1292; x_wconf 88' lang='lat' dir='ltr'><strong>consorcio</strong></span> <span class='ocrx_word' id='word_1_42' title='bbox 1893 1220 2348 1294; x_wconf 80' lang='lat' dir='ltr'><strong>excludentes</strong></span> <span class='ocrx_word' id='word_1_43' title='bbox 2368 1233 2720 1317; x_wconf 80' lang='lat' dir='ltr'><strong>tamquam</strong></span> <span class='ocrx_word' id='word_1_44' title='bbox 2756 1223 3035 1295; x_wconf 83' lang='lat' dir='ltr'><strong>frivolos</strong></span> <span class='ocrx_word' id='word_1_45' title='bbox 3063 1232 3331 1297; x_wconf 88' lang='lat' dir='ltr'><strong>nostros</strong></span> <span class='ocrx_word' id='word_1_46' title='bbox 3360 1232 3430 1295; x_wconf 86' lang='lat' dir='ltr'><strong>et</strong></span> <span class='ocrx_word' id='word_1_47' title='bbox 3458 1223 3729 1319; x_wconf 88' lang='lat' dir='ltr'><strong>imperii</strong></span> <span class='ocrx_word' id='word_1_48' title='bbox 3752 1232 3823 1295; x_wconf 89' lang='lat' dir='ltr'><strong>et</strong></span> <span class='ocrx_word' id='word_1_49' title='bbox 3844 1243 4012 1296; x_wconf 89' lang='lat' dir='ltr'><strong>con-</strong></span> 
     </span>
     <span class='ocr_line' id='line_1_6' title="bbox 1186 1342 3197 1441; baseline 0.002 -29"><span class='ocrx_word' id='word_1_50' title='bbox 1186 1350 1528 1433; x_wconf 78' lang='lat' dir='ltr'><strong>tumaceS,</strong></span> <span class='ocrx_word' id='word_1_51' title='bbox 1566 1342 2007 1417; x_wconf 86' lang='lat' dir='ltr'><strong>vendicando</strong></span> <span class='ocrx_word' id='word_1_52' title='bbox 2031 1344 2214 1418; x_wconf 89' lang='lat' dir='ltr'><strong>bona</strong></span> <span class='ocrx_word' id='word_1_53' title='bbox 2249 1346 2557 1441; x_wconf 89' lang='lat' dir='ltr'><strong>ipsorum</strong></span> <span class='ocrx_word' id='word_1_54' title='bbox 2592 1356 2821 1419; x_wconf 88' lang='lat' dir='ltr'><strong>nostre</strong></span> <span class='ocrx_word' id='word_1_55' title='bbox 2856 1345 3197 1441; x_wconf 77' lang='lat' dir='ltr'><strong>potestati.</strong></span> 
     </span>
    </p>

    <p class='ocr_par' dir='ltr' id='par_1_3' title="bbox 1283 1466 3205 1563">
     <span class='ocr_line' id='line_1_7' title="bbox 1283 1466 3205 1563; baseline 0.002 -28"><span class='ocrx_word' id='word_1_56' title='bbox 1283 1466 1531 1537; x_wconf 89' lang='lat' dir='ltr'><strong>Datum</strong></span> <span class='ocrx_word' id='word_1_57' title='bbox 1557 1467 1750 1562; x_wconf 90' lang='lat' dir='ltr'><strong>apud</strong></span> <span class='ocrx_word' id='word_1_58' title='bbox 1781 1467 2072 1563; x_wconf 80' lang='lat' dir='ltr'><strong>Egram,</strong></span> <span class='ocrx_word' id='word_1_59' title='bbox 2114 1468 2430 1542; x_wconf 87' lang='lat' dir='ltr'><strong>kalendis</strong></span> <span class='ocrx_word' id='word_1_60' title='bbox 2452 1468 2646 1560; x_wconf 88' lang='lat' dir='ltr'><strong>julii,</strong></span> <span class='ocrx_word' id='word_1_61' title='bbox 2684 1468 3066 1543; x_wconf 88' lang='lat' dir='ltr'><strong>indictione</strong></span> <span class='ocrx_word' id='word_1_62' title='bbox 3097 1470 3205 1542; x_wconf 80' lang='lat' dir='ltr'><strong>V‘.</strong></span> 
     </span>
    </p>
   </div>
   <div class='ocr_carea' id='block_1_3' title="bbox 779 2033 4005 2280">
    <p class='ocr_par' dir='ltr' id='par_1_4' title="bbox 779 2033 4005 2280">
     <span class='ocr_line' id='line_1_8' title="bbox 779 2033 4005 2164; baseline 0.003 -53"><span class='ocrx_word' id='word_1_63' title='bbox 779 2052 912 2153; x_wconf 59' lang='lat'><strong>*1²33</strong></span> <span class='ocrx_word' id='word_1_64' title='bbox 917 2054 1132 2164; x_wconf 46' lang='grc' dir='ltr'><strong>,ἥξω</strong></span> <span class='ocrx_word' id='word_1_65' title='bbox 1289 2033 1658 2117; x_wconf 90' lang='lat' dir='ltr'><strong>Henricus</strong></span> <span class='ocrx_word' id='word_1_66' title='bbox 1681 2098 1705 2144; x_wconf 81' lang='grc'>,</span> <span class='ocrx_word' id='word_1_67' title='bbox 1774 2035 2293 2119; x_wconf 88' lang='lat' dir='ltr'><strong>Romanorum</strong></span> <span class='ocrx_word' id='word_1_68' title='bbox 2349 2063 2479 2119; x_wconf 88' lang='lat' dir='ltr'><strong>rex</strong></span> <span class='ocrx_word' id='word_1_69' title='bbox 2505 2099 2528 2144; x_wconf 81' lang='lat'>,</span> <span class='ocrx_word' id='word_1_70' title='bbox 2621 2036 2819 2118; x_wconf 86' lang='lat' dir='ltr'><strong>cives</strong></span> <span class='ocrx_word' id='word_1_71' title='bbox 2885 2037 3468 2146; x_wconf 88' lang='lat' dir='ltr'><strong>Ratisponenses</strong></span> <span class='ocrx_word' id='word_1_72' title='bbox 3534 2040 3612 2120; x_wconf 89' lang='lat' dir='ltr'><strong>in</strong></span> <span class='ocrx_word' id='word_1_73' title='bbox 3679 2041 4005 2148; x_wconf 86' lang='lat' dir='ltr'><strong>gratiam</strong></span> 
     </span>
     <span class='ocr_line' id='line_1_9' title="bbox 1181 2168 3998 2280; baseline 0.001 -31"><span class='ocrx_word' id='word_1_74' title='bbox 1181 2192 1403 2249; x_wconf 89' lang='lat' dir='ltr'><strong>suam</strong></span> <span class='ocrx_word' id='word_1_75' title='bbox 1439 2168 1712 2251; x_wconf 89' lang='lat' dir='ltr'><strong>iterum</strong></span> <span class='ocrx_word' id='word_1_76' title='bbox 1749 2169 2157 2278; x_wconf 87' lang='lat' dir='ltr'><strong>recipiens,</strong></span> <span class='ocrx_word' id='word_1_77' title='bbox 2196 2197 2333 2279; x_wconf 90' lang='lat' dir='ltr'><strong>per</strong></span> <span class='ocrx_word' id='word_1_78' title='bbox 2367 2170 2689 2252; x_wconf 88' lang='lat' dir='ltr'><strong>nuncios</strong></span> <span class='ocrx_word' id='word_1_79' title='bbox 2720 2195 2989 2254; x_wconf 89' lang='lat' dir='ltr'><strong>eorum</strong></span> <span class='ocrx_word' id='word_1_80' title='bbox 3025 2172 3344 2254; x_wconf 90' lang='lat' dir='ltr'><strong>modum</strong></span> <span class='ocrx_word' id='word_1_81' title='bbox 3380 2171 3488 2253; x_wconf 88' lang='lat' dir='ltr'><strong>eis</strong></span> <span class='ocrx_word' id='word_1_82' title='bbox 3524 2172 3998 2280; x_wconf 86' lang='lat' dir='ltr'><strong>praescribit,</strong></span> 
     </span>
    </p>
   </div>
   <div class='ocr_carea' id='block_1_4' title="bbox 1177 2302 4001 2517">
    <p class='ocr_par' dir='ltr' id='par_1_5' title="bbox 1177 2302 4001 2517">
     <span class='ocr_line' id='line_1_10' title="bbox 1181 2302 4001 2412; baseline 0.001 -30"><span class='ocrx_word' id='word_1_83' title='bbox 1181 2326 1338 2409; x_wconf 94' lang='lat' dir='ltr'><strong>quo</strong></span> <span class='ocrx_word' id='word_1_84' title='bbox 1374 2326 1468 2383; x_wconf 87' lang='lat' dir='ltr'><strong>ex</strong></span> <span class='ocrx_word' id='word_1_85' title='bbox 1521 2303 1891 2385; x_wconf 85' lang='lat' dir='ltr'><strong>sententia</strong></span> <span class='ocrx_word' id='word_1_86' title='bbox 1924 2302 2354 2412; x_wconf 88' lang='lat' dir='ltr'><strong>principum</strong></span> <span class='ocrx_word' id='word_1_87' title='bbox 2390 2329 2533 2412; x_wconf 91' lang='lat' dir='ltr'><strong>pro</strong></span> <span class='ocrx_word' id='word_1_88' title='bbox 2570 2304 2988 2388; x_wconf 87' lang='lat' dir='ltr'><strong>temeritate</strong></span> <span class='ocrx_word' id='word_1_89' title='bbox 3032 2321 3306 2388; x_wconf 77' lang='lat' dir='ltr'><strong>&#39;eorum</strong></span> <span class='ocrx_word' id='word_1_90' title='bbox 3368 2305 3448 2386; x_wconf 91' lang='lat' dir='ltr'><strong>in</strong></span> <span class='ocrx_word' id='word_1_91' title='bbox 3497 2331 3578 2387; x_wconf 87' lang='lat' dir='ltr'><strong>se</strong></span> <span class='ocrx_word' id='word_1_92' title='bbox 3614 2304 3814 2388; x_wconf 86' lang='lat' dir='ltr'><strong>sacta</strong></span> <span class='ocrx_word' id='word_1_93' title='bbox 3858 2329 4001 2386; x_wconf 91' lang='lat' dir='ltr'><strong>sa-</strong></span> 
     </span>
     <span class='ocr_line' id='line_1_11' title="bbox 1177 2432 1586 2517; baseline 0.007 -3"><span class='ocrx_word' id='word_1_94' title='bbox 1177 2432 1586 2517; x_wconf 84' lang='lat' dir='ltr'><strong>tissaciant.</strong></span> 
     </span>
    </p>
   </div>
   <div class='ocr_carea' id='block_1_5' title="bbox 1338 2660 4006 2955">
    <p class='ocr_par' dir='ltr' id='par_1_6' title="bbox 1338 2660 4006 2955">
     <span class='ocr_line' id='line_1_12' title="bbox 1338 2660 4006 2744; baseline 0.002 -22"><span class='ocrx_word' id='word_1_95' title='bbox 1338 2660 1529 2733; x_wconf 86' lang='lat' dir='ltr'><strong>(Edlt.</strong></span> <span class='ocrx_word' id='word_1_96' title='bbox 1563 2677 1663 2738; x_wconf 91' lang='lat' dir='ltr'><strong>ap.</strong></span> <span class='ocrx_word' id='word_1_97' title='bbox 1695 2660 1962 2723; x_wconf 68' lang='lat' dir='ltr'><strong>Monam.</strong></span> <span class='ocrx_word' id='word_1_98' title='bbox 1994 2662 2176 2740; x_wconf 71' lang='lat' dir='ltr'><strong>Boia„</strong></span> <span class='ocrx_word' id='word_1_99' title='bbox 2206 2667 2352 2724; x_wconf 84' lang='lat' dir='ltr'><strong>tom.</strong></span> <span class='ocrx_word' id='word_1_100' title='bbox 2382 2662 2596 2738; x_wconf 82' lang='lat' dir='ltr'>XXX,</span> <span class='ocrx_word' id='word_1_101' title='bbox 2625 2681 2762 2741; x_wconf 81' lang='lat' dir='ltr'><strong>pars</strong></span> <span class='ocrx_word' id='word_1_102' title='bbox 2787 2664 2865 2737; x_wconf 77' lang='lat'><strong>1⁸,</strong></span> <span class='ocrx_word' id='word_1_103' title='bbox 2893 2673 2962 2724; x_wconf 81' lang='lat' dir='ltr'><strong>n⁰</strong></span> <span class='ocrx_word' id='word_1_104' title='bbox 2992 2673 3132 2743; x_wconf 77' lang='lat'><strong>71⁴,</strong></span> <span class='ocrx_word' id='word_1_105' title='bbox 3157 2680 3222 2741; x_wconf 83' lang='lat' dir='ltr'><strong>p.</strong></span> <span class='ocrx_word' id='word_1_106' title='bbox 3255 2674 3405 2744; x_wconf 78' lang='lat'><strong>208,</strong></span> <span class='ocrx_word' id='word_1_107' title='bbox 3436 2682 3510 2726; x_wconf 85' lang='lat' dir='ltr'><strong>ex</strong></span> <span class='ocrx_word' id='word_1_108' title='bbox 3539 2667 3806 2743; x_wconf 74' lang='lat' dir='ltr'><strong>originali</strong></span> <span class='ocrx_word' id='word_1_109' title='bbox 3846 2665 4006 2727; x_wconf 88' lang='lat' dir='ltr'><strong>unde</strong></span> 
     </span>
     <span class='ocr_line' id='line_1_13' title="bbox 1422 2768 4006 2847; baseline 0.001 -19"><span class='ocrx_word' id='word_1_110' title='bbox 1422 2768 1687 2845; x_wconf 81' lang='lat' dir='ltr'><strong>sigillum</strong></span> <span class='ocrx_word' id='word_1_111' title='bbox 1731 2768 1908 2828; x_wconf 79' lang='lat' dir='ltr'><strong>valde</strong></span> <span class='ocrx_word' id='word_1_112' title='bbox 1948 2768 2173 2829; x_wconf 76' lang='lat' dir='ltr'><strong>laesum</strong></span> <span class='ocrx_word' id='word_1_113' title='bbox 2218 2769 2511 2846; x_wconf 75' lang='lat' dir='ltr'><strong>appendet</strong></span> <span class='ocrx_word' id='word_1_114' title='bbox 2554 2784 2633 2829; x_wconf 86' lang='lat' dir='ltr'><strong>ex</strong></span> <span class='ocrx_word' id='word_1_115' title='bbox 2675 2775 2975 2847; x_wconf 79' lang='lat' dir='ltr'><strong>segmento</strong></span> <span class='ocrx_word' id='word_1_116' title='bbox 3014 2769 3487 2832; x_wconf 85' lang='lat' dir='ltr'><strong>membranaceo.</strong></span> <span class='ocrx_word' id='word_1_117' title='bbox 3507 2800 3590 2815; x_wconf 92' lang='lat'><strong>—</strong></span> <span class='ocrx_word' id='word_1_118' title='bbox 3611 2769 4006 2832; x_wconf 78' lang='lat' dir='ltr'><strong>Memoratum</strong></span> 
     </span>
     <span class='ocr_line' id='line_1_14' title="bbox 1421 2871 3456 2955; baseline 0.001 -22"><span class='ocrx_word' id='word_1_119' title='bbox 1421 2888 1659 2950; x_wconf 88' lang='lat' dir='ltr'><strong>quoque</strong></span> <span class='ocrx_word' id='word_1_120' title='bbox 1683 2888 1720 2933; x_wconf 96' lang='lat' dir='ltr'><strong>a</strong></span> <span class='ocrx_word' id='word_1_121' title='bbox 1748 2871 2092 2949; x_wconf 72' lang='lat' dir='ltr'><strong>Gxuxmxn,</strong></span> <span class='ocrx_word' id='word_1_122' title='bbox 2129 2872 2403 2955; x_wconf 73' lang='lat' dir='ltr'><strong>Reqensb.</strong></span> <span class='ocrx_word' id='word_1_123' title='bbox 2439 2871 2871 2950; x_wconf 68' lang='lat' dir='ltr'><strong>scudechronik,</strong></span> <span class='ocrx_word' id='word_1_124' title='bbox 2900 2874 2953 2950; x_wconf 89' lang='lat'><strong>1,</strong></span> <span class='ocrx_word' id='word_1_125' title='bbox 2985 2883 3135 2950; x_wconf 88' lang='grc'><strong>330,</strong></span> <span class='ocrx_word' id='word_1_126' title='bbox 3165 2877 3229 2936; x_wconf 88' lang='lat' dir='ltr'><strong>ln</strong></span> <span class='ocrx_word' id='word_1_127' title='bbox 3265 2872 3456 2951; x_wconf 87' lang='lat' dir='ltr'><strong>nota.)</strong></span> 
     </span>
    </p>
   </div>
   <div class='ocr_carea' id='block_1_6' title="bbox 1177 3062 4004 4896">
    <p class='ocr_par' dir='ltr' id='par_1_7' title="bbox 1177 3062 4004 4896">
     <span class='ocr_line' id='line_1_15' title="bbox 1276 3062 4000 3164; baseline 0.001 -27"><span class='ocrx_word' id='word_1_128' title='bbox 1276 3062 1689 3164; x_wconf 87' lang='lat' dir='ltr'><strong>H[einricus]</strong></span> <span class='ocrx_word' id='word_1_129' title='bbox 1712 3118 1733 3157; x_wconf 90' lang='lat'>,</span> <span class='ocrx_word' id='word_1_130' title='bbox 1786 3067 1909 3139; x_wconf 93' lang='lat' dir='ltr'><strong>Dei</strong></span> <span class='ocrx_word' id='word_1_131' title='bbox 1958 3068 2177 3161; x_wconf 79' lang='lat' dir='ltr'><strong>gratia</strong></span> <span class='ocrx_word' id='word_1_132' title='bbox 2221 3068 2683 3140; x_wconf 84' lang='lat' dir='ltr'><strong>Romanorum</strong></span> <span class='ocrx_word' id='word_1_133' title='bbox 2719 3088 2846 3142; x_wconf 87' lang='lat' dir='ltr'><strong>rex</strong></span> <span class='ocrx_word' id='word_1_134' title='bbox 2890 3076 2960 3142; x_wconf 91' lang='lat' dir='ltr'><strong>et</strong></span> <span class='ocrx_word' id='word_1_135' title='bbox 3005 3088 3275 3163; x_wconf 87' lang='lat' dir='ltr'><strong>semper</strong></span> <span class='ocrx_word' id='word_1_136' title='bbox 3305 3076 3676 3161; x_wconf 77' lang='lat' dir='ltr'><strong>augustuS,</strong></span> <span class='ocrx_word' id='word_1_137' title='bbox 3732 3066 4000 3141; x_wconf 87' lang='lat' dir='ltr'><strong>dilectis</strong></span> 
     </span>
     <span class='ocr_line' id='line_1_16' title="bbox 1185 3188 4000 3286; baseline 0.001 -24"><span class='ocrx_word' id='word_1_138' title='bbox 1185 3188 1511 3263; x_wconf 86' lang='lat' dir='ltr'><strong>fidelibus</strong></span> <span class='ocrx_word' id='word_1_139' title='bbox 1576 3190 1724 3262; x_wconf 90' lang='lat' dir='ltr'><strong>suis</strong></span> <span class='ocrx_word' id='word_1_140' title='bbox 1762 3189 2153 3283; x_wconf 76' lang='lat' dir='ltr'><strong>judicibu3‚</strong></span> <span class='ocrx_word' id='word_1_141' title='bbox 2205 3193 2490 3264; x_wconf 85' lang='lat' dir='ltr'><strong>consilio</strong></span> <span class='ocrx_word' id='word_1_142' title='bbox 2543 3200 2612 3265; x_wconf 94' lang='lat' dir='ltr'><strong>et</strong></span> <span class='ocrx_word' id='word_1_143' title='bbox 2666 3191 3010 3264; x_wconf 88' lang='lat' dir='ltr'><strong>universis</strong></span> <span class='ocrx_word' id='word_1_144' title='bbox 3061 3190 3337 3263; x_wconf 89' lang='lat' dir='ltr'><strong>civibus</strong></span> <span class='ocrx_word' id='word_1_145' title='bbox 3389 3190 4000 3286; x_wconf 87' lang='lat' dir='ltr'><strong>Ratisponensibus</strong></span> 
     </span>
     <span class='ocr_line' id='line_1_17' title="bbox 1178 3313 3993 3408; baseline -0 -22"><span class='ocrx_word' id='word_1_146' title='bbox 1178 3313 1474 3408; x_wconf 81' lang='lat' dir='ltr'><strong>gratiam</strong></span> <span class='ocrx_word' id='word_1_147' title='bbox 1502 3336 1700 3387; x_wconf 88' lang='lat' dir='ltr'><strong>suam</strong></span> <span class='ocrx_word' id='word_1_148' title='bbox 1733 3324 1802 3388; x_wconf 90' lang='lat' dir='ltr'><strong>et</strong></span> <span class='ocrx_word' id='word_1_149' title='bbox 1829 3336 2035 3389; x_wconf 90' lang='lat' dir='ltr'><strong>omne</strong></span> <span class='ocrx_word' id='word_1_150' title='bbox 2062 3317 2350 3388; x_wconf 90' lang='lat' dir='ltr'><strong>bonum.</strong></span> <span class='ocrx_word' id='word_1_151' title='bbox 2381 3314 2863 3388; x_wconf 83' lang='lat' dir='ltr'><strong>Ammovimus</strong></span> <span class='ocrx_word' id='word_1_152' title='bbox 2898 3315 3211 3388; x_wconf 80' lang='lat' dir='ltr'><strong>funditus</strong></span> <span class='ocrx_word' id='word_1_153' title='bbox 3237 3335 3281 3389; x_wconf 86' lang='lat' dir='ltr'><strong>a</strong></span> <span class='ocrx_word' id='word_1_154' title='bbox 3311 3314 3520 3388; x_wconf 89' lang='lat' dir='ltr'><strong>corde</strong></span> <span class='ocrx_word' id='word_1_155' title='bbox 3542 3323 3772 3387; x_wconf 90' lang='lat' dir='ltr'><strong>nostro</strong></span> <span class='ocrx_word' id='word_1_156' title='bbox 3793 3315 3993 3405; x_wconf 89' lang='lat' dir='ltr'><strong>iram,</strong></span> 
     </span>
     <span class='ocr_line' id='line_1_18' title="bbox 1177 3437 4001 3536; baseline -0 -23"><span class='ocrx_word' id='word_1_157' title='bbox 1177 3437 1419 3513; x_wconf 90' lang='lat' dir='ltr'><strong>odium</strong></span> <span class='ocrx_word' id='word_1_158' title='bbox 1452 3447 1521 3510; x_wconf 91' lang='lat' dir='ltr'><strong>et</strong></span> <span class='ocrx_word' id='word_1_159' title='bbox 1557 3460 1912 3512; x_wconf 87' lang='lat' dir='ltr'><strong>rancorem</strong></span> <span class='ocrx_word' id='word_1_160' title='bbox 1956 3461 2163 3533; x_wconf 90' lang='lat' dir='ltr'><strong>quem</strong></span> <span class='ocrx_word' id='word_1_161' title='bbox 2193 3461 2318 3535; x_wconf 89' lang='lat' dir='ltr'><strong>pro</strong></span> <span class='ocrx_word' id='word_1_162' title='bbox 2348 3440 2850 3536; x_wconf 87' lang='lat' dir='ltr'><strong>multiplicibus</strong></span> <span class='ocrx_word' id='word_1_163' title='bbox 2882 3439 3286 3513; x_wconf 72' lang='lat' dir='ltr'><strong>excaesibus</strong></span> <span class='ocrx_word' id='word_1_164' title='bbox 3321 3449 3555 3513; x_wconf 89' lang='lat' dir='ltr'><strong>contra</strong></span> <span class='ocrx_word' id='word_1_165' title='bbox 3591 3460 3718 3512; x_wconf 82' lang='lat' dir='ltr'><strong>vos</strong></span> <span class='ocrx_word' id='word_1_166' title='bbox 3744 3460 4001 3512; x_wconf 89' lang='lat' dir='ltr'><strong>conce-</strong></span> 
     </span>
     <span class='ocr_line' id='line_1_19' title="bbox 1178 3541 4001 3660; baseline 0.001 -25"><span class='ocrx_word' id='word_1_167' title='bbox 1178 3583 1526 3660; x_wconf 75' lang='lat' dir='ltr'><strong>peramuS,</strong></span> <span class='ocrx_word' id='word_1_168' title='bbox 1559 3561 1804 3643; x_wconf 85' lang='lat' dir='ltr'><strong>dantes</strong></span> <span class='ocrx_word' id='word_1_169' title='bbox 1817 3561 2019 3635; x_wconf 87' lang='lat' dir='ltr'><strong>vobis</strong></span> <span class='ocrx_word' id='word_1_170' title='bbox 2048 3563 2333 3655; x_wconf 82' lang='lat' dir='ltr'><strong>gratiam</strong></span> <span class='ocrx_word' id='word_1_171' title='bbox 2349 3571 2649 3636; x_wconf 88' lang='lat' dir='ltr'><strong>nostram</strong></span> <span class='ocrx_word' id='word_1_172' title='bbox 2671 3541 3263 3658; x_wconf 83' lang='lat' dir='ltr'><strong>quemadmodum</strong></span> <span class='ocrx_word' id='word_1_173' title='bbox 3294 3564 3505 3637; x_wconf 87' lang='lat' dir='ltr'><strong>vestri</strong></span> <span class='ocrx_word' id='word_1_174' title='bbox 3532 3563 3769 3635; x_wconf 90' lang='lat' dir='ltr'><strong>nuncii</strong></span> <span class='ocrx_word' id='word_1_175' title='bbox 3793 3565 4001 3637; x_wconf 85' lang='lat' dir='ltr'><strong>vobis</strong></span> 
     </span>
     <span class='ocr_line' id='line_1_20' title="bbox 1179 3684 4002 3782; baseline -0.001 -21"><span class='ocrx_word' id='word_1_176' title='bbox 1179 3686 1416 3761; x_wconf 89' lang='lat' dir='ltr'><strong>dicent</strong></span> <span class='ocrx_word' id='word_1_177' title='bbox 1441 3685 1606 3759; x_wconf 81' lang='lat' dir='ltr'><strong>viva</strong></span> <span class='ocrx_word' id='word_1_178' title='bbox 1628 3706 1830 3759; x_wconf 88' lang='lat' dir='ltr'><strong>voce.</strong></span> <span class='ocrx_word' id='word_1_179' title='bbox 1872 3684 1988 3757; x_wconf 90' lang='lat' dir='ltr'><strong>Ad</strong></span> <span class='ocrx_word' id='word_1_180' title='bbox 2017 3706 2313 3780; x_wconf 91' lang='lat' dir='ltr'><strong>quorum</strong></span> <span class='ocrx_word' id='word_1_181' title='bbox 2346 3686 2716 3760; x_wconf 89' lang='lat' dir='ltr'><strong>instantem</strong></span> <span class='ocrx_word' id='word_1_182' title='bbox 2761 3686 3287 3782; x_wconf 89' lang='lat' dir='ltr'><strong>requisicionem</strong></span> <span class='ocrx_word' id='word_1_183' title='bbox 3335 3687 3489 3758; x_wconf 84' lang='lat' dir='ltr'><strong>talis</strong></span> <span class='ocrx_word' id='word_1_184' title='bbox 3526 3708 3756 3760; x_wconf 88' lang='lat' dir='ltr'><strong>coram</strong></span> <span class='ocrx_word' id='word_1_185' title='bbox 3799 3686 4002 3759; x_wconf 90' lang='lat' dir='ltr'><strong>nobis</strong></span> 
     </span>
     <span class='ocr_line' id='line_1_21' title="bbox 1177 3809 3999 3907; baseline 0 -26"><span class='ocrx_word' id='word_1_186' title='bbox 1177 3811 1315 3883; x_wconf 87' lang='lat' dir='ltr'><strong>lata</strong></span> <span class='ocrx_word' id='word_1_187' title='bbox 1349 3819 1453 3882; x_wconf 69' lang='lat' dir='ltr'><strong>oet</strong></span> <span class='ocrx_word' id='word_1_188' title='bbox 1484 3810 1820 3885; x_wconf 87' lang='lat' dir='ltr'><strong>sententia</strong></span> <span class='ocrx_word' id='word_1_189' title='bbox 1840 3817 1913 3883; x_wconf 88' lang='lat' dir='ltr'><strong>et</strong></span> <span class='ocrx_word' id='word_1_190' title='bbox 1940 3809 2032 3881; x_wconf 90' lang='lat' dir='ltr'><strong>ab</strong></span> <span class='ocrx_word' id='word_1_191' title='bbox 2067 3809 2393 3882; x_wconf 91' lang='lat' dir='ltr'><strong>omnibus</strong></span> <span class='ocrx_word' id='word_1_192' title='bbox 2425 3811 2854 3907; x_wconf 88' lang='lat' dir='ltr'><strong>principibus</strong></span> <span class='ocrx_word' id='word_1_193' title='bbox 2888 3821 2960 3883; x_wconf 87' lang='lat' dir='ltr'><strong>et</strong></span> <span class='ocrx_word' id='word_1_194' title='bbox 2986 3810 3426 3904; x_wconf 82' lang='lat' dir='ltr'><strong>magnatibus</strong></span> <span class='ocrx_word' id='word_1_195' title='bbox 3448 3811 3716 3906; x_wconf 90' lang='lat' dir='ltr'><strong>imperii</strong></span> <span class='ocrx_word' id='word_1_196' title='bbox 3748 3829 3999 3905; x_wconf 90' lang='lat' dir='ltr'><strong>appro-</strong></span> 
     </span>
     <span class='ocr_line' id='line_1_22' title="bbox 1179 3933 4000 4028; baseline -0.001 -21"><span class='ocrx_word' id='word_1_197' title='bbox 1179 3934 1345 4008; x_wconf 87' lang='lat' dir='ltr'><strong>bata</strong></span> <span class='ocrx_word' id='word_1_198' title='bbox 1382 3959 1400 4005; x_wconf 82' lang='lat'><em>=</em></span> <span class='ocrx_word' id='word_1_199' title='bbox 1439 3934 1630 4028; x_wconf 90' lang='lat' dir='ltr'><strong>quod</strong></span> <span class='ocrx_word' id='word_1_200' title='bbox 1664 3934 1958 4028; x_wconf 87' lang='lat' dir='ltr'><strong>quilibet</strong></span> <span class='ocrx_word' id='word_1_201' title='bbox 1993 3933 2306 4007; x_wconf 86' lang='lat' dir='ltr'><strong>vendens</strong></span> <span class='ocrx_word' id='word_1_202' title='bbox 2340 3943 2410 4006; x_wconf 90' lang='lat' dir='ltr'><strong>et</strong></span> <span class='ocrx_word' id='word_1_203' title='bbox 2459 3955 2696 4007; x_wconf 91' lang='lat' dir='ltr'><strong>emens</strong></span> <span class='ocrx_word' id='word_1_204' title='bbox 2742 3945 2810 4007; x_wconf 91' lang='lat' dir='ltr'><strong>et</strong></span> <span class='ocrx_word' id='word_1_205' title='bbox 2846 3955 3095 4006; x_wconf 91' lang='lat' dir='ltr'><strong>nomen</strong></span> <span class='ocrx_word' id='word_1_206' title='bbox 3132 3933 3524 4006; x_wconf 88' lang='lat' dir='ltr'><strong>mercatoris</strong></span> <span class='ocrx_word' id='word_1_207' title='bbox 3550 3933 3812 4005; x_wconf 88' lang='lat' dir='ltr'><strong>habens</strong></span> <span class='ocrx_word' id='word_1_208' title='bbox 3843 3952 4000 4026; x_wconf 91' lang='lat' dir='ltr'><strong>pro-</strong></span> 
     </span>
     <span class='ocr_line' id='line_1_23' title="bbox 1179 4052 3998 4152; baseline -0.003 -21"><span class='ocrx_word' id='word_1_209' title='bbox 1179 4059 1459 4131; x_wconf 84' lang='lat' dir='ltr'><strong>missam</strong></span> <span class='ocrx_word' id='word_1_210' title='bbox 1508 4056 1710 4128; x_wconf 91' lang='lat' dir='ltr'><strong>nobis</strong></span> <span class='ocrx_word' id='word_1_211' title='bbox 1741 4058 2104 4151; x_wconf 89' lang='lat' dir='ltr'><strong>pecuniam</strong></span> <span class='ocrx_word' id='word_1_212' title='bbox 2152 4058 2759 4152; x_wconf 88' lang='lat' dir='ltr'><strong>proporcionaliter</strong></span> <span class='ocrx_word' id='word_1_213' title='bbox 2805 4053 3105 4130; x_wconf 77' lang='lat' dir='ltr'><strong>solveret</strong></span> <span class='ocrx_word' id='word_1_214' title='bbox 3150 4077 3362 4151; x_wconf 90' lang='lat' dir='ltr'><strong>quam</strong></span> <span class='ocrx_word' id='word_1_215' title='bbox 3407 4054 3634 4127; x_wconf 88' lang='lat' dir='ltr'><strong>daturi</strong></span> <span class='ocrx_word' id='word_1_216' title='bbox 3676 4052 3840 4124; x_wconf 88' lang='lat' dir='ltr'><strong>estis</strong></span> <span class='ocrx_word' id='word_1_217' title='bbox 3872 4071 3998 4147; x_wconf 93' lang='lat' dir='ltr'><strong>pro</strong></span> 
     </span>
     <span class='ocr_line' id='line_1_24' title="bbox 1181 4176 3997 4277; baseline -0.003 -22"><span class='ocrx_word' id='word_1_218' title='bbox 1181 4180 1712 4277; x_wconf 86' lang='lat' dir='ltr'><strong>recuperacione</strong></span> <span class='ocrx_word' id='word_1_219' title='bbox 1745 4182 1965 4275; x_wconf 83' lang='lat' dir='ltr'><strong>gratie</strong></span> <span class='ocrx_word' id='word_1_220' title='bbox 1989 4189 2253 4271; x_wconf 88' lang='lat' dir='ltr'><strong>nostre,</strong></span> <span class='ocrx_word' id='word_1_221' title='bbox 2291 4177 2791 4275; x_wconf 88' lang='lat' dir='ltr'><strong>etquicunque</strong></span> <span class='ocrx_word' id='word_1_222' title='bbox 2825 4190 3097 4254; x_wconf 90' lang='lat' dir='ltr'><strong>recuset</strong></span> <span class='ocrx_word' id='word_1_223' title='bbox 3130 4180 3296 4253; x_wconf 91' lang='lat' dir='ltr'><strong>dare</strong></span> <span class='ocrx_word' id='word_1_224' title='bbox 3318 4179 3408 4252; x_wconf 94' lang='lat' dir='ltr'><strong>de</strong></span> <span class='ocrx_word' id='word_1_225' title='bbox 3436 4176 3772 4273; x_wconf 91' lang='lat' dir='ltr'><strong>promissa</strong></span> <span class='ocrx_word' id='word_1_226' title='bbox 3796 4176 3997 4249; x_wconf 89' lang='lat' dir='ltr'><strong>nobis</strong></span> 
     </span>
     <span class='ocr_line' id='line_1_25' title="bbox 1181 4297 4001 4405; baseline -0.004 -25"><span class='ocrx_word' id='word_1_227' title='bbox 1181 4307 1478 4405; x_wconf 90' lang='lat' dir='ltr'><strong>pecunia</strong></span> <span class='ocrx_word' id='word_1_228' title='bbox 1514 4314 1777 4400; x_wconf 87' lang='lat' dir='ltr'><strong>partem</strong></span> <span class='ocrx_word' id='word_1_229' title='bbox 1809 4325 1947 4398; x_wconf 90' lang='lat' dir='ltr'><strong>que</strong></span> <span class='ocrx_word' id='word_1_230' title='bbox 1997 4301 2219 4398; x_wconf 88' lang='lat' dir='ltr'><strong>ipsum</strong></span> <span class='ocrx_word' id='word_1_231' title='bbox 2264 4303 2551 4396; x_wconf 81' lang='lat' dir='ltr'><strong>contigit</strong></span> <span class='ocrx_word' id='word_1_232' title='bbox 2596 4312 2667 4376; x_wconf 89' lang='lat' dir='ltr'><strong>et</strong></span> <span class='ocrx_word' id='word_1_233' title='bbox 2705 4302 2884 4376; x_wconf 88' lang='lat' dir='ltr'><strong>sicut</strong></span> <span class='ocrx_word' id='word_1_234' title='bbox 2918 4304 3048 4398; x_wconf 87' lang='lat' dir='ltr'><strong>ipsi</strong></span> <span class='ocrx_word' id='word_1_235' title='bbox 3102 4303 3308 4376; x_wconf 80' lang='lat' dir='ltr'><strong>fuerit</strong></span> <span class='ocrx_word' id='word_1_236' title='bbox 3340 4298 3748 4396; x_wconf 86' lang='lat' dir='ltr'><strong>inpositum,</strong></span> <span class='ocrx_word' id='word_1_237' title='bbox 3805 4297 4001 4392; x_wconf 88' lang='lat' dir='ltr'><strong>quod</strong></span> 
     </span>
     <span class='ocr_line' id='line_1_26' title="bbox 1182 4421 4002 4523; baseline -0.004 -20"><span class='ocrx_word' id='word_1_238' title='bbox 1182 4431 1517 4503; x_wconf 88' lang='lat' dir='ltr'><strong>exclusus</strong></span> <span class='ocrx_word' id='word_1_239' title='bbox 1551 4429 1640 4501; x_wconf 91' lang='lat' dir='ltr'><strong>sit</strong></span> <span class='ocrx_word' id='word_1_240' title='bbox 1668 4449 1711 4500; x_wconf 89' lang='lat' dir='ltr'><strong>a</strong></span> <span class='ocrx_word' id='word_1_241' title='bbox 1746 4428 1966 4521; x_wconf 80' lang='lat' dir='ltr'><strong>gratia</strong></span> <span class='ocrx_word' id='word_1_242' title='bbox 2001 4436 2229 4499; x_wconf 90' lang='lat' dir='ltr'><strong>nostre</strong></span> <span class='ocrx_word' id='word_1_243' title='bbox 2265 4428 2669 4519; x_wconf 65' lang='lat' dir='ltr'><strong>majestatis,</strong></span> <span class='ocrx_word' id='word_1_244' title='bbox 2726 4438 2794 4501; x_wconf 90' lang='lat' dir='ltr'><strong>et</strong></span> <span class='ocrx_word' id='word_1_245' title='bbox 2838 4438 3068 4500; x_wconf 90' lang='lat' dir='ltr'><strong>tamen</strong></span> <span class='ocrx_word' id='word_1_246' title='bbox 3112 4427 3562 4523; x_wconf 90' lang='lat' dir='ltr'><strong>compellatur</strong></span> <span class='ocrx_word' id='word_1_247' title='bbox 3604 4445 3815 4496; x_wconf 91' lang='lat' dir='ltr'><strong>manu</strong></span> <span class='ocrx_word' id='word_1_248' title='bbox 3844 4421 4002 4494; x_wconf 79' lang='lat' dir='ltr'><strong>forti</strong></span> 
     </span>
     <span class='ocr_line' id='line_1_27' title="bbox 1182 4550 4004 4648; baseline -0.004 -21"><span class='ocrx_word' id='word_1_249' title='bbox 1182 4554 1276 4627; x_wconf 89' lang='lat' dir='ltr'><strong>ad</strong></span> <span class='ocrx_word' id='word_1_250' title='bbox 1307 4550 1615 4624; x_wconf 89' lang='lat' dir='ltr'><strong>dandum</strong></span> <span class='ocrx_word' id='word_1_251' title='bbox 1635 4551 1827 4645; x_wconf 91' lang='lat' dir='ltr'><strong>quod</strong></span> <span class='ocrx_word' id='word_1_252' title='bbox 1853 4551 1985 4647; x_wconf 88' lang='lat' dir='ltr'><strong>ipsi</strong></span> <span class='ocrx_word' id='word_1_253' title='bbox 2017 4550 2395 4623; x_wconf 81' lang='lat' dir='ltr'><strong>dinoscitur</strong></span> <span class='ocrx_word' id='word_1_254' title='bbox 2429 4552 2847 4646; x_wconf 88' lang='lat' dir='ltr'><strong>impositum,</strong></span> <span class='ocrx_word' id='word_1_255' title='bbox 2882 4561 2950 4624; x_wconf 90' lang='lat' dir='ltr'><strong>et</strong></span> <span class='ocrx_word' id='word_1_256' title='bbox 2971 4551 3260 4648; x_wconf 87' lang='lat' dir='ltr'><strong>proinde</strong></span> <span class='ocrx_word' id='word_1_257' title='bbox 3293 4570 3407 4621; x_wconf 89' lang='lat' dir='ltr'><strong>res</strong></span> <span class='ocrx_word' id='word_1_258' title='bbox 3424 4570 3551 4622; x_wconf 87' lang='lat' dir='ltr'><strong>sue</strong></span> <span class='ocrx_word' id='word_1_259' title='bbox 3579 4554 3811 4621; x_wconf 91' lang='lat' dir='ltr'><strong>nostre</strong></span> <span class='ocrx_word' id='word_1_260' title='bbox 3829 4565 4004 4617; x_wconf 85' lang='lat' dir='ltr'><strong>ven-</strong></span> 
     </span>
     <span class='ocr_line' id='line_1_28' title="bbox 1183 4670 4002 4770; baseline -0.003 -20"><span class='ocrx_word' id='word_1_261' title='bbox 1183 4677 1501 4751; x_wconf 89' lang='lat' dir='ltr'><strong>dicentur</strong></span> <span class='ocrx_word' id='word_1_262' title='bbox 1547 4676 1892 4770; x_wconf 84' lang='lat' dir='ltr'><strong>potestati.</strong></span> <span class='ocrx_word' id='word_1_263' title='bbox 1943 4675 2315 4747; x_wconf 82' lang='lat' dir='ltr'><strong>Statuimus</strong></span> <span class='ocrx_word' id='word_1_264' title='bbox 2366 4675 2577 4769; x_wconf 82' lang='lat' dir='ltr'><strong>igitur</strong></span> <span class='ocrx_word' id='word_1_265' title='bbox 2630 4685 2700 4748; x_wconf 92' lang='lat' dir='ltr'><strong>et</strong></span> <span class='ocrx_word' id='word_1_266' title='bbox 2746 4678 2878 4748; x_wconf 91' lang='lat' dir='ltr'><strong>sub</strong></span> <span class='ocrx_word' id='word_1_267' title='bbox 2927 4674 3472 4748; x_wconf 89' lang='lat' dir='ltr'><strong>interminatione</strong></span> <span class='ocrx_word' id='word_1_268' title='bbox 3520 4670 3739 4766; x_wconf 82' lang='lat' dir='ltr'><strong>gratie</strong></span> <span class='ocrx_word' id='word_1_269' title='bbox 3772 4678 4002 4742; x_wconf 84' lang='lat' dir='ltr'><strong>nostre</strong></span> 
     </span>
     <span class='ocr_line' id='line_1_29' title="bbox 1181 4794 4000 4896; baseline -0.003 -24"><span class='ocrx_word' id='word_1_270' title='bbox 1181 4799 1599 4896; x_wconf 88' lang='lat' dir='ltr'><strong>precipimus</strong></span> <span class='ocrx_word' id='word_1_271' title='bbox 1634 4797 2021 4872; x_wconf 86' lang='lat' dir='ltr'><strong>firmissime</strong></span> <span class='ocrx_word' id='word_1_272' title='bbox 2053 4808 2131 4870; x_wconf 91' lang='lat' dir='ltr'><strong>ut</strong></span> <span class='ocrx_word' id='word_1_273' title='bbox 2151 4798 2212 4870; x_wconf 87' lang='lat' dir='ltr'><strong>si</strong></span> <span class='ocrx_word' id='word_1_274' title='bbox 2241 4808 2403 4871; x_wconf 91' lang='lat' dir='ltr'><strong>sunt</strong></span> <span class='ocrx_word' id='word_1_275' title='bbox 2428 4798 2641 4895; x_wconf 88' lang='lat' dir='ltr'><strong>aliqui</strong></span> <span class='ocrx_word' id='word_1_276' title='bbox 2669 4799 2886 4894; x_wconf 92' lang='lat' dir='ltr'><strong>quiin</strong></span> <span class='ocrx_word' id='word_1_277' title='bbox 2911 4797 3314 4891; x_wconf 88' lang='lat' dir='ltr'><strong>hujusmodi</strong></span> <span class='ocrx_word' id='word_1_278' title='bbox 3345 4818 3422 4870; x_wconf 90' lang='lat' dir='ltr'><strong>se</strong></span> <span class='ocrx_word' id='word_1_279' title='bbox 3451 4796 3672 4869; x_wconf 85' lang='lat' dir='ltr'><strong>velint</strong></span> <span class='ocrx_word' id='word_1_280' title='bbox 3694 4794 4000 4866; x_wconf 85' lang='lat' dir='ltr'><strong>eximere</strong></span> 
     </span>
    </p>
   </div>
  </div>
 </body>
</html>
