4842 5802
764 3381 1042 3490 Hffifflff'
1132 3435 1523 3545 quondam
1560 3433 2063 3516 Tennenbach
2106 3444 2498 3541 vocatum,
2557 3461 2733 3517 cum
2787 3436 3143 3520 omnibus
3197 3437 3595 3546 mancipiis
3643 3447 3718 3520 et
3752 3463 3950 3547 pos-

834 3325 963 3381 Apud

901 3393 955 3423 eu

1119 732 1242 793 574
2157 733 2503 793 namuel
2555 730 2893 795 snprlm
3567 730 3728 815 [Ant.
3767 730 3939 792 1232.

1122 868 1483 942 exactione
1515 876 1585 939 et
1627 867 1907 940 servitio
1925 920 1946 959 ,
2004 866 2316 940 redditus
2351 869 2419 940 in
2457 878 2867 965 perpetuum
2903 866 3256 964 possideat
3298 866 3701 960 resignatos.
3741 866 3945 950 Quod

1121 992 1180 1063 si
1219 1014 1544 1088 processu
1571 992 1901 1086 temporis
1927 991 2218 1087 predicti
2266 993 2504 1065 fratres
2527 993 2859 1085 Jamdicta
2893 992 3077 1064 bona
3128 990 3436 1064 vendere
3473 1013 3600 1064 seu
3643 990 3945 1065 cambire

1125 1115 1197 1187 in
1231 1138 1401 1188 usus
1431 1137 1595 1190 suos
1626 1116 2002 1208 voluerint,
2057 1138 2216 1189 cum
2259 1119 2617 1191 voluntate
2657 1119 2942 1190 fratrum
2974 1114 3304 1212 sepedicti
3331 1115 3798 1189 Reimbotouis
3829 1118 3945 1190 vel

1123 1261 1596 1312 successorum
1647 1262 1931 1313 suorum
1973 1236 2108 1314 hoc
2149 1241 2307 1333 θεῖς
2358 1242 2455 1314 ita
2505 1242 2865 1315 dumtaxat
2922 1251 3002 1314 ut
3057 1241 3564 1337 nulla‘exactio
3608 1240 3817 1334 huJus
3843 1242 3943 1314 rei

1126 1386 1332 1437 causa
1370 1386 1411 1437 a
1445 1365 1835 1438 memoratis
1868 1366 2191 1439 fratribus
2220 1366 2309 1439 ab
2343 1367 2577 1460 aliquo
2610 1367 2956 1461 exigatur.
3007 1366 3215 1438 Porro
3249 1366 3310 1437 si
3349 1386 3781 1438 successores
3820 1387 3944 1439 seu

1129 1489 1366 1559 fratres
1406 1488 1735 1582 sepedicti
1771 1491 1852 1562 R.
1894 1490 2136 1564 eadem
2180 1490 2364 1562 bona
2398 1489 2711 1583 quolibet
2742 1489 2952 1563 modo
2983 1511 3216 1562 emere
3245 1490 3621 1579 voluerint,
3654 1489 3943 1584 primam

1126 1611 1526 1684 electionem
1551 1613 1763 1685 libere
1790 1612 2092 1686 babeant
2120 1612 2175 1709 (4
2196 1616 2245 1706 ).
2276 1614 2362 1686 Et
2394 1635 2484 1687 ne
2513 1613 2872 1687 temeraria
2905 1614 3414 1709 presumptione
3438 1613 3618 1686 banc
3648 1614 3946 1708 solemp-

1128 1756 1284 1807 nem
1320 1736 1763 1808 donationem
1784 1738 1943 1831 quis
1968 1737 2336 1832 infringere
2363 1746 2749 1833 presumat,
2785 1737 2996 1833 sigilli
3024 1738 3236 1812 nostri
3261 1738 3711 1833 impressione
3742 1739 3944 1811 robo-

1122 1880 1276 1931 rare
1311 1858 1769 1932 decrevimus,

1226 1983 1447 2074 Hujus
1497 1983 1597 2055 rei
1646 1992 1852 2056 testes
1888 1992 2093 2055 sunt:
2130 1983 2430 2056 domnus
2463 1984 2681 2057 abbas
2723 1983 2812 2056 de
2840 1981 3338 2075 Walderbacb,
3400 2036 3418 2054 .
3483 2037 3500 2054 .
3563 2036 3581 2054 .
3646 2037 3663 2054 .
3719 2005 3950 2056 comoe

1128 2107 1218 2180 de
1267 2107 1617 2179 Stalbercb
1670 2105 1800 2203 (a),
1856 2128 2084 2180 comes
2136 2106 2525 2180 Fridericus
2589 2108 2678 2181 de
2735 2107 3092 2181 Bichenlin
3157 2105 3291 2202 (b),
3357 2104 3499 2180 duo
3557 2107 3797 2179 fratres
3859 2107 3948 2179 de

1130 2231 1561 2326 Sparnberch
1600 2228 1947 2304 Arnoldus
1970 2240 2039 2303 et
2075 2231 2509 2325 RudegeruS,
2552 2233 2987 2305 Harmannus
3017 2230 3108 2303 de
3139 2230 3589 2322 Salenberch,
3639 2229 3949 2303 Theode-

1126 2355 1313 2427 ricus
1366 2354 1782 2427 camerarius
1832 2354 1922 2427 de
1987 2355 2387 2447 Mulhusen,
2450 2355 2813 2428 Heinricus
2859 2354 2950 2429 de
3003 2353 3462 2445 Hebenstein,
3522 2354 3792 2427 Ulricus
3857 2353 3947 2427 de

1124 2480 1520 2570 Tullestete,
1561 2478 1704 2551 duo
1740 2479 2039 2552 Notbafti
2072 2482 2311 2552 fratres
2337 2478 2665 2552 Albertus
2694 2487 2765 2553 et
2792 2479 3186 2571 Heinricus,
3229 2486 3299 2551 et
3332 2478 3449 2551 alii
3470 2480 3941 2575 quamplures.

1221 2604 1470 2675 Datum
1498 2602 1689 2697 apud
1712 2604 1990 2696 Egram,
2024 2622 2205 2675 anno
2233 2601 2722 2676 incarnationis
2746 2601 3016 2674 Domini
3044 2601 3138 2674 M.
3172 2602 3295 2675 CC.
3326 2602 3604 2694 XXXII,
3633 2601 3950 2677 kalendis

1119 2725 1307 2819 julii,
1353 2725 1725 2798 indictione
1751 2726 1835 2797 V.

1236 3300 1666 3408 Henricus,
1751 3300 2269 3385 Romanorum
2342 3328 2477 3384 rex
2507 3362 2530 3409 ,
2606 3303 3159 3386 monasterium
3228 3304 3326 3386 de
3392 3304 3619 3387 Porta
3691 3303 3896 3389 Coeli
3922 3364 3947 3409 ,

1136 3567 1597 3652 sessionibus
1667 3565 1832 3676 ejus
1905 3566 2050 3649 sub
2124 3592 2262 3649 sua
2334 3568 2792 3677 protectione
2853 3569 3163 3677 recipit,
3241 3568 3462 3678 eique
3536 3570 3956 3680 specialiter

1135 3701 1530 3812 praedium
1566 3701 1648 3782 in
1683 3700 2148 3811 Mundingen
2194 3700 2621 3785 confirmat.

1297 3918 1500 3996 (Edid.
1544 3917 1827 3992 Mamm,
1858 3916 2101 3977 Austria
2133 3934 2328 3990 sacra,
2358 3934 2498 3995 pars
2526 3919 2600 3992 1⁸,
2640 3914 2893 3997 Diplom.
2923 3915 3201 3999 Beytaqe,
3229 3934 3293 3995 p.
3324 3918 3489 3998 808.)

1241 4107 1317 4178 In
1352 4105 1627 4176 nomine
1657 4113 1890 4176 sancte
1926 4112 1995 4175 et
2032 4102 2396 4178 individue
2429 4104 2797 4176 Trinitatis,
2836 4103 3170 4177 Henricus
3203 4106 3350 4197 Vll,
3391 4105 3515 4178 Dei
3559 4105 3777 4199 gratia
3812 4107 3955 4179 Ro-

1144 4250 1505 4301 manorum
1528 4248 1656 4298 rex
1693 4234 1762 4299 et
1787 4247 2057 4322 semper
2082 4236 2447 4320 augustus.
2482 4227 2561 4298 In
2588 4236 2956 4323 conspectu
2982 4226 3219 4301 divine
3234 4228 3604 4322 majestatis
3632 4228 3724 4303 de
3755 4230 3978 4342 cujus*

1227 4409 1307 4480 (a)
1351 4404 1507 4467 Alibi
1528 4421 1669 4464 vero
1695 4399 1764 4462 de
1791 4399 2106 4465 Scolberclz.

1229 4510 1307 4590 (b)
1351 4513 1581 4574 Scilicet
1606 4509 1675 4570 de
1701 4505 2079 4590 Beichlinqen.

1218 4749 1289 4824 (t)
1328 4750 1385 4806 ld
1415 4757 1498 4806 est
1522 4749 1825 4823 exemplum
1857 4749 2020 4823 hujus
2041 4748 2178 4821 juris
2216 4747 2342 4804 dicti
2364 4749 2739 4822 protimcseos,
2771 4748 2841 4808 ad
2870 4750 3023 4825 cujns
3053 4750 3292 4825 regulam
3320 4751 3744 4810 constitutionem
3772 4751 3960 4810 Fride-

1145 4849 1399 4907 ricianam
1424 4861 1586 4920 supra
1612 4846 1897 4917 edidimus,
1928 4862 1984 4919 p.
2015 4849 2121 4904 229
2148 4851 2204 4902 et
2233 4860 2387 4919 seqq.
