4842 5802
841 616 1032 678 lnmcr.
1064 614 1154 692 6.]
1733 606 2127 668 HISTORIA
2180 607 2770 676 DIPLOMATICA.
3548 613 3668 673 593

902 758 907 765 '
1000 746 1252 827 (Inedit.
1293 761 1371 805 ex
1410 742 1545 803 cod.
1585 740 1699 802 suh
1734 743 1903 801 initio
1944 743 2124 802 seculi
2160 743 2371 803 decimi
2407 748 2603 805 octavi
2638 751 2914 819 exarato,
2961 744 3118 806 dicto
3162 742 3534 806 Chartulaire
3567 742 3665 806 des

1069 850 1434 931 prement-es
1460 845 1530 908 de
1554 847 1901 927 Ηαςιιεηαα,
1932 847 1996 906 in
2021 846 2262 907 archivo
2288 849 2722 927 Argentinensi‚
2761 851 2859 912 fol.
2897 859 2994 926 16,
3022 860 3095 912 32
3125 858 3184 912 et
3216 850 3377 929 10⁴.)

940 1034 1299 1118 Henricus,
1330 1032 1454 1104 Dei
1482 1029 1704 1126 gratia
1732 1031 2191 1104 Romanorum
2225 1052 2353 1103 rex
2384 1053 2657 1126 semper
2677 1042 3050 1128 augustae,
3080 1034 3386 1105 scultetis
3401 1033 3523 1128 qui
3538 1054 3664 1128 pro

845 1166 1146 1253 tempore
1202 1155 1458 1229 fuerint
1511 1154 1837 1246 Hagenoe
1882 1154 2265 1247 ceterisque
2309 1155 2580 1251 imperii
2633 1155 2954 1229 fidelibus
3001 1157 3259 1251 quibus
3314 1157 3444 1229 hec
3473 1158 3666 1230 litera

846 1281 1150 1353 exhibita
1168 1280 1400 1370 fuerit,
1427 1277 1714 1371 gratiam
1738 1298 1937 1349 suam
1960 1285 2030 1349 et
2047 1298 2250 1350 omne
2274 1278 2565 1350 bonum.
2584 1279 2993 1373 Religiosam
3007 1281 3221 1352 vitam
3249 1280 3666 1352 habentibus

845 1406 1071 1499 regale
1096 1404 1306 1477 debet
1330 1403 1577 1477 adesse
1611 1401 1989 1497 presidium
2012 1455 2031 1492 ,
2072 1422 2161 1473 ne
2182 1402 2489 1494 cujusvis
2531 1403 2930 1476 temeritatis
2967 1404 3286 1475 incursus
3326 1413 3448 1475 aut
3476 1426 3595 1476 eos
3622 1427 3664 1477 a

846 1529 1026 1602 bono
1063 1522 1418 1624 proposito
1451 1535 1730 1601 revocet
1768 1534 1888 1597 aut
1937 1525 2012 1597 in
2064 1525 2192 1615 eis,
2235 1526 2427 1619 quod
2454 1527 2669 1617 absit,
2725 1527 2940 1600 robur
2975 1549 3101 1600 sue
3131 1528 3666 1600 conversationis

846 1651 1193 1746 infringat.
1231 1652 1410 1724 Hinc
1438 1648 1761 1745 estquod
1787 1648 1879 1722 ad
1913 1649 2223 1722 notitiam
2257 1650 2686 1744 singulorum
2731 1652 3055 1722 volumus
3087 1652 3447 1746 pervenire
3472 1651 3666 1745 quod

849 1796 973 1848 nos
1023 1796 1147 1870 pro
1201 1775 1430 1847 anime
1476 1784 1707 1846 nostre
1750 1774 1972 1845 salute
2024 1773 2342 1867 hospitali
2380 1784 2611 1846 nostro
2658 1775 2729 1845 in
2773 1775 3106 1866 Hagenau
3138 1775 3229 1847 de
3260 1775 3664 1848 liberalitate

848 1899 1036 1993 regia
1064 1899 1395 1972 duximus
1412 1896 1923 1991 indulgendum
1952 1896 2142 1991 quod
2161 1897 2586 1990 quic-umque
2608 1898 2922 1970 homines
2949 1899 3188 1984 nostri,
3208 1899 3356 1970 zelo
3387 1897 3549 1970 fidei
3582 1920 3664 1971 ac

850 2022 1237 2096 devotionis
1279 2021 1580 2111 accensi,
1610 2042 1686 2092 se
1730 2042 1890 2092 cum
1935 2020 2145 2091 rebus
2191 2029 2261 2091 et
2293 2021 2599 2114 personis
2631 2019 2723 2093 ad
2771 2023 3011 2093 fratres
3049 2021 3399 2116 hospitalis
3445 2022 3666 2117 ipsius

849 2147 1213 2218 transferre
1264 2145 1646 2234 voluerint,
1706 2144 1856 2216 sive
1914 2144 1981 2213 in
2034 2142 2277 2215 habitu
2321 2144 2671 2233 religionis
2717 2145 2869 2217 sive
2920 2145 2991 2215 in
3046 2145 3336 2217 seculari
3369 2144 3657 2235 habitu,

851 2271 1140 2342 Domino
1185 2269 1504 2342 servituri
1563 2268 1638 2339 in
1688 2269 1909 2364 ipsius
1963 2266 2229 2340 ordinis
2274 2269 2673 2358 confratria,
2729 2290 3172 2363 quocumque
3215 2269 3422 2341 modo
3467 2269 3667 2342 nobis

853 2394 1212 2479 attineant,
1270 2391 1721 2465 transferendi
1765 2412 1842 2463 se
1891 2391 2054 2462 illuc
2105 2391 2389 2463 liberam
2443 2391 2740 2463 babeant
2779 2393 3210 2481 facultatem,
3266 2413 3394 2462 nec
3432 2401 3667 2484 postea

853 2527 1210 2591 teneantur
1237 2516 1434 2588 nobis
1471 2515 1539 2586 in
1569 2515 1920 2609 aliquibus
1954 2514 2255 2587 servitiis
2298 2537 2438 2609 que
2481 2516 2553 2587 in
2588 2516 2940 2609 hospitalis
2970 2517 3247 2588 valeant
3275 2515 3668 2589 redundare

853 2638 1293 2733 dispendium
1348 2638 1460 2709 vel
1537 2658 1942 2730 gravamen.
2013 2638 2145 2709 Per
2200 2639 2489 2730 gratiam
2551 2660 2832 2733 quoque
2878 2638 2974 2736 (a)
3027 2647 3330 2711 nostram
3388 2638 3671 2710 firmiter

853 2762 1243 2834 inhibemus
1274 2784 1360 2835 ne
1388 2761 1548 2856 quis
1569 2761 1903 2833 scultetus
1924 2770 2046 2832 aut
2064 2760 2372 2833 officialis
2400 2770 2627 2834 noster
2643 2763 2794 2835 sive
2810 2762 2946 2835 alia
2972 2736 3260 2858 persona
3288 2761 3671 2856 predictum

852 2886 1184 2983 hospitale
1223 2887 1297 2958 in
1329 2884 1461 2958 hac
1515 2885 1732 2978 gratia
1778 2883 1912 2956 sibi
1955 2884 2135 2957 facta
2177 2884 2271 2979 (b)
2322 2896 2671 2979 presumat
2710 2884 3153 2981 aliquomodo
3198 2885 3556 2959 molestare
3608 2895 3678 2960 et

857 3012 1059 3083 etiam
1087 3020 1323 3082 contra
1356 3010 1580 3103 ipsam
1610 3009 1894 3098 venire;
1921 3007 2114 3102 quod
2146 3009 2272 3102 qui
2298 3017 2701 3104 attemptare
2728 3009 2820 3104 (c)
2848 3011 3366 3104 presumpserit,
3396 3011 3672 3103 triginta

855 3155 1119 3207 marcas
1153 3134 1305 3208 auri
1338 3142 1730 3228 componat,
1781 3153 2079 3227 quarum
2117 3132 2450 3206 medietas
2491 3133 2691 3207 cedat
2729 3134 2967 3224 nobis;
3031 3135 3298 3229 reliqua
3337 3134 3672 3208 medietas

853 3257 1069 3351 passis
1101 3257 1169 3328 in
1167 3258 1197 3349 j
1207 3257 1424 3328 uriam
1454 3256 1908 3351 persolvatur.

946 3378 1416 3475 Datumapud
1449 3380 1800 3473 Hagenoe,
1843 3378 2151 3452 calendis
2187 3379 2605 3472 decembris,
2646 3379 3022 3453 indictione
3054 3391 3271 3455 sexta.

957 4002 1324 4086 Henricus
1348 4065 1372 4110 ,
1430 3990 1951 4089 Romanorum
2004 4030 2133 4087 rex
2151 4066 2175 4111 ,
2232 4005 2574 4089 Waltero
2635 4006 2731 4088 de
2782 4004 3180 4089 Hochdorf
3233 4011 3670 4092 monasterii
3765 4035 3972 4144 Πέμπει

856 4132 1129 4217 Montis
1166 4135 1638 4245 Angelorum
1674 4135 1879 4219 bona
1913 4137 1994 4218 in
2020 4138 2339 4248 'Aargau
2377 4139 2521 4221 sita
2537 4200 2561 4245 ,
2615 4140 2983 4249 quamdiu
3031 4139 3286 4223 abbati
3329 4143 3672 4252 ejusdem
3753 4144 3783 4187 ²
3800 4102 4055 4188 “3333-

855 4267 1205 4350 ecclesiae
1234 4268 1631 4376 placuerit,
1672 4270 1955 4352 tuenda
1989 4272 2496 4354 commendat.

935 4479 1017 4559 (a)
1060 4483 1228 4543 Alias
1254 4499 1410 4563 erqo.

936 4583 1016 4663 (b)
1060 4587 1223 4648 Alias
1247 4585 1341 4648 vel
1359 4593 1541 4649 statu.

932 4687 1019 4771 (c)
1058 4693 1130 4751 ln
1157 4691 1433 4756 omnibus
1457 4699 1772 4773 acceptare,
1803 4693 1975 4754 male.

1013 4797 1121 4859 IV.
1165 4811 1279 4855 Pu·
1302 4815 1345 4855 a.
3291 4814 3366 4865 75
