4842 5802
1154 702 1277 764 ess
2188 700 2532 763 mmmm
2584 701 2919 764 snm-lm
3593 707 3754 784 [Anu.
3795 708 3963 772 123⁴.

1155 845 1351 909 catus
1374 857 1504 907 nec
1531 835 1762 930 aliqua
1789 837 2116 909 secularis
2141 858 2439 933 persona
2465 845 2688 931 preter
2715 845 3013 908 nostram
3049 835 3396 930 propriam
3437 859 3797 932 personam
3829 843 3970 915 ali-

1155 959 1329 1055 quid
1348 959 1525 1051 juris
1561 961 1672 1032 vel
1701 959 1949 1050 judicii
1977 960 2229 1033 habeat
2262 961 2372 1032 vel
2395 959 2530 1031 sibi
2557 959 2629 1030 in
2658 969 3008 1054 posterum
3043 980 3381 1054 usurpare
3405 974 3785 1056 presumat.
3828 967 3967 1038 Vo-

1155 1086 1388 1156 lumus
1420 1084 1626 1156 etiam
1663 1093 1742 1156 ut
1776 1084 1836 1155 si
1868 1084 2025 1178 quis
2062 1085 2135 1155 in
2176 1085 2323 1156 vite
2356 1083 2666 1180 periculo
2696 1083 3105 1156 constitutus
3140 1083 3210 1155 in
3236 1095 3501 1161 curtem
3522 1107 3645 1159 seu
3686 1088 3966 1161 domum

1154 1208 1587 1281 claustralem
1619 1208 2040 1299 confugerit,
2078 1207 2177 1279 ibi
2211 1209 2302 1279 ab
2328 1208 2515 1279 omni
2550 1215 2989 1305 persecutore
3014 1214 3082 1276 et
3103 1204 3345 1297 judice
3377 1208 3465 1280 sit
3495 1230 3805 1300 securuS‚
3842 1233 3968 1285 nec

1149 1329 1406 1424 aliquis
1428 1350 1592 1401 eum
1617 1328 1783 1402 inde
1805 1338 2156 1424 presumat
2172 1329 2472 1402 educere
2496 1330 2852 1402 violenter.
2881 1329 3232 1402 Familiam
3257 1331 3464 1402 etiam
3484 1335 3965 1407 canonicorum

1151 1453 1384 1524 nullus
1421 1451 1673 1525 habeat
1698 1450 2012 1543 judicare
2039 1452 2173 1525 nisi
2204 1452 2463 1524 familie
2496 1451 2818 1524 dominus
2844 1451 2960 1524 vel
2988 1450 3320 1525 decanus.
3361 1454 3672 1527 Ceterum
3698 1466 3921 1529 curtes
3940 1510 3960 1548 ,

1149 1574 1545 1648 molendina
1590 1584 1661 1647 et
1708 1575 1950 1648 domos
1992 1597 2131 1669 que
2164 1576 2452 1648 ecclesie
2485 1575 2880 1671 supradicte
2927 1576 3042 1648 vel
3076 1577 3423 1649 canonicis
3470 1579 3851 1672 specialiter
3895 1596 3966 1654 et

1145 1698 1562 1792 integraliter
1587 1699 1930 1793 pertinere
1954 1708 2354 1784 noscuntur,
2376 1700 2470 1771 ab
2501 1699 2824 1771 omnibus
2852 1699 3182 1794 precariis
3206 1709 3275 1771 et
3307 1700 3514 1772 talliis
3541 1723 3624 1773 ac
3648 1703 3965 1775 exactio-

1146 1821 1353 1893 nibus
1378 1842 1552 1914 quas
1575 1821 1733 1894 laici
1770 1821 1939 1894 dare
1961 1823 2206 1913 solent,
2239 1822 2492 1895 liberos
2517 1843 2667 1895 esse
2701 1821 3136 1895 decernimus
3158 1831 3226 1895 et
3257 1823 3623 1896 immunes.
3643 1826 3729 1898 Ut
3755 1826 3964 1917 igitur

1147 1944 1276 2016 hec
1298 1952 1551 2016 statuta
1578 1952 1646 2015 et
1675 1944 2164 2038 prohibitiones
2184 1955 2412 2017 nostre
2436 1946 2832 2037 maiestatis,
2848 1966 3022 2040 quas
3042 1956 3322 2041 propter
3340 1947 3667 2019 honorem
3689 1950 3960 2021 Domini

1146 2076 1215 2140 et
1239 2068 1331 2139 oh
1356 2068 1642 2139 salutem
1670 2076 1968 2140 nostram
1999 2089 2127 2162 pro
2163 2067 2528 2141 commodo
2563 2078 2633 2141 et
2675 2069 2966 2140 utilitate
2995 2069 3439 2142 Goslariensis
3472 2071 3761 2143 ecclesie
3792 2094 3962 2143 san-

1146 2188 1468 2277 civimus,
1496 2189 1707 2262 robur
1734 2189 2089 2262 obtineant
2122 2190 2352 2263 debite
2386 2201 2458 2263 et
2484 2201 2818 2286 perpetue
2858 2190 3224 2283 firmitatis,
3264 2193 3563 2286 presenti
3599 2195 3961 2290 privilegio

1145 2333 1262 2384 eas
1300 2312 1587 2385 fecimus
1614 2314 1964 2404 annotari,
2004 2313 2206 2407 sigilli
2240 2315 2452 2387 nostri
2479 2315 2862 2387 munimine
2884 2315 3281 2389 roborantes
3308 2316 3614 2389 easdem.

1239 2438 1469 2510 Testes
1485 2437 1583 2508 hii
1614 2447 1774 2509 sunt
1811 2465 1829 2507 z
1865 2436 2156 2509 Sifridus
2186 2439 2749 2533 archiepiscopus
2774 2439 3254 2531 Maguntiuus,
3290 2440 3727 2514 Burchardus
3758 2443 3960 2537 Mag-

1139 2556 1595 2652 deburgensis
1623 2560 1912 2651 electus,
1952 2561 2381 2633 venerabiles
2412 2559 2671 2634 domini
2693 2562 3073 2634 Ekebertus
3103 2564 3731 2658 Babenbergensis,
3781 2568 3961 2639 Her-

1139 2704 1433 2755 mannus
1468 2682 2013 2778 Herbipolensis,
2054 2683 2463 2757 Ekehardus
2494 2683 3110 2778 Merseburgensis,
3146 2686 3623 2775 Engelhardus
3645 2689 3955 2763 Nuvven·

1137 2806 1537 2899 burgensiS,
1576 2804 1929 2878 Conradus
1954 2806 2502 2899 osnaburgensis
2537 2807 2881 2903 episcopi,
2924 2808 3079 2879 Otto
3098 2806 3249 2878 dux
3272 2808 3589 2881 Bavvarie
3616 2812 3958 2905 palatinus

1139 2949 1368 3001 comes
1399 2929 1603 3016 Beni,
1643 2927 1964 3001 Albertus
1992 2930 2143 3001 dux
2167 2930 2500 3020 Saxonie,
2539 2930 2902 3002 Heinricus
2930 2951 3159 3003 comes
3185 2929 3465 3004 Ascarie
3505 2944 3574 3004 et
3596 2934 3957 3006 Heinricus

1140 3049 1323 3122 filius
1391 3073 1594 3139 suus,
1653 3052 2010 3124 Heinricus
2058 3052 2510 3147 landgravius
2558 3052 2968 3145 Thuringie‚
3020 3054 3450 3125 Hermannus
3511 3055 3817 3128 marchio
3867 3055 3957 3130 de

1136 3172 1397 3262 Baden,
1416 3172 1777 3244 Heinricus
1792 3173 2098 3246 marchio
2125 3175 2215 3246 de
2240 3174 2486 3264 Misne,
2519 3172 2877 3246 Conradus
2902 3174 3320 3266 burgravius
3346 3176 3437 3247 de
3457 3177 3946 3270 Nuremberch,

1136 3293 1575 3368 Burchardus
1629 3296 2047 3389 burgravius
2102 3295 2755 3390 MagdeburgensiS,
2808 3317 3038 3369 comes
3081 3296 3277 3389 Egno
3323 3297 3413 3369 de
3454 3298 3711 3391 Urach,
3771 3301 3954 3372 Bur-

1135 3418 1435 3491 chardus
1482 3429 1551 3492 et
1592 3419 2034 3492 Gevehardus
2081 3422 2321 3492 fratres
2360 3419 2450 3492 de
2497 3418 3026 3510 Querenvorde,
3079 3420 3235 3491 Otto
3266 3441 3495 3493 comes
3531 3422 3620 3494 de
3642 3424 3953 3497 Ravens-

1135 3543 1383 3632 herch,
1428 3542 1784 3615 Heinricus
1813 3542 1903 3615 de
1928 3544 2152 3633 Nist‘en,
2190 3542 2543 3616 Conradus
2559 3543 2886 3638 pincerna
2917 3543 3005 3616 de
3033 3543 3574 3631 Wintersteden,
3618 3547 3953 3620 Henricus

1135 3665 1552 3738 camerarius
1604 3666 1695 3739 de
1745 3666 2271 3758 Raveusburch,
2310 3668 2676 3740 Heinricus
2728 3668 3144 3740 marscalcus
3203 3666 3294 3739 de
3343 3668 3843 3763 Bappenheim,
3885 3681 3953 3742 et

1136 3787 1255 3859 alii
1290 3788 1756 3883 quamplures.

1233 3908 1481 3982 Actum
1526 3931 1710 3982 anno
1767 3910 2110 3984 dominice
2151 3911 2640 3985 incarnationis
2677 3912 3040 3984 millesimo
3087 3912 3553 3985 ducentesimo
3594 3915 3944 4005 XXXIIII,

1140 4033 1352 4110 tercio
1412 4054 1628 4105 nonas
1674 4035 1866 4126 julii,
1922 4035 2298 4108 indictione
2352 4035 2680 4127 septima,
2744 4056 2927 4107 anno
2979 4056 3149 4107 vero
3200 4036 3394 4127 regni
3450 4036 3659 4108 nostri
3706 4046 3950 4129 quarto

1140 4157 1435 4230 decimo.

1234 4283 1483 4353 Datum
1512 4280 1704 4375 apud
1730 4278 2215 4370 Aldenburch,
2257 4300 2475 4369 anno,
2510 4301 2779 4370 mense,
2812 4278 3190 4352 indictione
3221 4280 3617 4374 prenotatis.

1237 4403 1527 4498 Signum
1555 4403 1815 4477 domini
1850 4403 2147 4477 Heinrici
2174 4405 2634 4476 Romanorum
2660 4402 2843 4495 regis
2873 4401 3330 4474 invictissimi.
3370 4400 3949 4501 (Monoqramma.)
