4842 5802
1142 690 1262 751 558
2173 694 2517 755 HENRICI
2566 694 2903 756 SEP'rim
3572 702 3738 782 [Anu.
3777 705 3949 768 1231.

1138 847 1371 897 sorum
1406 848 1689 899 suorum
1717 828 1788 898 in
1816 828 1963 923 ipso
1994 829 2392 925 episcopatu
2428 829 2863 902 medietatem
2890 831 3175 927 recipiat
3199 833 3349 906 sine
3373 836 3721 910 maliciosa
3756 839 3956 912 dimi-

1139 950 1456 1022 nucione.
1500 950 1878 1024 Statnimus
1899 952 2104 1026 etiam
2125 961 2195 1025 et
2216 952 2351 1025 snb
2380 953 2944 1028 interminacione
2965 956 3184 1047 gratie
3206 967 3432 1031 nostre
3450 959 3843 1034 inhibemus
3865 986 3955 1038 ne

1138 1075 1298 1168 quis
1322 1074 1771 1148 officiatorum
1791 1086 2175 1149 nostrorum
2201 1086 2647 1149 memoratam
2684 1078 3040 1150 ecclesiam
3063 1081 3180 1152 vel
3204 1081 3602 1178 episcopum
3628 1088 3802 1178 ejus,
3843 1085 3950 1159 di·

1140 1197 1392 1270 lectum
1433 1198 1811 1294 principem
1840 1209 2175 1288 nostrum,
2209 1201 2282 1272 in
2305 1200 2643 1295 premissa
2679 1201 3158 1296 recognicione
3189 1204 3526 1300 impedire
3551 1208 3805 1281 audeat
3830 1230 3953 1281 seu

1138 1323 1535 1406 molestare;
1589 1323 1781 1417 quod
1816 1345 1976 1395 cum
2009 1322 2097 1396 de
2129 1325 2159 1416 j
2169 1345 2289 1396 ure
2321 1323 2410 1396 sit
2440 1323 2659 1420 ipsius
2701 1325 2989 1401 ecclesie
3027 1328 3389 1401 nobiscnm
3433 1331 3776 1425 precarias
3803 1332 3955 1407 sive

1139 1447 1459 1519 collectas
1489 1447 2091 1543 proporcionaliter
2110 1469 2151 1520 a
2182 1446 2532 1542 premissis
2565 1448 2837 1521 civibus
2868 1450 3205 1545 recipere,
3259 1452 3481 1547 ipsam
3518 1454 3955 1529 medietatem

1140 1570 1274 1665 ipsi
1326 1571 1612 1643 ecclesie
1655 1579 1723 1644 et
1766 1572 2109 1666 episcopis
2155 1571 2413 1643 ibidem
2453 1571 2839 1643 constitutis
2886 1571 3394 1647 confirmamus.
3440 1576 3529 1647 Ut
3555 1588 3787 1651 autem
3822 1577 3954 1650 hec

1138 1695 1509 1787 recognitio
1545 1704 1614 1767 et
1641 1695 2066 1769 confirmatio
2098 1704 2469 1768 memorate
2496 1696 2783 1768 ecclesie
2809 1704 2878 1768 et
2910 1698 3250 1793 episcopis
3281 1708 3426 1773 rata
3455 1711 3852 1795 permaneat
3885 1711 3954 1775 et

1135 1818 1573 1908 inconvulsa,
1632 1827 2015 1912 presentem
2068 1818 2361 1891 litteram
2408 1818 2621 1911 sigilli
2675 1820 2887 1890 nostri
2942 1821 3324 1893 munimine
3368 1820 3703 1894 duximus
3758 1845 3948 1896 com-

1136 1940 1414 2011 muniri.

1234 2064 1465 2136 Testes
1490 2042 1655 2136 sunt
1681 2065 1780 2137 hii
1817 2092 1834 2135 ε
1868 2063 2272 2137 Cnonradns
2296 2064 2712 2138 venerabilis
2748 2065 3292 2139 Constanciensis
3313 2069 3703 2164 episcopus,
3764 2123 3781 2140 .
3845 2123 3862 2140 .
3928 2125 3944 2141 .

1139 2188 1552 2260 venerabilis
1593 2188 1937 2280 Augensis
1980 2189 2230 2279 abbae,
2283 2188 2364 2260 R.
2404 2188 2747 2282 palatinus
2776 2210 3006 2261 comes
3041 2190 3131 2263 de
3165 2191 3572 2286 aningin‚
3619 2193 3693 2263 C.
3747 2193 3952 2264 burc-

1137 2311 1420 2403 gravius
1450 2310 1540 2384 de
1568 2312 2027 2399 Nuorinberc,
2074 2312 2464 2385 Willelmns
2509 2334 2739 2385 comes
2782 2312 2872 2385 de
2901 2314 3313 2408 Tuwingin‚
3370 2337 3599 2388 comes
3632 2316 3952 2388 Albertus

1136 2432 1228 2505 de
1252 2434 1690 2522 Rottinburc‚
1744 2456 1971 2508 comes
2005 2435 2274 2507 Ulricus
2317 2434 2407 2509 de
2446 2434 2906 2525 Helffinstain,
2954 2437 3033 2508 E.
3082 2435 3351 2531 dapifer
3405 2439 3494 2510 de
3533 2439 3945 2534 Walppum,

1135 2556 1207 2629 C.
1270 2557 1596 2653 pincerna
1659 2557 1747 2631 de
1804 2558 2336 2646 Wintterstetin,
2401 2558 2761 2629 Heinricns
2794 2559 3209 2631 camerarius
3256 2559 3346 2633 de
3371 2562 3831 2653 Ravinsburc,
3886 2573 3953 2635 et

1133 2681 1248 2750 alii
1278 2683 1745 2776 quamplures.

1235 2805 1482 2876 Actum
1511 2804 1700 2899 apud
1742 2804 2046 2895 Ulmam‚
2100 2825 2283 2876 anno
2317 2803 2662 2879 dominice
2692 2803 3191 2883 incarnacionis
3228 2807 3591 2880 millesimo
3616 2807 3947 2882 ducente·

1140 2929 1316 3002 simo
1349 2928 1693 3001 tricesimo
1725 2930 1978 3023 primo,
2018 2929 2155 3000 X¹¹¹⁰
2186 2927 2518 3002 kalendas
2551 2927 2967 3021 decembris,
3013 2931 3389 3006 indictione
3419 2932 3544 3004 Ψ.

3184 3236 3526 3248 --ψ--ᾴ

843 3534 968 3590 Apud
1244 3511 1652 3623 Heni-ioue,
1692 3516 2213 3601 Romanorum
2249 3544 2418 3622 rex,
2465 3520 2780 3602 sculteto
2829 3528 2903 3602 et
2954 3519 3242 3601 civibus
3294 3519 3391 3601 de
3434 3517 3674 3602 Hallis
3707 3543 3950 3601 man-

762 3589 1013 3640 linguanae
1025 3619 1040 3640 ,

722 3644 776 3686 ²²
817 3642 1082 3686 amam.
1137 3656 1270 3737 dat
1305 3663 1389 3734 ut
1425 3650 1720 3734 nullam
1757 3651 1855 3734 ab
1890 3651 2201 3732 ecclesia
2234 3651 2331 3733 de
2367 3651 2780 3735 Schonthal
2816 3649 3235 3760 precariam
3269 3651 3578 3760 exigant
3611 3652 3707 3732 de
3742 3650 3951 3733 omni

1142 3785 1298 3870 sale
1333 3812 1489 3895 quo
1524 3793 1937 3868 conventus
1971 3784 2288 3894 indiget.

1300 4011 1515 4090 (Edid.
1564 4010 1703 4069 hc.
1729 4009 1910 4069 Fam.
1942 4009 2283 4085 Gnonmus,
2324 4004 2652 4088 Uffenloeim.
2699 4002 3216 4084 waben-Stanacu,
3261 4013 3309 4070 t.
3336 4008 3403 4086 1,
3446 4024 3509 4084 p.
3544 4014 3718 4068 1206.
3764 4005 3952 4066 Notae

1374 4116 1821 4194 chronologicae
1862 4130 2025 4174 nunc
2062 4115 2277 4173 rectius
2319 4112 2673 4194 exhibentur
2697 4127 2771 4172 ex
2798 4113 3151 4173 correctione
3177 4129 3358 4190 quam
3382 4113 3621 4173 admisit
3663 4111 3952 4173 Boehme-

1377 4239 1499 4301 rue,
1526 4221 1749 4302 Reque.
1779 4218 2011 4299 imper„
2041 4236 2100 4296 p.
2136 4227 2275 4295 240,
2305 4226 2372 4276 n⁰
2403 4221 2569 4292 252.)

1239 4421 1600 4494 Heinricns
1646 4418 1767 4492 Dei
1817 4417 2034 4511 gratia
2068 4416 2525 4489 Romanorum
2558 4437 2685 4489 rex
2717 4437 2989 4512 semper
3020 4425 3392 4511 augustus,
3451 4414 3774 4490 fidelibus
3805 4416 3952 4488 suis

1141 4546 1425 4618 sculteto
1439 4542 1870 4617 et‘universis
1900 4542 2173 4615 civibus
2194 4540 2285 4613 de
2297 4540 2509 4613 IIallis
2532 4541 2820 4633 gratiam
2847 4561 3042 4612 suam
3065 4548 3134 4613 et
3151 4560 3355 4611 omne
3379 4539 3665 4611 bonum.
3696 4538 3952 4611 Dilecte

1141 4667 1340 4741 nobis
1353 4668 1637 4740 ecclesie
1669 4667 1740 4739 in
1762 4665 2129 4738 Schonthal
2157 4665 2358 4738 talem
2386 4664 2675 4738 fecimus
2701 4664 2988 4758 gratiam
3016 4672 3088 4735 et
3114 4661 3437 4739 dedimus
3458 4663 3842 4736 libertatem
3875 4671 3953 4733 ut

1140 4794 1230 4868 de
1247 4793 1436 4866 omni
1453 4795 1594 4866 sale
1618 4814 1760 4887 quo
1787 4791 2101 4888 indigent
2119 4789 2209 4865 ad
2230 4811 2398 4865 usus
2416 4789 2730 4886 proprios
2750 4810 2886 4864 non
2905 4787 3177 4863 solvant
3195 4787 3575 4885 precariam
3606 4807 3731 4859 seu
3759 4795 3949 4859 steu-
