4842 5802
1084 616 1207 677 690
2125 621 2471 682 HENRICI
2522 622 2853 684 SEPTffll
3528 629 3685 712 [Anu.
3726 631 3899 692 1234.

1094 749 1329 832 nitate
1382 751 1737 834 ecclesiae
1792 754 2048 836 Sancti
2106 755 2423 836 Servatii
2469 754 2548 834 in
2604 756 2943 865 Trajecto
3006 757 3420 866 adimplere
3463 785 3620 843 non
3672 788 3908 845 cura-

1094 882 1322 990 verit,
1374 883 1518 991 ipsi
1571 885 1651 965 in
1704 886 1824 967 his
1877 913 2076 995 quae
2129 888 2331 969 idem
2385 888 2782 996 episcopus
2825 901 3028 973 tenet
3079 891 3179 973 ab
3223 891 3578 1000 imperio,
3629 894 3910 977 scilicet

1094 1015 1444 1097 theloneo
1459 1077 1482 1121 ,
1524 1028 1868 1126 moneta,
1909 1018 1939 1128 j
1947 1020 2196 1103 udicio
2240 1030 2315 1103 et
2357 1020 2527 1103 aliis
2569 1024 3114 1131 temporalibus
3129 1087 3153 1132 ‚
3194 1025 3491 1108 nullam
3525 1027 3593 1109 ei
3631 1027 3912 1112 faciant

1093 1146 1627 1232 obedientiam.

1264 1360 1516 1440 (Inedlt.
1550 1379 1627 1424 ex
1655 1363 1903 1424 chartul.
1936 1364 1997 1425 S.
2041 1365 2292 1428 servatii
2327 1366 2581 1447 TraJect.
2628 1368 2728 1447 ap.
2768 1367 2922 1430 Bibl.
2953 1344 3077 1449 reg.
3115 1373 3340 1445 Paris„
3378 1376 3524 1433 tom.
3561 1373 3674 1448 III,
3720 1372 3824 1435 fol.
3872 1386 3907 1435 5

1331 1466 1555 1545 verso.)

1192 1647 1573 1737 Heminae,
1627 1649 1751 1721 Dei
1816 1653 2033 1743 gratia
2095 1652 2557 1725 Romanorum
2591 1675 2719 1725 rex
2764 1662 2833 1725 et
2866 1675 3134 1748 semper
3162 1664 3541 1749 augustus,
3588 1655 3911 1732 fidelibus

1097 1771 1244 1843 suis
1277 1771 1514 1844 Leodii
1535 1826 1555 1861 ,
1596 1773 1922 1864 Traiecti,
1967 1775 2194 1845 Sancti
2228 1775 2567 1848 Trudonis
2589 1832 2610 1863 ,
2646 1778 3117 1872 Hoyensibus,
3158 1780 3666 1872 Tongrensibus
3693 1791 3763 1855 et
3792 1782 3912 1853 Di-

1099 1895 1427 1967 nantibus
1451 1896 1758 1969 scultetis
1790 1905 1858 1968 et
1900 1898 2244 1970 universis
2277 1898 2670 1971 hominibus
2701 1900 2989 1992 gratiam
3019 1923 3217 1974 suam
3258 1911 3328 1974 et
3361 1923 3564 1976 omne
3616 1904 3898 1976 bonum.

1101 2018 1269 2089 Cum
1303 2017 1591 2091 ecclesia
1624 2020 2159 2092 SanctiServatii
2195 2022 2283 2093 de
2318 2023 2624 2114 Trajecto
2654 2045 2794 2117 que
2829 2025 3091 2119 capella
3118 2036 3345 2098 nostra
3379 2036 3447 2099 et
3467 2028 3735 2122 imperii
3761 2050 3911 2102 esse

1100 2142 1559 2235 dignoscitur,
1600 2153 1836 2238 utpote
1868 2164 2008 2238 que
2036 2166 2077 2216 a
2103 2144 2285 2217 divis
2308 2146 2764 2219 Romanorum
2802 2148 3331 2242 imperatoribus
3378 2158 3449 2221 et
3486 2151 3765 2242 regibus
3808 2162 3911 2223 est

1099 2265 1380 2338 fundata
1417 2275 1484 2338 et
1519 2266 1612 2339 ad
1651 2267 1877 2361 ipsum
1919 2268 2283 2363 imperium
2312 2270 2608 2364 pertinet
2635 2271 3063 2364 immediate,
3116 2296 3159 2347 a
3193 2272 3552 2346 Leodiensi
3590 2275 3910 2370 episcopo

1099 2398 1541 2482 gravaretur,
1592 2410 1684 2462 ex
1715 2411 1799 2461 eo
1843 2390 2034 2484 quod
2065 2391 2612 2483 jurisdictionem
2659 2394 2732 2465 in
2769 2393 3085 2467 eamdem
3122 2396 3478 2468 ecclesiam
3531 2397 3666 2467 sibi
3708 2419 3910 2469 usur-

1097 2535 1263 2609 pare
1283 2514 1507 2587 voluit
1534 2537 1746 2608 quam
1777 2537 1914 2587 non
1946 2515 2280 2603 habebat,
2323 2517 2482 2591 licet
2519 2540 2611 2592 ex
2647 2520 3084 2615 providentia
3121 2520 3311 2613 regia
3353 2520 3444 2592 ad
3478 2503 3909 2615 probandam

1095 2638 1538 2711 intentionem
1563 2647 1864 2711 nostram
1887 2640 2081 2733 quod
2098 2641 2341 2713 eadem
2371 2643 2496 2714 Tra
2495 2644 2822 2734 jectensis
2849 2645 3136 2717 ecclesia
3153 2645 3244 2717 ad
3274 2667 3400 2716 nos
3420 2654 3490 2716 et
3516 2645 3904 2739 imperium,

1097 2763 1286 2834 nullo
1311 2760 1520 2835 modo
1563 2761 1696 2833 sibi
1739 2762 2143 2857 pertineret,
2198 2764 2386 2837 diem
2425 2774 2493 2837 et
2539 2766 2769 2837 locum
2819 2765 3048 2838 eidem
3102 2767 3423 2861 episcopo
3455 2768 3912 2863 peremptorie

1098 2883 1621 2981 prefixissemus
1649 2894 1720 2958 et
1744 2886 2116 2981 plurimum
2143 2886 2370 2959 eidem
2416 2887 2901 2961 detulissemus
2948 2911 3038 2963 ne
3096 2899 3332 2963 contra
3377 2889 3602 2983 ipsum
3639 2889 3910 2964 videre·

1098 3032 1254 3081 mur
1289 3029 1696 3104 properare;
1748 3009 1917 3103 quia
1948 3009 2224 3082 tandem
2261 3009 2453 3106 apud
2477 3012 2830 3102 Luteram,
2871 3033 3027 3083 cum
3057 3012 3285 3083 dilecti
3318 3012 3654 3105 capellani
3698 3011 3911 3083 nostri

1098 3132 1410 3204 canonici
1446 3132 1910 3224 Trajectenses
1927 3134 2070 3223 jam
2097 3134 2421 3228 expensis
2450 3143 2519 3206 et
2551 3134 2904 3207 laboribus
2931 3134 3459 3207 exhaurirentur
3478 3189 3498 3225 ,
3537 3157 3696 3206 cum
3741 3135 3908 3230 ipsis

1099 3256 1169 3327 in
1195 3256 1355 3347 jure
1394 3255 1636 3328 deesse
1676 3277 1813 3327 non
1842 3277 2195 3351 possemus
2230 3258 2303 3329 in
2338 3279 2481 3351 quo
2518 3280 2761 3330 sumus
2796 3259 3118 3330 omnibus
3154 3258 3534 3349 debitores,
3588 3280 3748 3331 cum
3792 3260 3908 3332 die

1098 3380 1553 3473 peremptorio
1589 3379 1773 3452 idem
1812 3380 2176 3475 episcopus
2214 3401 2351 3453 non
2397 3381 2891 3475 comparuisset
2930 3403 3059 3453 nec
3100 3403 3226 3476 pro
3268 3404 3344 3454 se
3368 3383 3668 3474 jurasset
3711 3382 3911 3454 exhi-

1098 3501 1265 3575 bere
1301 3504 1388 3598 (Ρ)
1413 3504 1914 3598 responsalem,
1957 3502 2258 3576 dictante
2284 3506 2619 3579 sententia
2645 3505 3032 3600 principum
3068 3514 3139 3577 et
3166 3515 3564 3599 magnatum
3592 3506 3858 3601 imperii
3885 3562 3903 3592 ‚

1095 3629 1213 3720 jus
1243 3628 1434 3721 quod
1470 3627 1653 3700 idem
1683 3629 2047 3723 episcopus
2081 3629 2214 3700 sibi
2251 3628 2525 3703 dicebat
2547 3637 2932 3724 competere
2960 3628 3032 3698 in
3064 3629 3349 3701 ecclesia
3382 3640 3753 3702 memorata
3779 3630 3909 3724 ipsi

1103 3754 1427 3849 episcopo
1466 3763 1537 3827 et
1577 3776 1707 3827 sue
1748 3754 2037 3827 ecclesie
2077 3754 2672 3846 abjudicassemus
2707 3763 2777 3825 et
2825 3754 2897 3823 in
2942 3753 3269 3847 expensis
3297 3754 3495 3825 factis
3529 3776 3572 3826 a
3610 3763 3914 3848 tempore

1103 3879 1373 3973 incepte
1411 3878 1584 3969 litis,
1621 3888 1896 3951 centum
1919 3877 2247 3951 videlicet
2271 3879 2523 3951 marcis
2559 3876 3072 3951 coloniensibus
3104 3898 3279 3970 quas
3302 3897 3426 3971 per
3448 3878 3913 3967 ,iuramentum

1105 4002 1555 4075 ostenderunt
1591 4002 1759 4073 dicti
1787 4003 2097 4075 canonici
2139 4023 2217 4074 se
2253 4001 2671 4097 expendisse
2715 4002 3067 4073 taxatione
3113 4001 3453 4093 legitima,
3503 4001 3731 4095 ipsum
3765 3998 3913 4092 epi-

1107 4146 1389 4219 scopum
1412 4120 1886 4220 dux[er]imus
1912 4124 2515 4198 condemnandum
2541 4123 2648 4220 (⁴)
2676 4133 2745 4196 et
2768 4123 3289 4197 mandassemus
3315 4123 3537 4194 eidem
3566 4131 3642 4193 ut
3667 4142 3708 4192 a
3731 4129 3916 4191 mota

1106 4249 1477 4322 vexatione
1514 4249 2025 4340 conquiesceret
2068 4248 2353 4320 ecclesie
2406 4256 2777 4319 memorate
2817 4256 2886 4318 et
2939 4247 3300 4341 pecuniam
3339 4245 3639 4316 solveret
3672 4264 3915 4338 preno-

1106 4381 1363 4462 tatam3
1400 4372 1563 4465 quia
1603 4392 1769 4443 vero
1797 4371 2023 4444 dictus
2054 4371 2414 4466 episcopus
2456 4371 2861 4443 mandatum
2892 4379 3200 4442 nostrum
3247 4389 3384 4439 non
3430 4368 3703 4441 curavit
3745 4367 3915 4440 hac-

1108 4505 1309 4568 tenus
1344 4495 1758 4590 adimplere,
1801 4516 1889 4567 ne
1915 4493 2005 4567 de
2027 4494 2208 4567 illata
2235 4495 2436 4565 nobis
2465 4493 2713 4586 injuria
2732 4491 3053 4565 videatur
3079 4490 3516 4565 commodum
3540 4499 3909 4586 reportare,

2821 4669 3011 4678 -κ-

3249 4667 3599 4676 —u-a-e———o

1181 4746 1249 4821 (4)
1286 4745 1366 4805 cf.
1396 4763 1576 4821 supra,
1594 4764 1651 4821 p.
1678 4748 1802 4804 eu.
