4842 5802
1109 632 1232 695 816
2104 639 2536 701 FRIDERICI
2584 639 2932 702 SECUNDI
3574 638 3730 724 [An.
3769 640 3950 703 12³6-

1113 790 1421 845 cessores
1467 771 1771 869 episcopi
1798 773 2132 849 hactenus
2165 786 2631 872 perceperunt
2670 775 2968 864 ibidem;
3023 774 3250 849 officia
3294 795 3463 848 vero
3512 774 3954 850 villicationis

1119 895 1430 991 ipsarum
1466 895 1792 968 villarum
1829 919 2116 993 persone
2151 900 2266 973 cui
2307 901 2490 973 volet
2525 899 2801 973 locabit.
2837 901 3003 971 Item
3032 898 3166 971 sub
3189 898 3434 972 eadem
3452 898 3953 994 compositione

1117 1020 1294 1092 facta
1325 1027 1430 1092 est
1459 1020 1845 1114 subscripta
1868 1023 2278 1116 permutatio
2304 1024 2483 1097 inter
2515 1046 2642 1096 nos
2668 1045 2793 1119 pro
2820 1032 3012 1120 parte
3040 1032 3274 1095 nostra
3307 1031 3378 1095 et
3407 1021 3742 1095 heredum
3769 1043 3956 1095 nos-

1115 1152 1371 1216 trorum
1399 1153 1469 1214 et
1492 1142 1817 1215 eumdem
1846 1145 2243 1241 episcopum
2281 1169 2402 1242 pro
2425 1157 2618 1243 parte
2643 1169 2771 1220 sua
2804 1156 2872 1219 et
2900 1146 3186 1221 ecclesie
3213 1166 3338 1219 sue
3364 1171 3381 1216 ε
3407 1145 3731 1218 videlicet
3756 1146 3953 1240 quod

1114 1289 1242 1362 pro
1276 1268 1441 1339 villa
1472 1267 1561 1341 de
1593 1266 1951 1340 Trenheim
1984 1292 2142 1341 cum
2176 1271 2505 1344 omnibus
2537 1272 2811 1366 juribus
2853 1280 2922 1343 et
2967 1270 3350 1343 rationibus
3398 1269 3544 1341 suis
3588 1279 3950 1364 permuta·

1120 1386 1350 1459 vimus
1375 1386 1622 1459 vallem
1653 1385 1743 1459 de
1772 1388 2046 1461 Britztal
2064 1411 2222 1462 cum
2242 1393 2430 1464 omni
2443 1393 2600 1484 jure
2623 1414 2775 1465 suo.
2796 1392 2967 1464 Item
2993 1411 3119 1486 pro
3146 1389 3311 1461 villa
3336 1388 3426 1462 de
3445 1388 3949 1462 Wasselnheim

1118 1533 1275 1585 cum
1299 1512 1621 1585 omnihus
1655 1512 2040 1587 rationibus
2069 1516 2218 1587 suis
2241 1538 2456 1610 quam
2477 1517 2866 1613 recepimus
2890 1515 2961 1587 in
2988 1515 3560 1610 permutationem
3588 1513 3678 1585 ab
3701 1512 3948 1587 eodem

1116 1636 1441 1731 episcopo
1461 1646 1737 1731 propter
1757 1637 1875 1728 jus
1893 1647 2290 1732 patronatus
2316 1640 2609 1713 ecclesie
2624 1650 2695 1713 et
2712 1639 2920 1714 feuda
2938 1640 3381 1728 vasallorum,
3400 1637 3952 1734 permutavimus

1121 1768 1356 1831 contra
1388 1758 1823 1832 advocatiam
1857 1758 1949 1832 de
1982 1760 2543 1836 Bischovesheim
2575 1785 2734 1836 cum
2759 1762 3144 1836 honoribus
3161 1762 3229 1835 ei
3265 1760 3761 1856 pertinentibus
3790 1759 3950 1832 ubi-

1122 1902 1424 1976 cumque
1475 1881 1847 1956 resideant.
1905 1885 2074 1957 Item
2133 1884 2316 1959 idem
2374 1886 2745 1982 episcopus
2800 1886 3138 1959 concessit
3196 1885 3397 1960 nobis
3460 1895 3531 1958 et
3562 1884 3948 1958 heredibus

1124 2006 1371 2077 nostris
1401 2008 1474 2077 iu
1532 2016 1797 2080 rectum
1847 2008 2137 2081 feudum
2180 2030 2421 2082 omnes
2463 2010 2779 2083 homines
2825 2009 2916 2083 de
2961 2009 3387 2082 Westhoven
3437 2007 3529 2082 ad
3581 2008 3948 2097 ecclesiam

1125 2152 1322 2201 suam
1351 2139 1762 2225 spectanteS,
1801 2131 2112 2204 similiter
2131 2154 2373 2205 omnes
2384 2133 2699 2205 homines
2725 2134 2794 2204 in
2825 2133 3241 2207 Rodesheim
3254 2132 3387 2206 sibi
3416 2142 3485 2205 et
3511 2154 3637 2206 sue
3660 2132 3953 2205 ecclesie

1127 2255 1577 2347 pertinentes;
1605 2256 1811 2328 etiam
1838 2277 1962 2328 nos
1990 2257 2455 2329 concessimus
2483 2257 2546 2328 ei
2582 2266 2650 2329 et
2674 2257 2961 2329 ecclesie
2992 2279 3119 2330 sue
3142 2278 3381 2330 omnes
3409 2256 3724 2330 homines
3759 2256 3956 2351 apud

1129 2378 1530 2451 Zaberniam
1556 2394 2076 2453 commorantes.
2096 2380 2260 2454 Item
2291 2379 2479 2453 idem
2503 2381 2873 2476 episcopus
2905 2380 3241 2453 concessit
3265 2381 3466 2454 nobis
3479 2390 3551 2453 et
3574 2380 3955 2453 heredibus

1127 2502 1376 2575 nostris
1413 2503 1483 2574 in
1512 2503 1800 2576 feudum
1835 2501 2178 2597 quidquid
2205 2503 2383 2596 juris
2413 2503 2659 2575 habuit
2696 2504 2768 2575 in
2806 2502 3209 2598 Offenburg,
3252 2504 3614 2577 reservatis
3646 2504 3954 2599 capitulo

1119 2627 1278 2719 jure
1310 2635 1709 2721 patronatus
1741 2628 2024 2700 ecclesie
2069 2637 2139 2700 et
2165 2628 2494 2719 *censibus
2537 2648 2677 2721 que
2715 2627 2807 2700 ad
2844 2648 3088 2701 eorum
3119 2626 3509 2724 prebendas
3534 2649 3628 2701 ex
3666 2627 3956 2722 antiquo

1130 2751 1607 2847 pertinuerunt
1636 2751 1925 2839 ibidem,
1949 2761 2017 2827 et
2050 2752 2139 2824 de
2162 2749 2470 2847 predicto
2501 2750 2709 2825 feudo
2740 2751 3096 2825 investivit
3125 2773 3253 2824 nos
3287 2751 3722 2847 corporaliter
3748 2760 3828 2823 ut
3848 2761 3956 2825 est

1129 2876 1338 2962 moris
1360 2931 1380 2964 ,
1420 2884 1490 2949 et
1520 2898 1643 2950 nos
1676 2898 1801 2972 pro
1837 2875 2083 2949 eadem
2125 2875 2616 2971 compositione
2661 2875 2997 2949 solvimus
3042 2874 3110 2948 ei
3158 2875 3346 2949 mille
3386 2894 3649 2947 marcas
3685 2875 3952 2968 argenti

1126 3022 1306 3094 quas
1344 3000 1491 3095 ipse
1514 3023 1555 3072 a
1583 3001 1782 3073 nobis
1810 3002 2073 3094 integre
2099 2999 2440 3095 recepisse
2464 3000 2825 3073 fatebatur.
2868 3001 3037 3072 Item
3066 3007 3445 3094 proventus
3482 2998 3799 3070 villarum
3835 3018 3952 3069 co-

1131 3127 1317 3197 mitie
1351 3126 1683 3219 equaliter
1717 3124 2138 3199 dividentur.
2178 3125 2340 3197 Item
2380 3144 2505 3219 pro
2552 3124 2756 3196 nobis
2791 3132 2858 3196 et
2891 3122 3267 3196 heredibus
3299 3120 3547 3194 nostris
3584 3123 3955 3193 renuntia-

1129 3250 1364 3321 vimus
1396 3248 1620 3323 eidem
1643 3249 1968 3344 episcopo
1997 3257 2066 3320 et
2091 3246 2378 3320 ecclesie
2403 3268 2530 3319 sue
2562 3249 2619 3319 si
2659 3246 2848 3341 quod
2892 3250 3014 3340 jus
3047 3245 3477 3320 habebamus
3507 3244 3580 3314 in
3611 3245 3850 3319 castris
3883 3254 3955 3316 et

1130 3373 1678 3469 possessionibus
1705 3374 1882 3444 infra
1912 3371 2203 3467 scriptiS,
2236 3371 2563 3444 videlicet
2595 3373 2829 3445 Tanne
2861 3370 3119 3459 veteri,
3159 3368 3625 3462 Eigensheim‚
3665 3389 3804 3461 que
3828 3368 3956 3440 fuit

1134 3500 1399 3573 comitis
1429 3499 1696 3571 Alberti
1728 3497 1818 3571 de
1847 3498 2283 3591 Tagesburg3
2317 3498 2482 3570 item
2512 3506 2810 3571 castrum
2838 3495 3229 3586 Bernstein,
3270 3493 3612 3568 Girbaden
3631 3546 3651 3583 ,
3691 3494 3959 3586 Tages-

1134 3627 1350 3718 hurg,
1393 3622 1727 3697 Rheinaw
1759 3644 1916 3694 cum
1953 3622 2276 3695 omnibus
2313 3622 2590 3714 juribus
2619 3632 2686 3693 et
2722 3620 3153 3716 pertinentiis
3191 3639 3470 3710 eorum,
3507 3618 3602 3691 ita
3634 3616 3959 3691 videlicet

1130 3749 1324 3845 quod
1360 3749 1548 3820 nulla
1583 3747 1786 3819 etiam
1845 3746 2110 3819 ratione
2165 3745 2556 3819 donationis
2608 3766 2731 3817 seu
2777 3742 3198 3816 venditionis
3244 3744 3359 3815 vel
3408 3743 3543 3816 alia
3592 3742 3826 3836 aliqua
3866 3740 3960 3814 de

1132 3895 1338 3947 causa
1375 3871 1698 3944 eumdem
1732 3870 2131 3965 episcopum
2168 3879 2290 3941 aut
2324 3869 2629 3963 aliquem
2659 3888 3122 3941 successorem
3161 3887 3366 3938 suum
3391 3887 3515 3961 per
3539 3887 3664 3938 nos
3691 3865 3803 3938 vel
3832 3885 3960 3960 per

1135 3999 1434 4091 aliquem
1474 3996 1684 4067 alium
1728 3992 2187 4089 impediemus
2225 3993 2335 4065 vel
2393 3993 2726 4064 faciemus
2767 3991 3201 4086 aliquatenus
3235 3988 3581 4083 impediri.
3627 3989 3793 4059 Item
3831 4010 3959 4082 pro

1137 4143 1221 4194 eo
1245 4119 1437 4216 quod
1466 4117 1650 4191 idem
1682 4119 2047 4213 episcopus
2076 4116 2471 4209 recognovit
2493 4116 2609 4207 Jus
2639 4124 2945 4187 nostrum
2981 4115 3053 4185 in
3089 4112 3494 4206 subscriptis
3523 4111 3760 4199 rebus,
3791 4132 3958 4182 con·

1139 4246 1473 4319 cessimus
1519 4243 1582 4315 ei
1639 4251 1709 4313 et
1771 4240 2059 4314 ecclesie
2090 4260 2216 4311 sue
2263 4227 2859 4313 novumcastrum
2915 4238 3147 4310 Tanne
3183 4245 3254 4306 et
3303 4243 3565 4306 curtem
3635 4234 3832 4304 sitam
3883 4233 3959 4304 in

1137 4368 1480 4444 Tambach
1509 4376 1579 4440 et
1609 4365 1969 4457 antiquum
2000 4362 2377 4458 pedagium
2400 4360 2590 4457 apud
2620 4363 2881 4450 Tanne,
2905 4361 2976 4430 in
3011 4366 3188 4430 statu
3219 4357 3293 4427 in
3322 4377 3466 4450 quo
3493 4355 3623 4426 fuit
3652 4365 3961 4451 tempore

1140 4493 1406 4568 domini
1439 4490 1716 4585 augusti
1754 4486 1966 4584 patris
1998 4486 2243 4559 nostris
2274 4485 2702 4581 imperatoris
2723 4482 2998 4556 Henrici
3035 4479 3361 4553 memorie
3391 4478 3775 4552 recolende.
3808 4479 3962 4552 Sta-

1144 4629 1365 4690 tutum
1401 4625 1505 4688 est
1541 4616 1826 4709 insuper
1858 4611 2264 4705 generaliter
2293 4611 2364 4681 in
2394 4609 2890 4705 compositione
2935 4604 3239 4701 predicta
3270 4612 3350 4674 ut
3381 4602 3695 4675 homines
3747 4602 3960 4674 nostri

1139 4752 1204 4814 el
1243 4739 1574 4813 heredum
1623 4747 2008 4811 nostrorum
2036 4789 2055 4828 ,
2095 4734 2572 4807 ministeriales
2610 4731 2822 4806 nostri
2855 4738 2923 4803 et
2961 4728 3279 4802 homines
3308 4748 3547 4801 eorum
3593 4745 3732 4798 non
3768 4726 3966 4799 reci—
