4842 5802
1013 626 1020 633 ’
1150 648 1269 709 7:36
2143 645 2573 707 rmnsarcr
2624 645 2973 708 saeuum
3596 652 3757 729 [Anu.
3796 654 3969 717 1235.

1151 782 1546 855 versitatem
1583 788 1887 851 vestram
1922 798 2248 871 rogamus
2276 788 2348 850 et
2391 779 2838 853 obsecramus
2885 780 2959 852 in
3010 780 3301 855 Domino
3337 783 3499 855 Iesu
3537 782 3837 876 Christo,
3898 788 3969 858 in

1152 904 1623 979 remissionem
1659 903 1862 976 vobis
1892 902 2365 998 peccaminum
2409 901 2850 996 injungentes
2899 904 3232 997 quatinus
3280 914 3569 1000 pensato
3600 907 3973 1001 prudenter

1152 1028 1341 1124 quod
1374 1031 1623 1101 Sancte
1675 1029 1880 1101 Terre
1921 1028 2274 1122 negotium
2331 1048 2468 1098 non
2522 1027 2742 1122 possit
2775 1027 3162 1122 promoveri
3220 1028 3491 1101 facilius
3520 1052 3732 1125 quam
3782 1032 3969 1125 quod

1155 1152 1565 1225 christianus
1619 1151 1918 1246 populus
1961 1150 2050 1222 sit
2104 1149 2173 1220 in
2231 1171 2476 1223 sereno
2507 1151 2699 1245 pacis
2746 1162 2817 1223 et
2862 1151 3228 1226 concordie
3278 1153 3724 1247 constitutus,
3785 1157 3973 1228 omni

1155 1298 1437 1350 rancore
1467 1275 1777 1370 deposito
1819 1296 2027 1367 quem
2064 1296 2155 1346 ex
2191 1295 2632 1367 quacumque
2667 1296 2876 1348 causa
2913 1284 3149 1349 contra
3191 1275 3613 1350 Lombardos
3644 1277 3974 1352 hactenus

1156 1400 1596 1494 concepistis,
1637 1398 2063 1471 carissimum
2098 1398 2170 1468 in
2195 1396 2458 1470 Christo
2477 1397 2694 1470 filium
2724 1406 3034 1471 nostrum
3063 1399 3487 1473 Fridericum
3515 1403 3972 1475 Romanorum

1158 1528 1634 1619 imperatorem
1653 1577 1673 1612 ‚
1715 1532 1880 1612 etc.‚
1924 1521 2016 1594 ad
2042 1521 2173 1594 hoc
2204 1521 2381 1593 sicut
2401 1521 2727 1595 attentius
2756 1523 3055 1617 poteritis
3089 1524 3337 1595 vestris
3380 1525 3974 1599 exhortationibus

1158 1646 1504 1718 inducatis
1525 1646 1712 1740 quod
1742 1646 1917 1740 ipse,
1957 1665 2396 1738 quacumque
2423 1644 2807 1717 turbatione
2839 1647 3164 1740 propulsa
3197 1668 3407 1742 quam
3434 1648 3973 1722 Lombardorum

1159 1770 1579 1865 presumptio
1613 1770 1717 1863 (l)
1763 1768 1991 1841 eidem
2016 1767 2399 1840 dinoscitur
2424 1767 2821 1858 induxisse,
2861 1770 3215 1863 negotium
3261 1771 3602 1843 societatis
3647 1772 3975 1844 Lombar-

1163 1890 1311 1981 die‚
1343 1890 1644 1962 Marchie
1670 1890 2021 1962 Tervisine
2045 1912 2129 1962 ac
2149 1890 2547 1963 Romaniole
2573 1891 2644 1961 iu
2681 1890 3002 1962 manibus
3035 1878 3339 1965 Ecclesia
3366 1897 3574 1985 juxta
3602 1893 3976 1989 imperialis

1162 2016 1377 2088 forme
1416 2024 1751 2103 tenorem,
1812 2035 2022 2108 quam
2068 2013 2159 2085 ab
2209 2013 2362 2108 ipso
2409 2013 2821 2109 imperatore
2861 2016 3247 2109 recepimus
3298 2024 3367 2088 et
3403 2015 3586 2089 dicte
3632 2017 3976 2090 societatis

1160 2134 1536 2210 rectoribus
1567 2136 1698 2208 sub
1729 2135 1917 2207 bulla
1950 2144 2179 2207 nostra
2214 2135 2529 2206 misimus
2572 2136 3006 2209 interclusam
3037 2135 3181 2232 (2),
3236 2138 3500 2233 precise
3531 2159 3788 2234 ponere
3835 2160 3973 2210 non

1162 2262 1446 2334 omittat.
1486 2261 1736 2354 Sicque
1761 2258 1880 2332 fiat
1912 2259 2134 2352 quod,
2182 2259 2385 2330 vobis
2414 2280 2695 2333 causam
2734 2259 3059 2334 dantibus
3097 2283 3217 2357 per
3260 2284 3472 2357 quam
3509 2263 3796 2357 strepitu
3828 2284 3977 2336 ces-

1162 2396 1356 2458 sante
1393 2384 1737 2457 discordie
1769 2384 1986 2478 possit
2022 2383 2113 2455 de
2147 2382 2558 2455 Lombardie
2593 2384 2947 2479 provincia
2974 2386 3181 2458 rebus
3197 2393 3268 2458 et
3287 2387 3683 2459 hominibus
3704 2389 3979 2484 copiosa

1159 2513 1361 2582 Terre
1413 2511 1660 2581 Sancte
1721 2506 2161 2579 commodum
2213 2507 2613 2600 provenire,
2672 2517 2901 2581 vestra
2951 2509 3307 2582 sinceritas
3356 2510 3667 2605 proficiat
3716 2510 3810 2583 ad
3866 2532 3977 2583 re-

1162 2632 1550 2705 tributionis
1611 2639 1842 2702 eterne
1890 2629 2230 2723 premium
2278 2629 2472 2722 quod
2513 2652 2753 2724 pacem
2816 2630 3268 2725 diligentibus
3330 2634 3602 2727 paravit
3666 2634 3977 2708 conditor

1159 2757 1615 2849 singulorum.

1259 2882 1506 2951 Datum
1545 2875 1841 2962 Perusii,
1882 2875 1941 2946 V
1979 2874 2313 2947 kalendas
2346 2876 2661 2969 augusti,
2702 2897 2885 2949 anno
2912 2896 3118 2950 nono.

1273 3469 1680 3579 Gregorius
1752 3494 1950 3576 papa
2022 3467 2390 3576 magistro
2472 3477 2547 3549 et
2606 3466 2970 3550 fratribus
3043 3466 3441 3577 hospitalis
3510 3466 3977 3550 Hierusalem

1167 3604 1482 3685 mandat
1544 3611 1629 3683 ut
1680 3599 1940 3709 bajulo
2003 3609 2078 3682 et
2128 3599 2380 3709 legato
2435 3600 2490 3680 F
2495 3599 2791 3681 riderici
2816 3661 2840 3707 ,
2899 3599 3418 3683 Romanorum
3460 3600 3975 3709 imperatoris,

1166 3738 1244 3817 in
1291 3735 1632 3844 partibus
1678 3732 1939 3843 Syriae
1985 3731 2390 3814 consilium
2451 3741 2526 3813 et
2579 3732 2948 3814 auxilium
3000 3733 3456 3840 praebeant,
3523 3743 3599 3814 et
3657 3731 3978 3814 Iohanni

1166 3871 1262 3951 de
1297 3866 1583 3950 lbelino
1620 3891 1708 3946 ac
1745 3864 2305 3946 Acconensibus
2342 3864 2634 3972 Tyrum
2678 3863 3026 3947 obsidere
3060 3865 3721 3972 praesumentibus
3756 3889 3835 3945 se
3869 3863 3984 3944 vi-

1166 4001 1402 4082 riliter
1437 4006 1849 4106 opponant.

1333 4211 1535 4291 (Edld.
1569 4210 1789 4282 Pauu,
1827 4205 1967 4269 Cod.
1997 4205 2293 4287 diplomat.
2325 4204 2424 4267 del
2443 4224 2604 4267 sacro
2635 4205 2763 4267 ord.
2791 4205 2854 4266 di
2869 4204 3083 4281 Malta,
3114 4212 3158 4266 t.
3189 4207 3218 4266 1
3237 4249 3255 4284 ,
3285 4223 3347 4283 p.
3381 4215 3521 4280 271,
3552 4221 3627 4265 ex
3655 4204 3877 4265 Bullar.
3907 4206 3978 4278 E,

1406 4319 1510 4380 fol.
1541 4325 1694 4390 2355
1722 4331 1883 4375 nunc
1908 4317 2228 4375 correctius
2255 4330 2330 4373 ex
2358 4313 2699 4373 collectione
2719 4313 2973 4389 Laporte
2998 4312 3083 4372 du
3108 4310 3328 4389 Theil.)

1245 4558 1319 4626 (4)
1358 4555 1571 4614 Scilicet
1599 4559 1886 4626 postquam
1920 4551 2133 4608 Heni-ici
2171 4550 2312 4621 regis
2351 4554 2537 4606 contra
2576 4554 2786 4622 patrem
2822 4545 3098 4605 rebellioni
3136 4552 3246 4604 tam
3284 4552 3565 4621 promptas
3597 4562 3788 4604 manus
3830 4548 3958 4604 Lom

1170 4653 1326 4711 bardi
1353 4652 1728 4709 admovissent.

1246 4748 1321 4819 (Ξ)
1356 4748 1435 4805 Cr.
1465 4762 1646 4820 supra,
1666 4763 1723 4820 p.
1753 4747 1877 4816 490,
1904 4745 2029 4817 494,
2062 4746 2185 4814 492,
2213 4744 2336 4802 493.
