4842 5802
898 606 1095 669 lumcr.
1127 608 1218 684 9.]
1803 604 2199 666 HISTORIA
2246 601 2831 665 mPLOMATch.
3606 598 3727 661 845

900 741 978 814 C.
1004 743 1223 835 major
1239 740 1631 836 prepositus
1662 739 2085 813 Coloniensis
2107 739 2316 811 frater
2338 739 2517 831 ejus,
2550 739 2638 810 H.
2669 736 3055 834 prepositus
3072 735 3302 808 Sancti
3325 734 3716 825 Kuniberti,

899 867 1294 939 Walramus
1315 864 1406 937 de
1427 865 1799 955 Lemburg,
1824 861 2147 937 Albertus
2167 860 2261 936 de
2284 863 2663 956 Rossewag
2680 860 3050 957 imperialis
3073 858 3265 932 curie
3280 858 3718 950 justitiarius,

901 997 971 1062 et
1005 989 1123 1061 alii
1152 989 1620 1084 quamplures.

999 1113 1287 1206 Signum
1318 1109 1582 1183 domini
1621 1107 1949 1182 Friderici
1991 1107 2282 1182 secundi
2326 1108 2453 1181 Dei
2503 1109 2722 1201 gratia
2768 1105 3205 1180 invictissimi
3261 1105 3716 1178 Romanorum

899 1234 1330 1330 imperatoris
1358 1254 1630 1328 semper
1661 1232 1976 1324 augusti,
2020 1233 2394 1304 Ierusalem
2421 1239 2490 1304 et
2525 1231 2754 1303 Sicilie
2785 1231 2967 1323 regis
2998 1229 3494 1322 gloriosissimi.

998 1358 1176 1430 Acta
1210 1367 1370 1430 sunt
1406 1357 1536 1430 hec
1569 1379 1755 1430 anno
1782 1355 2127 1429 dominice
2152 1356 2643 1430 incarnationis
2669 1354 3151 1444 MCCXXXV1‚
3195 1374 3429 1427 mense
3456 1351 3712 1442 madio,

903 1504 1086 1556 none
1123 1482 1553 1569 indictionis,
1597 1483 1978 1577 imperante
2018 1480 2301 1555 domino
2336 1489 2569 1553 nostro
2612 1478 2960 1553 Friderico
2986 1478 3109 1550 Dei
3156 1476 3374 1568 gratia
3401 1477 3720 1549 invictis-

818 1609 823 1613 ’
901 1606 1078 1678 simo
1110 1608 1574 1679 Romanorum
1606 1604 2015 1699 imperatore
2047 1626 2320 1700 semper
2351 1614 2685 1697 augusto,
2740 1602 3116 1675 Jerusalem
3153 1610 3223 1673 et
3254 1600 3482 1673 Sicilie
3508 1622 3672 1694 rege
3694 1654 3716 1691 ,

902 1751 1085 1803 anno
1121 1730 1391 1826 imperii
1422 1731 1574 1822 ejus
1592 1729 1784 1816 XVI,
1828 1729 2023 1824 regni
2056 1712 2592 1818 Jerusalemx1'‚
2652 1726 2850 1821 regni
2888 1746 3056 1799 vero
3097 1725 3329 1799 Sicilie
3375 1724 3720 1799 tricesimo

898 1862 1185 1944 octavo,
1226 1852 1533 1925 feliciter.
1566 1852 1812 1926 Amen.

998 1979 1251 2049 Datum
1280 1975 1743 2068 Confluentie,
1780 1997 1997 2067 anno,
2032 1996 2265 2048 mense
2298 1986 2369 2049 et
2400 1975 2779 2048 indictione
2808 1973 3227 2070 prescriptis.

1385 2279 2127 2292 —ss--a--u-—oooo

1004 2561 1430 2645 Fridericus
1443 2624 1468 2666 ,
1510 2563 2034 2647 Romanorum
2078 2565 2519 2672 imperator,
2561 2565 2660 2645 ad
2703 2563 3140 2672 petitionem
3191 2563 3472 2646 civium
3515 2564 3716 2646 Tre-
3784 2577 4133 2684 &nggggm

899 2696 1418 2804 monensium,
1469 2696 1953 2805 privilegium
2006 2723 2052 2779 a
2097 2697 2345 2805 seipso
2400 2721 2606 2778 anno
2648 2697 2853 2778 1220
2889 2695 3175 2778 eisdem
3209 2696 3596 2780 indultum
3648 2708 3723 2780 et
3890 2685 4025 2730 ”⁸¹⁰⁰

897 2836 1159 2935 postea
1192 2827 1544 2911 incendio
1579 2838 2120 2938 consumptum
2137 2888 2162 2931 ,
2204 2828 2695 2938 inquisitione
2728 2829 2940 2937 prius
2975 2828 3072 2910 de
3105 2826 3256 2911 fide
3289 2829 3721 2940 transcripti

898 2958 1126 3070 facta,
1169 2970 1485 3046 renovat
1518 2971 1591 3044 et
1625 2961 2028 3046 inserendo
2062 2961 2488 3045 confirmat.

1058 3185 1265 3264 (Edid.
1296 3187 1536 3247 Baium.
1575 3187 1912 3259 Tninscu,
1941 3188 2061 3248 Der
2084 3183 2450 3267 Hauptstultl
2489 3183 2588 3246 des
2641 3184 2894 3266 Westplt.
2940 3187 3195 3263 Bemqer.
3234 3204 3348 3248 von
3389 3188 3721 3250 nortmund

1139 3292 1498 3370 (Dortmund
1531 3292 1742 3372 1838),
1768 3294 2049 3372 Anhang,
2080 3311 2144 3371 p.
2176 3302 2277 3355 69.
2300 3293 2529 3355 Pendet
2554 3309 2737 3354 aurea
2749 3292 2913 3353 bulla
2936 3292 3056 3354 filis
3074 3295 3275 3355 sericis
3299 3294 3442 3355 flavi
3468 3302 3530 3355 et
3554 3295 3717 3358 rubri

1135 3395 1397 3478 coloris.)

994 3593 1076 3663 In
1109 3594 1390 3665 nomine
1423 3601 1661 3666 sancte
1701 3602 1773 3667 et
1807 3591 2176 3668 individue
2209 3595 2582 3667 Trinitatis.
2621 3594 3013 3669 Fridericus
3053 3593 3430 3686 secundus,
3473 3595 3716 3672 divina

894 3716 1175 3788 favente
1231 3715 1591 3788 clementia
1628 3718 2091 3788 Romanorum
2127 3717 2496 3812 imperator
2528 3738 2799 3813 semper
2825 3727 3200 3811 augustuS‚
3240 3719 3613 3792 Jerusalem
3645 3728 3716 3792 et

894 3838 1123 3911 Sicilie
1156 3859 1309 3911 rex.
1357 3838 1738 3932 Imperialis
1765 3839 2176 3913 excellentia
2201 3840 2311 3912 sui
2335 3839 2634 3912 nominis
2678 3839 2915 3911 titulos
2962 3840 3246 3935 ampliat
3290 3849 3360 3913 et
3403 3843 3707 3935 extollit,

892 3981 1053 4032 cum
1090 3962 1323 4033 innate
1367 3961 1811 4056 benignitatis
1853 3963 2073 4056 gratia
2108 3961 2418 4037 fidelium
2467 3962 2707 4035 merita
2743 3962 3072 4058 prospicit
3105 3971 3176 4035 et
3204 3963 3428 4055 justas
3471 3985 3710 4040 eorum

893 4084 1359 4159 favorabiliter
1424 4086 1791 4182 petitiones
1853 4085 2175 4161 admittit.
2235 4089 2612 4182 Eapropter
2667 4086 3013 4159 universis
3060 4087 3330 4182 imperii
3390 4088 3714 4163 fidelibus

892 4215 1032 4279 tam
1080 4209 1519 4303 presentibus
1574 4231 1782 4304 quam
1834 4211 2083 4283 futuris
2133 4211 2458 4284 volumus
2499 4232 2653 4284 esse
2694 4220 2935 4284 notum
2976 4210 3167 4305 quod
3204 4212 3394 4286 cives
3427 4214 3714 4286 Tremo-

892 4330 1196 4422 nienses,
1239 4331 1483 4408 fideles
1512 4334 1765 4418 nostri,
1830 4333 2223 4407 celsitudini
2260 4343 2492 4408 nostre
2535 4334 2891 4407 humiliter
2922 4335 3398 4431 supplicarunt
3443 4346 3521 4408 ut
3548 4337 3715 4432 quia

893 4454 1246 4548 quoddam
1302 4457 1745 4552 privilegium
1799 4458 1902 4531 eis
1943 4479 1987 4530 a
2031 4466 2266 4531 nostra
2313 4457 2721 4531 celsitudine
2754 4466 3060 4553 tempore
3103 4458 3301 4553 regni
3334 4460 3549 4533 nostri
3593 4462 3712 4533 in-

894 4578 1166 4653 dultum
1229 4603 1396 4655 casu
1459 4583 1737 4656 fortuito
1785 4583 1857 4654 in
1917 4583 2247 4657 incendio
2302 4582 2522 4680 ipsius
2580 4582 2823 4678 oppidi
2875 4582 3309 4656 combustum
3345 4586 3602 4679 fuerat,
3643 4596 3713 4661 et

892 4702 1247 4796 quoddam
1301 4707 1778 4803 transcriptum
1828 4707 2049 4804 ipsius
2112 4728 2235 4804 per
2288 4706 2521 4780 omnia
2574 4706 2800 4796 simile
2840 4716 3259 4781 remanserat
3310 4708 3502 4806 apud
3556 4731 3709 4800 eos,
