4842 5802
971 589 1160 648 lunicr.
1191 589 1286 666 5.]
1867 588 2265 651 HISTORIA
2312 588 2903 651 DIPLOMATICA.
3677 594 3797 655 575

968 723 1440 795 muneratione
1472 721 1667 795 venit
1696 731 1777 797 ut
1811 743 1970 795 cum
2008 723 2330 797 felicitate
2366 746 2772 817 regnemus,
2831 723 3066 817 aliqua
3095 745 3368 817 semper
3389 725 3634 799 offerre
3671 749 3799 802 vo-

968 843 1176 914 lentes
1213 862 1355 935 que
1403 842 1548 913 Deo
1594 850 1790 934 grata
1838 841 2220 933 resideant,
2277 843 2617 937 religiosis
2654 842 2966 939 personis
3010 865 3093 916 eo
3131 842 3458 916 libentius
3491 846 3795 920 favorem

968 966 1285 1037 volumus
1309 965 1501 1059 regie
1533 964 1974 1058 benignitatis
2001 965 2404 1062 impendere
2441 988 2583 1060 quo
2611 966 2832 1060 magis
2859 967 3382 1040 conversatione
3410 969 3796 1061 gratissima

964 1090 1333 1162 Dominum
1375 1096 1746 1161 creatorem
1794 1089 2109 1162 omnium
2146 1099 2611 1181 venerantur,
2660 1111 2862 1184 reges
2914 1090 3007 1165 ad
3045 1091 3382 1164 beneficia
3421 1102 3798 1187 provocant

967 1211 1155 1286 etad
1193 1214 1343 1305 ejus
1386 1212 1801 1306 obsequium
1854 1215 2224 1286 nonnullos
2280 1214 2593 1287 alliciunt
2628 1223 2697 1286 et
2732 1214 3054 1287 invitant.
3106 1214 3421 1309 Cumque
3457 1216 3548 1289 ob
3580 1238 3796 1290 reve-

965 1336 1250 1408 rentiam
1278 1336 1487 1431 Regis
1522 1358 1762 1431 regum
1792 1338 1943 1409 loca
1964 1338 2283 1432 religiosa
2321 1336 2873 1411 consideratione
2902 1339 3019 1434 pia
3044 1339 3384 1433 respicere
3411 1348 3790 1433 teneamur,

965 1460 1287 1532 omnibus
1323 1460 1592 1555 imperii
1628 1458 1951 1534 fidelibus
1993 1470 2133 1533 tam
2169 1462 2608 1557 presentibus
2640 1484 2849 1556 quam
2893 1462 3143 1532 futuris
3184 1462 3520 1535 duximus
3566 1465 3794 1538 decla-

966 1582 1258 1655 randum
1289 1583 1479 1677 quod
1516 1604 1644 1655 nos
1680 1583 2110 1657 attendentes
2145 1586 2474 1682 precipue
2505 1568 2844 1658 fervorem
2881 1585 3233 1678 religionis
3273 1608 3411 1679 que
3449 1588 3520 1657 in
3559 1597 3793 1661 sancto

966 1708 1401 1791 monasterio,
1430 1707 1625 1801 quod
1653 1704 1855 1780 Porta
1891 1707 2031 1781 Celi
2071 1708 2326 1781 dicitur
2360 1718 2430 1782 et
2461 1718 2664 1815 antea
2691 1708 3199 1782 Thennenbach
3228 1710 3639 1801 vocabatur,
3675 1734 3798 1807 per

968 1832 1283 1904 effectum
1315 1832 1546 1927 operis
1578 1833 1872 1905 Domino
1907 1832 2302 1923 exhibetur,
2347 1842 2426 1906 ut
2457 1842 2688 1907 nostre
2716 1834 3160 1927 benignitatis
3196 1836 3500 1907 favorem
3532 1857 3799 1929 agnos-

968 1966 1108 2046 cat,
1159 1957 1250 2029 ad
1294 1955 1742 2030 imitationem
1786 1957 2202 2031 serenissimi
2250 1957 2514 2030 domini
2569 1958 2998 2052 imperatoris
3033 1958 3245 2053 patris
3293 1958 3539 2050 nostri,
3609 1959 3795 2032 illius

966 2078 1219 2152 intuitu
1253 2079 1443 2175 apud
1488 2101 1698 2176 quem
1735 2102 1864 2155 nec
1913 2081 2233 2179 meritum
2270 2080 2538 2179 deperit
2585 2102 2715 2153 nec
2759 2102 3178 2175 quemquam
3219 2081 3793 2155 irremuneratum

968 2202 1320 2296 relinquit,
1383 2224 1511 2299 pro
1561 2204 1869 2276 remedio
1905 2226 2187 2299 quoque
2230 2204 2616 2277 animarum
2654 2214 3017 2299 parentum
3067 2214 3452 2276 nostrorum
3498 2207 3611 2301 pie
3644 2227 3794 2278 me-

966 2328 1177 2401 morie
1210 2326 1540 2400 divorum
1566 2337 2056 2422 augustorum,
2097 2329 2486 2422 recepimus
2515 2329 2743 2422 ipsum
2768 2327 3257 2399 monasterium
3287 2350 3446 2399 cum
3471 2330 3796 2401 omnibus

964 2447 1323 2542 mancipiis
1349 2457 1421 2520 et
1454 2448 2005 2544 possessionibus
2038 2449 2187 2521 suis
2220 2449 2354 2522 sub
2384 2449 2750 2543 specialem
2785 2448 2976 2540 regie
3006 2447 3502 2541 magnitudinis
3523 2459 3795 2544 protec-

968 2570 1260 2661 tionem;
1320 2571 1411 2644 de
1444 2572 1665 2665 gratia
1694 2573 2081 2646 serenitatis
2117 2583 2349 2647 nostre
2372 2572 2706 2664 jamdicto
2736 2572 3150 2644 monasterio
3185 2583 3253 2643 et
3289 2572 3611 2644 fratribus
3659 2574 3797 2646 illic

966 2693 1256 2766 Domino
1280 2694 1736 2775 militantibus
1765 2695 2042 2787 damen,
2079 2693 2539 2769 concedentes
2562 2705 2771 2789 atque
2791 2693 3272 2769 confirmantes
3297 2695 3369 2765 in
3389 2705 3795 2790 perpetuum

969 2817 1285 2912 predium
1320 2819 1395 2890 in
1422 2819 1857 2914 Mundingen
1889 2818 2080 2914 quod
2118 2818 2305 2893 idem
2342 2820 2831 2892 monasterium
2871 2818 2961 2890 ab
2989 2819 3460 2915 Hospitalariis
3506 2841 3799 2915 compa-
3843 2865 3848 2869 <

966 2944 1138 3015 ravit
1188 2967 1350 3017 cum
1406 2944 1751 3020 universis
1797 2945 2229 3040 appendiciis
2281 2947 2462 3036 suis,
2517 2945 2837 3038 justitiis,
2904 2945 3426 3037 rationibusque
3474 2945 3563 3018 ad
3625 2943 3798 3018 illud

967 3066 1288 3161 predium
1319 3068 1845 3161 pertinentibus.
1887 3068 2345 3142 Concedimus
2398 3068 2493 3140 ad
2539 3069 2669 3140 hec
2707 3067 2933 3141 eidem
2978 3052 3389 3140 monasterio
3429 3078 3497 3141 et
3532 3067 3796 3140 confir—

965 3210 1236 3263 mamus
1274 3213 1721 3287 quecumque
1764 3192 2204 3268 concessione
2247 3191 2688 3287 pontificum,
2744 3191 3102 3285 largitione
3137 3192 3570 3286 principum,
3614 3192 3796 3264 dono

968 3313 1295 3386 comitum
1321 3316 1436 3389 vel
1468 3316 1809 3394 baronum
1834 3326 1902 3388 et
1933 3315 2225 3388 aliorum
2253 3316 2599 3396 oblatione
2630 3313 2937 3392 fidelium
2968 3319 3155 3407 Juste
3190 3327 3259 3386 et
3308 3315 3799 3406 rationabiliter

968 3437 1276 3530 possidet
1292 3447 1360 3511 et
1387 3438 1462 3509 in
1490 3440 1990 3534 presentiarum
2009 3439 2229 3512 autin
2248 3441 2557 3511 futurum
2579 3438 2785 3530 justis
2812 3437 3036 3512 modis
3065 3437 3485 3511 concedente
3508 3439 3798 3510 Domino

959 3561 1218 3652 -poterit
1263 3562 1598 3658 adipisci;
1648 3565 1959 3638 volentes
1998 3562 2201 3636 etiam
2266 3562 2706 3649 concambia,
2766 3561 3172 3635 donationes
3233 3569 3302 3632 et
3362 3559 3799 3633 venditiones

977 3700 1215 3755 omnes
1238 3705 1280 3755 a
1314 3685 1877 3760 ministerialibus
1910 3697 1981 3759 et
2014 3686 2412 3759 hominibus
2450 3687 2699 3758 nostris
2733 3684 2961 3757 eidem
2999 3683 3410 3756 monasterio
3464 3682 3677 3756 factas
3710 3684 3799 3758 de

974 3802 1177 3876 bonis
1213 3805 1476 3901 imperii
1512 3810 1623 3881 vel
1650 3809 2042 3903 patrimonii
2076 3809 2316 3897 nostri,
2359 3805 2593 3878 firmas
2629 3828 2901 3900 semper
2937 3818 3005 3879 et
3042 3807 3335 3877 illibatas
3363 3827 3791 3901 permanere.

974 3926 1193 4022 thue
1222 3932 1695 4027 supradictum
1737 3931 2232 4006 monasterium
2270 3941 2502 4002 nostre
2535 3927 2753 4021 gratie
2797 3928 3225 4023 plenitudine
3265 3929 3570 4018 gaudeat
3609 3940 3676 4002 et
3725 3931 3797 4002 in

970 4060 1147 4124 statu
1185 4055 1375 4148 pacis
1422 4057 1781 4147 consistat,
1835 4067 1905 4132 et
1942 4066 2019 4128 ut
2058 4056 2191 4128 hec
2225 4053 2575 4127 concessio
2612 4060 2845 4125 nostra
2881 4061 2950 4123 et
2978 4052 3401 4126 confirmatio
3427 4053 3694 4126 stabilis
3728 4064 3797 4126 et

970 4173 1230 4249 illibata
1265 4179 1623 4270 consistat,
1660 4203 1947 4275 presens
1987 4179 2155 4255 inde
2192 4178 2639 4275 privilegium
2689 4177 3022 4249 conscribi
3067 4176 3408 4268 jussimus
3461 4185 3531 4248 ct
3566 4185 3796 4249 nostre

971 4299 1343 4390 majestatis
1368 4302 1560 4376 bulla
1587 4304 2022 4380 communiri.
2140 4347 2149 4382 ·.
2412 4393 2415 4396 ,
2751 4277 2764 4288 ·

1066 4423 1290 4515 Hujus
1322 4425 1423 4497 rei
1456 4436 1660 4500 testes
1692 4437 1857 4499 sunt
1876 4454 1891 4498 :
1910 4425 2324 4502 Bertholdus
2346 4425 2869 4517 Argentinensis
2892 4423 3280 4518 episcopus,
3319 4422 3540 4495 abbas
3567 4424 3795 4497 Sancti

972 4540 1181 4635 Galli,
1220 4568 1454 4621 comes
1488 4550 1825 4623 Henricus
1853 4549 1942 4626 de
1966 4549 2260 4638 worda,
2300 4558 2370 4621 et
2406 4549 2520 4620 alii
2559 4547 2736 4643 (sic).

1069 4667 1242 4742 Acta
1271 4680 1437 4744 sunt
1470 4672 1602 4746 hec
1636 4693 1820 4752 anno
1848 4675 1940 4748 M.
1976 4674 2101 4749 CC.
2137 4672 2433 4765 XXXII,
2473 4672 2672 4746 tertio
2699 4669 3028 4748 kalendas
3056 4669 3369 4763 augusti,
3430 4670 3800 4752 indictione
