4842 5802
949 2456 1175 2564 “¹33¹th

1302 581 1427 643 eso
2175 644 2186 653 ,
2297 581 2724 645 rmusmct
2774 582 3119 644 sscumnt
3738 585 3899 662 [An.
3939 585 4110 647 1236.

1305 724 1466 787 sunt
1495 716 1874 788 affectionis
1904 716 2273 789 certissima
2304 717 2595 811 pignora
2629 715 2958 809 principis
2988 715 3078 788 ad
3105 715 3487 806 subjectos,
3516 738 3674 788 cum
3702 719 3882 790 circa
3908 720 4115 792 latera

1302 838 1596 911 filiorum
1635 861 1965 934 generose
2006 841 2408 935 propaginis
2448 862 2574 913 sue
2606 841 3026 912 incrementa
3067 839 3560 934 circumspicit,
3600 841 3858 933 quibus
3903 841 4110 915 fidem

1301 971 1370 1037 et
1415 963 1703 1056 gratiam
1756 973 2071 1058 preparat
2117 962 2580 1036 subditorum.
2629 963 2798 1034 Nam
2843 983 3004 1033 cum
3048 963 3193 1034 vite
3234 963 3512 1057 proprie
3561 965 3887 1037 terminos
3935 964 4115 1036 finiri

1300 1087 1709 1183 precogitat,
1745 1087 2100 1182 propagari
2134 1086 2392 1181 gaudet
2423 1087 2495 1159 in
2524 1086 2761 1159 sobole
2793 1086 3083 1180 gratiam
3121 1085 3568 1181 principatus,
3602 1087 3687 1158 Et
3712 1109 4114 1182 quanquam

1301 1208 1376 1283 in
1410 1210 1603 1307 prole
1637 1211 1936 1283 feminea
1967 1232 2336 1306 regnorum
2356 1211 2514 1303 jura
2547 1220 2615 1283 et
2649 1209 3085 1305 regnantium
3121 1210 3291 1282 solia
3326 1232 3463 1282 non
3497 1212 3888 1304 quiescant,
3922 1222 4112 1305 grata

1298 1343 1525 1407 tamen
1560 1335 1688 1408 hec
1716 1334 1857 1408 filia
1890 1335 2098 1422 debet
2127 1356 2279 1409 esse
2312 1356 2472 1409 cum
2504 1334 2864 1424 masculis3
2903 1355 3043 1428 que
3074 1335 3264 1405 velut
3294 1335 3700 1430 tempestiva
3734 1357 4112 1432 paranym-

1295 1458 1435 1553 pha
1480 1459 1913 1550 sequentium
1962 1468 2033 1531 et
2066 1459 2268 1532 arrha
2317 1458 2695 1530 certissima
2741 1457 3241 1545 masculorum,
3291 1478 3383 1529 ex
3433 1458 3890 1553 imperatricis
3932 1480 4115 1532 nove

1298 1581 1639 1653 consortio
1677 1581 2129 1654 indubitatam
2176 1582 2375 1653 nobis
2408 1591 2480 1654 et
2515 1580 2713 1653 vobis
2751 1580 3043 1652 Domino
3078 1581 3351 1653 favente
3386 1580 3478 1654 de
3524 1582 3806 1671 regibus
3840 1583 4112 1677 copiam

1294 1705 1707 1800 repromisit.
3746 1700 3755 1707 ’

1393 1830 1639 1901 Datum
1699 1830 1801 1923 (l)
1810 1881 4103 1901 .............................

1398 2416 1824 2500 Fridericus
1847 2480 1870 2527 ,
1947 2416 2467 2499 Romanorum
2557 2416 3006 2524 imperator,
3091 2415 3451 2499 omnibus
3532 2416 3956 2500 civitatibus
4035 2430 4115 2502 et

1287 2548 1643 2631 fidelibus
1699 2548 1856 2631 suis
1912 2550 2128 2658 regni
2194 2547 2493 2631 Siciliae
2554 2549 2869 2630 mandat
2922 2550 3133 2659 quod
3169 2548 3451 2631 faciant
3499 2550 3567 2630 ei
3633 2550 4103 2653 subsidium,

1289 2707 1530 2791 quum
1566 2682 1716 2763 hac
1756 2681 1917 2764 vice
1962 2706 2138 2763 cum
2186 2689 2396 2762 tanto
2442 2681 2772 2762 exercitu
2815 2680 3354 2764 Lombardiam
3400 2681 3698 2792 ingredi
3758 2683 4114 2792 disponat

1288 2815 1500 2923 quod
1542 2813 1940 2896 rebellium
1989 2839 2304 2898 suorum
2341 2813 2718 2922 protervia
2762 2813 3272 2896 conculcetur.

1455 3027 1647 3107 (Edit.
1676 3031 1739 3088 in
1767 3028 1935 3088 Petri
1979 3027 2049 3088 de
2108 3030 2232 3088 Vin.
2263 3029 2454 3107 epist„
2485 3029 2587 3090 lib.
2614 3029 2728 3101 111,
2758 3046 2888 3106 cap.
2917 3027 3034 3104 1v;
3062 3028 3200 3090 coll.
3225 3045 3362 3090 cum
3391 3028 3577 3090 codic.
3607 3030 3885 3091 Bibliotb.
3914 3030 4104 3091 Paris.

1528 3131 1936 3208 Nom-Domo,
1966 3152 2026 3211 p.
2061 3141 2202 3208 202,
2233 3140 2294 3194 et
2320 3134 2382 3194 S.
2412 3132 2603 3195 Germ.
2629 3131 2879 3213 Har-lay,
2910 3152 2972 3211 p.
3007 3137 3175 3207 455.)

1391 3319 1822 3410 FredericuS,
1866 3330 1996 3392 etc.
2033 3321 2110 3390 In
2150 3320 2483 3393 invidiam
2518 3321 2824 3394 omnium
2863 3321 3252 3411 nationum,
3292 3342 3431 3413 que
3463 3320 3888 3414 quibuslibet
3921 3319 4110 3393 orbis

1290 3444 1574 3537 regibus
1617 3454 1685 3517 et
1729 3454 1907 3516 terre
1951 3444 2378 3539 principibus
2421 3454 2583 3517 sunt
2630 3445 2974 3537 subjecte,
3026 3465 3164 3516 non
3207 3445 3431 3517 solum
3469 3443 3700 3516 debite
3744 3443 3941 3533 fidei,
3982 3445 4109 3518 sed

1292 3571 1524 3642 innate
1558 3570 1921 3662 cujusdam
1955 3568 2328 3640 affectionis
2356 3568 2576 3640 zelum
2612 3566 2848 3640 fideles
2877 3568 3073 3662 regni
3102 3565 3331 3639 Sicilie
3363 3588 3633 3661 semper
3666 3566 3758 3639 ad
3788 3567 4109 3640 dominos

1291 3694 1710 3766 habuerunt.
1768 3693 1905 3764 Sed
1953 3703 2314 3787 postquam
2366 3691 2459 3764 ad
2510 3692 2702 3785 regni
2752 3713 3004 3766 nomen
3056 3701 3232 3766 terre
3275 3700 3414 3763 tam
3466 3691 3715 3763 nobilis
3767 3691 4101 3780 ambitnS,

1297 3839 1509 3910 quam
1542 3818 1719 3888 inter
1743 3839 1820 3889 se
1854 3838 1978 3911 per
2009 3816 2305 3889 vicarias
2329 3816 2811 3909 occupantium
2839 3816 3130 3907 injurias
3153 3817 3612 3888 Romanorum
3648 3824 3716 3887 et
3737 3815 4105 3888 Grecorum

1298 3940 1583 4033 imperia
1624 3936 1817 4036 [non]
1856 3940 2151 4034 placidis
2193 3939 2450 4012 finibus
2498 3939 2942 4029 dividebant,
2990 3940 3301 4012 virtuosa
3341 3939 3680 4030 maj0rum
3718 3948 4104 4012 nostrorum

1297 4073 1364 4135 et
1411 4064 1628 4158 prima
1682 4062 2220 4137 consolidatione
2267 4063 2617 4156 pervenit,
2674 4063 2745 4134 in
2797 4071 3062 4135 tantum
3115 4064 3301 4156 regie
3345 4061 3700 4155 dignitatis
3745 4083 3991 4134 nomen
4036 4073 4109 4134 et

1298 4187 1547 4259 solium
1602 4185 1910 4259 dilexere
1957 4188 2341 4281 regnicole,
2398 4196 2507 4277 ut,
2560 4186 2818 4259 eisdem
2866 4186 3414 4259 antecessoribus
3465 4185 3714 4259 nostris
3754 4186 3845 4258 ab
3891 4186 3992 4258 eis
4034 4186 4108 4256 in

1306 4381 3259 4396 καφ-,Μ
3270 4385 3347 4392 -ο-

1368 4493 1442 4566 (t)
1476 4494 1555 4550 De
1581 4496 1822 4566 tempore
1843 4461 1960 4566 quo·
1973 4491 2110 4550 haec
2130 4492 2327 4566 scripta
2347 4491 2507 4550 fixerit
2531 4491 2755 4566 epistola
2776 4491 2909 4549 satis
2931 4491 3072 4550 bene
3097 4505 3198 4550 nos
3219 4491 3506 4549 Riccardus
3532 4491 3600 4548 de
3626 4492 3820 4550 Sancto
3839 4489 4109 4548 Germano

1296 4592 1509 4663 edocet,
1536 4605 1661 4649 cum
1686 4591 1832 4647 dicat
1870 4608 1884 4645 :
1927 4611 1954 4645 ι
1985 4589 2169 4650 Mense
2203 4590 2472 4648 februario
2506 4590 2549 4662 (⁴
2560 4590 2683 4662 237)
2715 4590 2924 4647 litterae
2956 4589 3259 4662 imperiales
3283 4587 3453 4646 lectae
3487 4593 3613 4645 sunt
3655 4588 3709 4643 in
3738 4586 3931 4644 Sancto
3970 4587 4108 4644 Ger-

1297 4705 1455 4746 mano
1472 4689 1537 4746 de
1553 4689 1798 4763 captione
1815 4687 2126 4748 vincentiae
2141 4690 2282 4747 etde
2298 4705 2440 4748 nova
2460 4688 2796 4762 imperatoris
2816 4687 2961 4762 prou
2979 4688 3215 4761 sentinae
3244 4686 3312 4744 de
3340 4701 3480 4745 nova
3508 4690 3757 4744 consorte
3781 4689 4049 4756 suscepta.
4076 4704 4105 4735 ι
