4842 5802
1151 655 1272 717 678
2186 658 2533 719 numum
2585 658 2918 719 snprtm
3595 663 3756 740 [An.
3793 665 3965 729 1234.

1159 786 1301 870 sibi
1346 799 1423 870 et
1471 788 1789 898 imperio
1843 788 2213 897 exhibita,
2268 789 2708 871 molendina
2760 789 3177 900 quaedam,
3218 790 3327 874 ibi
3379 791 3754 903 descripta
3798 808 3875 880 et
3925 826 3972 881 a

1159 919 1511 1005 Conrado
1547 920 1957 1031 burgravio
1992 922 2088 1004 de
2120 921 2568 1032 Nurenberg
2602 923 2682 1003 in
2719 947 2997 1005 manus
3043 947 3222 1005 suas
3258 923 3606 1033 delegata
3629 987 3653 1030 ,
3701 928 3962 1012 donat.

1319 1136 1508 1218 (Edit.
1541 1156 1631 1216 ap.
1664 1138 1925 1199 Monam.
1955 1137 2143 1211 Boia,
2170 1143 2315 1203 tom.
2344 1139 2551 1212 XXX,
2580 1155 2719 1216 pars
2745 1139 2820 1213 1·,
2858 1156 2919 1217 p.
2954 1148 3103 1214 216,
3133 1141 3199 1202 n·
3227 1150 3368 1219 728,
3397 1159 3476 1203 ex
3501 1145 3775 1222 originali
3801 1150 3972 1224 cnjus

1399 1246 1658 1325 sigillum
1683 1248 1878 1323 periit.
1899 1277 1981 1289 —
2006 1245 2083 1306 Et
2108 1261 2205 1321 ap.
2239 1244 2623 1323 Snurnmn,
2654 1245 2915 1308 Momm.
2944 1243 3185 1319 Zoller„
3213 1255 3260 1309 t.
3292 1249 3358 1324 1,
3387 1265 3449 1326 p.
3483 1247 3612 1330 38.)

1257 1437 1339 1506 H.
1367 1488 1387 1524 ,
1443 1433 1565 1506 Dei
1602 1433 1819 1527 gratia
1852 1434 2308 1509 Romanorum
2340 1453 2467 1504 rex
2502 1441 2572 1505 et
2604 1454 2873 1527 semper
2905 1442 3283 1528 angustus,
3323 1434 3668 1511 universis
3701 1436 3970 1531 immrii

1159 1557 1482 1631 fidelibus
1508 1567 1646 1629 tam
1680 1556 2108 1652 presentibus
2138 1578 2347 1649 quam
2386 1558 2634 1629 futuris
2665 1566 3049 1651 presentem
3092 1557 3843 1653 litteraminspeeturis
3896 1559 3970 1633 in

1164 1692 1600 1777 perpetuum.
1634 1680 1803 1752 Cum
1829 1679 2066 1752 divine
2095 1679 2564 1753 misericordie
2590 1682 2789 1773 cujus
2817 1680 3224 1774 magnitudo
3242 1682 3667 1755 intellectum
3694 1682 3973 1757 excedit

1162 1806 1581 1896 humanum,
1648 1804 2067 1875 incrementa
2094 1804 2164 1873 in
2199 1804 2403 1877 nobis
2433 1805 2753 1877 continua
2805 1806 3216 1895 sentiamus,
3257 1805 3499 1877 merito
3534 1806 3635 1877 illi
3669 1805 3860 1900 quod
3897 1807 3970 1878 in

1166 1931 1366 2002 nobis
1397 1939 1502 2002 est
1529 1927 1781 2001 devote
1801 1927 2289 2022 impendimus,
2322 1937 2403 1998 ut
2434 1929 2583 2001 loca
2619 1928 2857 2001 divino
2883 1931 3100 2001 cultui
3129 1939 3199 2001 et
3227 1950 3604 2024 pauperum
3631 1939 3971 2004 sustenta-

1159 2055 1464 2127 tionibus
1491 2052 1878 2146 mancipata
1916 2049 2382 2124 munificentie
2414 2060 2644 2124 nostre
2661 2051 3017 2125 beneficiis
3044 2073 3441 2146 augeamus.
3463 2052 3743 2125 Noverit
3761 2053 3972 2147 igitur

1163 2189 1300 2250 tam
1330 2200 1609 2272 presens
1627 2186 1773 2248 etas
1798 2197 2005 2269 quam
2042 2196 2444 2248 successura
2462 2176 2819 2270 posteritas
2844 2175 3038 2270 quod
3067 2196 3192 2249 nos
3215 2173 3642 2248 attendentes
3667 2178 3972 2270 preclara

1160 2304 1490 2396 obsequia
1526 2323 1664 2395 que
1700 2300 1928 2374 dilecti
1964 2299 2201 2373 fideles
2249 2301 2462 2374 nostri
2509 2304 2751 2374 fratres
2802 2300 3052 2374 domus
3098 2301 3673 2375 Theotunicorum
3724 2303 3972 2376 Sancte

1156 2428 1370 2500 Marie
1406 2426 1475 2498 in
1507 2426 1879 2499 Jerusalem
1916 2424 2115 2497 nobis
2144 2433 2212 2496 et
2247 2425 2534 2519 imperio
2563 2425 2898 2499 exhibent
2922 2425 3375 2519 incessanter,
3402 2427 3494 2499 ob
3520 2428 3969 2502 reverentiam

1159 2552 1558 2622 intemerate
1594 2550 1897 2642 Virginis
1921 2549 2155 2620 Matris
2180 2550 2489 2642 Domini,
2549 2544 2859 2622 cessione
2884 2572 3094 2644 quam
3140 2548 3431 2625 dilectus
3476 2550 3700 2625 fidelis
3744 2561 3973 2625 noster

1159 2675 1513 2749 Conradus
1541 2672 2002 2767 burcgravius
2047 2672 2138 2745 de
2183 2673 2629 2766 Nuerenberg
2675 2674 2835 2747 fecit
2873 2673 3242 2747 liberaliter
3289 2672 3364 2747 in
3405 2695 3652 2747 manus
3706 2685 3973 2749 nostras

1159 2808 1431 2893 recepta
1459 2796 1546 2868 de
1564 2796 1958 2870 molendino
1983 2796 2172 2889 apud
2191 2797 2630 2870 Nuerenberc
2648 2799 2779 2870 sito
2804 2798 2980 2870 inter
3003 2796 3248 2870 salices
3274 2807 3345 2871 et
3366 2819 3714 2893 campum,
3737 2809 3975 2873 exten·

1162 2923 1337 2996 dens
1372 2944 1450 2994 se
1486 2943 1527 2994 a
1567 2922 1844 2994 civitate
1900 2922 2305 3016 Nurenberg
2349 2944 2574 3016 usqne
2624 2921 2718 2994 ad
2768 2922 3051 2996 domum
3101 2923 3527 3017 leprosorum
3562 2924 3635 2995 in
3669 2924 3972 2997 inferiori

1165 3054 1362 3142 parte
1392 3055 1626 3134 strate,
1670 3045 1759 3117 de
1790 3054 1936 3116 orto
1970 3044 2099 3116 sito
2139 3045 2330 3140 apud
2373 3046 2635 3118 dictum
2673 3044 3183 3136 molendinum,
3232 3045 3320 3118 de
3350 3046 3745 3119 molendino
3781 3047 3971 3141 apud

1165 3169 1515 3241 Visrhbah
1550 3180 1619 3242 et
1674 3169 1763 3241 de
1799 3169 2193 3241 molendino
2239 3169 2425 3241 dicto
2461 3169 2837 3262 vulgariter
2887 3169 3597 3261 Liubmannismuole,
3661 3169 3971 3265 predicta

1164 3293 1560 3367 molendina
1596 3302 1665 3365 et
1692 3302 1915 3367 ortum
1952 3301 2379 3388 prenotatum
2419 3293 2741 3387 hospitali
2773 3294 3016 3366 Sancte
3050 3294 3261 3370 Maris
3298 3292 3548 3366 domus
3584 3294 3971 3367 Theotuni-

1164 3440 1401 3491 corum
1435 3417 1623 3513 apud
1662 3416 2093 3509 Nuerinberg
2148 3416 2221 3487 in
2251 3417 2633 3490 remedium
2676 3418 2904 3489 anime
2936 3427 3165 3489 nostre
3198 3427 3266 3490 et
3301 3439 3773 3491 successorum
3811 3440 3971 3492 nos-

1164 3554 1421 3614 trorum
1450 3563 1689 3636 regum
1714 3550 1784 3613 et
1808 3541 2290 3635 imperatorum
2332 3540 2652 3613 dedimus
2686 3551 2755 3613 et
2786 3542 3276 3634 concessimnS,
3294 3563 3454 3615 cum
3485 3544 3806 3616 omnibus
3826 3544 3974 3618 suis

1162 3668 1590 3762 pertinentiis
1606 3666 2047 3762 possidenda.
2092 3668 2476 3742 Statuentes
2502 3676 2570 3739 et
2584 3668 2984 3741 auctoritate
3013 3668 3201 3761 regia
3223 3666 3500 3740 firmiter
3526 3669 3972 3763 precipientes

1161 3793 1455 3864 utnulla
1495 3813 1822 3884 umquam
1859 3811 2149 3886 persona
2193 3791 2475 3863 humilis
2528 3792 2636 3863 vel
2678 3793 2848 3884 alta,
2905 3793 3363 3866 ecclesiastica
3416 3793 3527 3864 vel
3571 3793 3966 3883 mundana,

1157 3916 1339 3986 hanc
1363 3925 1589 3987 nostre
1628 3915 2016 3988 donationis
2043 3926 2112 3986 et
2145 3915 2603 3988 concessionis
2631 3916 2955 4010 paginam
2993 3925 3342 4010 presumat
3369 3914 3742 4005 infringere
3765 3916 3875 3987 vel
3906 3915 3970 3986 ei

1157 4061 1332 4111 ausu
1377 4040 1733 4110 temerario
1766 4040 2123 4111 contraire.
2169 4038 2373 4124 Quod
2403 4040 2526 4133 qui
2572 4042 2807 4114 fecerit
2843 4039 3384 4132 indignationem
3430 4038 3555 4109 Dei
3600 4048 3971 4130 nostreque

1157 4159 1583 4230 celsitudinis
1616 4158 2090 4249 gravissimam
2122 4158 2448 4230 offensam
2493 4179 2568 4229 se
2614 4158 2884 4230 noverit
2911 4158 3372 4228 incursurum.
3417 4156 3505 4225 Ut
3546 4165 3775 4227 autem
3808 4175 3969 4249 pre-

1157 4304 1313 4352 sens
1343 4280 1622 4353 donatio
1654 4292 1723 4351 et
1764 4282 2112 4352 concessio
2147 4282 2323 4351 facta
2351 4290 2492 4351 tam
2517 4302 2638 4375 per
2662 4302 2787 4352 nos
2814 4302 3023 4373 quam
3052 4301 3173 4372 per
3201 4278 3690 4369 burcgravium
3727 4299 3972 4372 supra-

1157 4405 1415 4477 dictum
1449 4405 1673 4475 eidem
1706 4404 2025 4498 hospitali
2066 4413 2135 4475 et
2193 4404 2513 4474 fratribus
2549 4403 2737 4498 apud
2776 4403 3203 4493 Nnerinberg
3257 4402 3673 4474 inviolabilis
3735 4402 3969 4475 obser-

1156 4538 1387 4614 vetur,
1431 4537 1815 4621 presentem
1853 4527 2178 4621 paginam
2203 4529 2427 4621 sigillo
2456 4538 2684 4599 nostre
2720 4527 3151 4599 celsitudinis
3174 4527 3459 4597 fecimus
3491 4526 3818 4599 roborari.

1251 4653 1481 4723 Testes
1529 4652 1732 4743 hujus
1778 4651 1873 4722 rei
1927 4661 2087 4721 sunt
2130 4677 2145 4720 ε
2186 4650 2616 4745 Sypheridus
2657 4648 3070 4722 venerabilis
3120 4650 3564 4743 Maguntinus
3622 4648 3973 4743 archiepi-

1157 4796 1433 4871 scopuS,
1474 4777 1900 4869 Eggebertus
1922 4775 2538 4868 Babenbergensis,
2575 4775 2931 4848 Heinricus
2961 4775 3353 4848 Eistetensis
3380 4775 3718 4871 episcopi,
3760 4775 3972 4847 Hein-
