4842 5802
854 678 1049 737 imm.
1080 673 1175 750 8.]
1579 669 1583 673 ⁴
1761 666 2161 729 nis'ronm
2210 661 2796 724 υιΡιοΜΑτιοΑ.
3571 660 3689 721 725

972 1267 1344 1349 Hem-icus
1362 1328 1386 1374 ,
1455 1265 1977 1348 Romanorum
2048 1289 2182 1345 rex
2205 1323 2229 1369 ‚
2306 1260 2597 1344 civibus
2670 1261 2749 1343 in
2819 1259 3324 1343 Frankenfort
3381 1269 3687 1368 propter
3747 1259 4072 1365 pmissssffoffi,

869 1399 1423 1507 reparationem
1452 1397 1705 1507 pontis
1731 1420 1998 1479 eorum
2024 1395 2159 1504 qui
2184 1420 2276 1476 ex
2303 1392 2799 1476 inundatione
2824 1417 3202 1502 aquarum
3237 1393 3316 1472 in
3354 1393 3689 1475 maxima
3813 1369 3865 1410 ¹⁰
3889 1370 4011 1413 '¹⁸¹¹'

871 1541 1081 1638 parte
1136 1540 1560 1638 corruerat,
1604 1530 2081 1612 medietatem
2134 1537 2639 1635 proventuum
2683 1535 3031 1608 monetae
3074 1550 3256 1607 suae
3302 1524 3383 1607 in
3429 1525 3686 1608 Fran-

871 1663 1170 1746 kenfort
1206 1672 1283 1745 et
1316 1664 1412 1745 de
1449 1661 1681 1772 sylvis
1717 1662 1875 1743 suis
1909 1660 2123 1770 ligna
2160 1658 2583 1741 necessaria
2625 1657 2993 1739 concedit.

1042 1905 1234 1984 (Edit.
1265 1922 1364 1982 ap.
1394 1905 1618 1976 Lumo,
1638 1901 2056 1980 Reichsarclaeiv,
2085 1909 2128 1964 t.
2159 1903 2327 1975 XIII,
2357 1920 2417 1979 p.
2456 1910 2596 1962 558.
2618 1933 2690 1946 -
2717 1897 2989 1981 Pn'vileq.
3020 1908 3076 1961 et
3097 1901 3283 1962 Pacta
3305 1919 3417 1961 von
3440 1899 3689 1962 stanh-

1094 2010 1258 2090 surt,
1290 2031 1352 2089 p.
1386 2021 1445 2072 9.
1473 2043 1556 2058 --
1579 2011 1900 2082 Bormum,
1935 2008 2128 2072 Codex
2146 2006 2623 2087 Moenofianccfi,
2654 2014 2702 2067 t.
2732 2009 2784 2083 1,
2814 2026 2876 2084 p.
2908 2006 3036 2086 61.)

972 2226 1046 2296 In
1081 2225 1359 2297 nomine
1387 2224 1682 2296 Domini.
1727 2223 1974 2296 Amen.
1999 2222 2352 2296 Henricus
2387 2221 2721 2315 septimus
2743 2273 2765 2309 ,
2811 2221 2936 2292 Dei
2975 2221 3192 2313 gratia
3226 2222 3685 2296 Romanorum

876 2371 1001 2420 rex
1049 2370 1316 2442 semper
1369 2358 1743 2442 augustuS‚
1799 2347 2124 2421 fidelibus
2176 2346 2321 2418 suis
2363 2344 2705 2417 universis
2756 2344 3027 2414 civibus
3085 2345 3154 2414 in
3203 2346 3694 2419 Franckenfurt

882 2495 1003 2567 pro
1035 2483 1345 2568 tempore
1377 2473 1763 2544 constitutis
1800 2472 2089 2565 gratiam
2125 2491 2318 2541 suam
2354 2480 2425 2541 et
2462 2490 2666 2541 omne
2713 2468 2997 2540 bonum.
3053 2468 3244 2540 Sicut
3297 2491 3418 2563 pre
3448 2471 3690 2542 ceteris

871 2588 1273 2667 'civitatibus
1304 2606 1372 2667 et
1409 2596 1805 2668 hominibus
1840 2594 2087 2687 nostris
2117 2594 2365 2666 civitas
2383 2603 2612 2664 vestra
2640 2592 2837 2663 nobis
2862 2592 3190 2664 hactenus
3219 2592 3691 2686 obsequiosior

882 2740 963 2790 ac
990 2718 1301 2791 devotior
1326 2720 1632 2792 extitisse
1665 2719 2205 2800 demonstratur,
2250 2716 2353 2789 sic
2382 2726 2451 2787 et
2482 2715 2701 2807 gratia
2735 2724 2966 2787 nostra
3005 2715 3211 2789 debet
3242 2737 3368 2788 vos
3394 2717 3694 2811 amplio-

881 2842 1075 2914 ribus
1105 2841 1457 2915 beneficiis
1490 2843 1829 2917 honorare
1857 2853 1935 2914 ut
1969 2863 2092 2938 per
2122 2841 2255 2916 hoc
2297 2840 2554 2917 favoris
2582 2841 2796 2920 nostri
2831 2839 3328 2935 plenitudinem
3364 2840 3693 2935 experia-

884 2967 1049 3037 mini
1086 2989 1208 3062 per
1242 2967 1589 3040 effectum.
1627 2969 1797 3040 Cum
1835 2968 2046 3062 igitur
2094 2988 2188 3040 ex
2247 2966 2600 3061 repentina
2647 2964 3095 3037 inundatione
3137 2985 3473 3058 aquarum
3519 2986 3694 3059 pons

880 3101 1105 3164 vester
1134 3093 1547 3186 aliquotiens
1575 3093 1967 3166 destruatur
2001 3093 2074 3163 in
2102 3103 2296 3186 parte
2328 3100 2397 3163 et
2428 3091 2705 3163 tandem
2742 3091 2913 3163 forte
2945 3099 3315 3178 corruerat,
3349 3089 3528 3161 sicut
3550 3091 3696 3181 jam

882 3218 1330 3311 perpenditur
1379 3218 1738 3291 manifeste
1782 3240 1875 3290 ex
1928 3238 2012 3290 eo
2059 3216 2248 3310 quod
2293 3214 2589 3308 quedam
2630 3214 2790 3308 pyle
2832 3193 3061 3286 medie
3099 3224 3261 3284 sunt
3309 3212 3693 3300 destructe;

882 3337 1061 3411 hanc
1095 3339 1295 3411 vobis
1329 3340 1620 3432 gratiam
1657 3340 1913 3412 intuitu
1950 3339 2224 3435 pietatis
2258 3359 2341 3408 ac
2363 3347 2590 3409 vestre
2620 3335 3004 3410 devotionis
3028 3344 3340 3429 respectu
3367 3335 3702 3407 duximus

885 3462 1271 3534 faciendam
1302 3473 1369 3534 et
1399 3485 1482 3535 ea
1520 3463 1591 3534 in
1642 3472 2050 3558 perpetuum
2104 3462 2431 3534 volumus
2466 3482 2593 3533 vos
2633 3459 2975 3553 gaudere,
3013 3459 3272 3530 scilicet
3318 3468 3394 3528 ut
3424 3459 3702 3531 medie-

885 3593 1092 3656 tatem
1123 3594 1588 3680 proventuum
1618 3595 1890 3658 monete
1923 3595 2156 3658 nostre
2184 3584 2257 3655 in
2288 3582 2785 3655 Franckenfurt
2822 3582 2914 3655 ad
2950 3582 3446 3676 reparationem
3487 3582 3704 3675 ipsius

885 3706 1111 3800 pontis
1159 3706 1357 3779 annis
1396 3706 1689 3798 singulis
1722 3706 2035 3778 habeatis
2072 3715 2401 3801 perpetuo
2455 3716 2525 3775 et
2572 3703 2663 3776 de
2704 3704 2921 3797 sylvis
2953 3703 3202 3775 nostris
3229 3702 3706 3796 adjacentibus
3773 3679 3785 3690 ⁸

886 3828 1107 3922 ligna,
1151 3827 1380 3921 siqua
1416 3830 1527 3902 vel
1560 3837 1820 3923 quanta
1848 3829 1940 3901 ad
1989 3828 2064 3900 id
2108 3827 2489 3901 necessaria
2535 3835 2739 3900 erunt
2774 3825 3000 3897 vobis.
3043 3826 3348 3920 Ideoque
3380 3829 3706 3902 volumus

886 3963 956 4024 et
1011 3951 1428 4024 mandamus
1477 3952 1680 4025 vobis
1731 3951 2036 4024 districte
2076 3960 2153 4023 ut
2194 3952 2283 4024 de
2346 3950 2454 4021 his
2503 3950 2955 4045 proventibus
3009 3951 3337 4043 reparetis
3384 3952 3708 4024 continue

891 4085 1168 4169 pontem
1207 4077 1462 4172 ipsum.
1507 4076 1594 4148 Ut
1641 4085 1872 4149 autem
1926 4097 2134 4172 super
2181 4076 2309 4148 hac
2352 4075 2573 4168 gratia
2619 4074 2819 4146 vobis
2857 4075 3033 4147 facta
3063 4084 3465 4170 perpetuam
3504 4077 3709 4147 certi-

1935 4271 2780 4284 mom—-

893 4400 947 4456 p.
995 4386 1097 4442 ⁴08
1139 4403 1155 4440 ε
1191 4404 1219 4440 ι
1264 4383 1421 4442 Anno
1454 4382 1801 4444 mcxxxv
1835 4379 2140 4458 intelligens
2174 4399 2271 4441 rex
2310 4389 2519 4457 patrem
2552 4383 2907 4441 adventurum
2924 4426 2939 4454 ‚
2973 4383 3166 4440 timens
3202 4399 3359 4452 eum,
3399 4384 3574 4457 coepit
3608 4383 3713 4441 sibi

893 4480 1158 4538 asciscere
1184 4481 1448 4539 amicitias
1471 4482 1774 4556 principum
1802 4488 1860 4541 et
1884 4481 2149 4540 baronum
2176 4487 2234 4539 et
2260 4481 2537 4540 civitatum
2564 4497 2803 4539 suarum.
2841 4480 2997 4539 Unde
3031 4480 3291 4554 incipiens
3322 4496 3356 4538 a
3378 4481 3610 4552 Basilea‚
3641 4482 3713 4538 eb

892 4576 1142 4634 omnibus
1172 4577 1484 4636 civitatibus
1509 4578 1624 4635 suis
1651 4579 1707 4634 in
1734 4579 1940 4636 Alsatia
1964 4579 2174 4653 accepit
2195 4578 2412 4636 obsides
2437 4594 2508 4636 ne
2533 4579 2605 4636 ab
2646 4594 2712 4636 eo
2752 4578 3036 4636 resilirent.
3073 4578 3349 4651 Disposuit
3386 4580 3548 4635 etiam
3590 4595 3716 4637 cum

892 4673 997 4731 illis
1023 4675 1092 4748 de
1126 4676 1286 4733 Nifen
1317 4684 1375 4735 et
1409 4693 1536 4735 cum
1583 4678 1703 4735 aliis
1743 4678 2066 4752 quibusdam
2101 4678 2245 4752 quod
2280 4676 2423 4734 bello
2468 4677 2810 4751 impetierunt
2848 4677 3212 4734 marchionem
3240 4677 3328 4749 [de
3366 4678 3588 4736 Badenl.
3614 4679 3717 4749 Qui

895 4776 1078 4830 certus
1095 4773 1164 4829 de
1182 4773 1416 4831 adventu
1439 4774 1803 4850 imperatoris,
1829 4775 2048 4834 viriliter
2071 4791 2132 4833 se
2153 4774 2409 4833 defendit.
2434 4792 2462 4827 ι
