4842 5802
1173 600 1293 661 878
2171 584 2597 667 ramulum
2647 603 2986 666 sscumnr
3614 599 3775 677 [Anu.
3814 596 3987 659 1236.

1173 734 1367 830 quod
1403 744 1762 831 propterea
1791 758 2110 809 accessus
2156 759 2394 811 eorum
2440 740 2535 814 ad
2579 742 2956 814 Romanam
2985 738 3248 811 curiam
3285 736 3547 808 inutilis
3581 734 3984 824 haberetur,

1176 860 1660 933 nichilominus
1689 862 1895 954 longe
1923 875 2081 934 ante
2119 862 2303 935 diem
2342 872 2670 938 statutum
2697 864 3006 960 partibus
3031 884 3156 957 per
3187 860 3643 958 patriarcham
3667 842 3993 932 eumdem

1173 984 1401 1079 papali
1459 986 1856 1080 conspectui
1917 984 2017 1080 (a)
2081 989 2447 1081 presentati
2514 1009 2596 1062 ac
2653 989 2946 1059 multum
3003 995 3162 1083 post
3224 984 3411 1057 diem
3472 990 3990 1080 procuratorum

1176 1107 1469 1180 adverse
1524 1109 1739 1203 partis
1788 1109 2202 1200 adventum,
2271 1133 2408 1185 non
2470 1113 2620 1186 sine
2675 1111 3215 1184 murmuratione
3275 1111 3645 1182 multorum
3707 1108 3994 1202 proinde

1179 1231 1382 1303 nobis
1417 1241 1487 1306 et
1527 1232 1814 1328 imperio
1850 1235 2173 1308 honorem
2218 1236 2530 1309 debitum
2578 1236 2715 1309 ledi
2771 1236 3232 1326 credentium,
3266 1242 3741 1331 expectantes,
3785 1232 3873 1305 de
3908 1233 3995 1304 li-

1177 1354 1399 1426 centia
1430 1376 1558 1426 sua
1587 1365 1657 1427 et
1689 1357 1973 1429 fratrum
2010 1381 2134 1453 per
2170 1368 2436 1432 nostras
2473 1359 2914 1454 postmodum
2945 1360 3206 1433 litteras
3228 1358 3531 1432 revocati
3569 1358 3660 1432 ad
3695 1365 3989 1430 nostram

1179 1478 1588 1570 presentiam
1641 1479 2031 1570 redierunt3
2091 1483 2716 1578 moramipsornm
2764 1483 3023 1557 nedum
3072 1506 3192 1578 per
3244 1483 3597 1555 illusiones
3628 1481 3992 1573 jamdictas

1182 1601 1491 1674 inutilem
1530 1604 1976 1692 arbitrantes,
2019 1605 2144 1677 sed
2173 1607 2363 1700 quod
2398 1608 2603 1699 juxta
2649 1608 3045 1702 petitionem
3077 1629 3284 1703 pape,
3316 1606 3405 1679 de
3437 1606 3693 1680 honore
3736 1616 3804 1678 et
3838 1605 3994 1696 jure

1183 1726 1450 1820 imperii
1491 1729 1835 1800 mentione
1864 1751 2005 1801 non
2042 1731 2219 1803 facta
2256 1754 2386 1804 nec
2416 1733 2686 1826 adjecto
2728 1759 2762 1801 (ι
2797 1735 2889 1806 de
2924 1734 3208 1805 consilio
3240 1732 3334 1829 (b)
3391 1732 3777 1828 principum
3818 1752 3991 1802 nos—

1181 1858 1472 1939 trorum,
1513 1876 1548 1921 »
1584 1853 1789 1943 Juxta
1825 1854 2110 1926 formam
2149 1856 2457 1929 mandati
2495 1858 2740 1949 nostri,
2783 1855 2856 1929 in
2892 1879 3238 1930 summum
3271 1855 3657 1953 pontificem
3690 1876 3995 1949 compro·

1179 1973 1448 2046 mittere
1482 1997 1619 2047 non
1655 1977 2006 2049 valebant.
2045 1980 2188 2052 Nec
2220 2001 2587 2074 possumus
2622 1981 2833 2074 hujus
2871 1982 3157 2053 verbum
3194 1982 3411 2076 patris
3440 1981 3573 2053 sub
3604 1980 3993 2053 dissimula-

1180 2097 1368 2170 tione
1428 2099 1753 2193 preterire
1802 2102 1994 2194 quod
2042 2102 2505 2176 conditionem
2561 2105 2781 2199 ipsam
2839 2132 2874 2174 ι
2918 2105 3008 2178 de
3055 2106 3318 2178 honore
3373 2105 3643 2199 imperii
3693 2130 3729 2173 n
3783 2125 3993 2197 quem

1180 2222 1578 2295 immediate
1600 2224 1905 2299 Ecclesie
1939 2226 2283 2300 credimus
2319 2227 2673 2323 deputari,
2712 2229 2981 2325 scripsit
3010 2230 3245 2302 tollere
3275 2227 3836 2323 compromissum
3855 2226 3917 2320 (l
3935 2225 3988 2322 ).

1176 2345 1290 2419 Ad
1326 2348 1527 2440 cujus
1563 2349 2077 2443 expressionem
2104 2350 2196 2423 de
2224 2373 2412 2425 mero
2441 2353 2600 2444 jure
2638 2361 2951 2425 tenemur
2998 2362 3068 2426 et
3102 2353 3338 2427 debito
3378 2362 3447 2426 et
3474 2362 3767 2446 auguste
3797 2351 3996 2424 titulo

1180 2471 1573 2562 dignitatis,
1610 2496 1826 2566 quum
1855 2474 2183 2547 honorem
2221 2476 2494 2571 imperii
2538 2498 2667 2549 nec
2704 2477 2907 2549 tacite
2941 2499 3068 2550 nec
3096 2499 3426 2572 expresse
3467 2478 3774 2549 minuere
3821 2495 3996 2571 pos-

1178 2618 1453 2684 sumuS,
1492 2597 1617 2669 sed
1645 2620 1927 2690 augere.
1979 2600 2210 2693 Nuper
2246 2610 2477 2672 autem
2512 2612 2663 2696 post
2701 2602 3003 2675 reditum
3039 2602 3344 2696 magistri
3374 2602 3650 2695 prefati,
3703 2600 3994 2696 Aposto-

1179 2720 1309 2791 lica
1344 2721 1595 2813 scripta
1625 2724 2013 2816 recepimus
2041 2723 2147 2818 (2)
2177 2745 2300 2819 per
2334 2745 2475 2818 que
2510 2724 2602 2797 ad
2639 2725 3329 2819 compromittendum
3380 2728 3452 2797 in
3493 2748 3652 2798 eum
3690 2725 3988 2819 precise,

1180 2843 1487 2938 magistri
1523 2844 1747 2918 reditu
1780 2847 2088 2942 repetito,
2121 2848 2212 2920 ad
2245 2848 2377 2921 hoc
2405 2857 2484 2920 ut
2519 2850 2845 2944 propositi
2875 2850 3089 2921 nostri
3109 2851 3568 2923 constanciam
3596 2850 3684 2922 ah
3715 2849 3997 2923 introitu

1183 2966 1407 3056 Italie,
1475 2992 1682 3062 quem
1731 2972 1967 3064 procul
2016 2971 2230 3044 dubio
2278 2973 2721 3067 imperialiter
2773 2972 2951 3046 duce
2985 2975 3274 3047 Domino
3311 2975 3484 3046 inire
3515 2974 3990 3068 disponimus,

1182 3092 1396 3184 possit
1425 3102 1765 3181 avertere,
1811 3096 2313 3167 constitutionis
2351 3105 2655 3169 tenorem
2685 3095 2776 3191 (c)
2811 3097 2901 3169 de
2935 3096 3372 3170 discordibus
3405 3119 3529 3192 pro
3563 3098 3850 3168 utilitate
3877 3119 3997 3169 ne·

1183 3214 1353 3304 gotii
1421 3215 1622 3287 Terre
1654 3216 1899 3288 Sancte
1941 3218 2031 3288 ad
2091 3228 2396 3311 treugam
2442 3219 2552 3289 vel
2608 3220 3045 3291 concordiam
3095 3219 3505 3292 revocandis
3541 3218 3730 3315 apud
3790 3219 3999 3291 Reate

1183 3336 1382 3408 nobis
1406 3340 1835 3432 presentibus
1861 3338 2048 3412 edite
2078 3340 2170 3412 ad
2206 3351 2505 3413 nostram
2534 3343 2931 3414 memoriam
2962 3345 3350 3432 revocavit,
3386 3344 3516 3415 hoc
3543 3342 3781 3415 addito
3808 3342 3998 3435 quod

1184 3458 1277 3531 ad
1303 3461 1434 3533 hoc
1466 3463 1677 3557 aliqui
1707 3486 1798 3535 ex
1836 3466 2105 3557 magnis
2142 3475 2317 3538 terre
2355 3467 2781 3561 principibus
2806 3477 2969 3540 sunt
2999 3469 3353 3563 compulsi.
3395 3468 3580 3540 Licet
3614 3479 3848 3541 autem
3876 3491 4000 3562 per

1180 3605 1264 3656 ea
1300 3608 1438 3678 que
1471 3587 1902 3682 prediximus
1937 3590 1994 3661 si
2038 3590 2330 3685 placeret
2357 3593 2739 3686 potuissent
2772 3592 3027 3666 habere
3054 3594 3304 3689 scripta
3340 3614 3785 3688 responsum,
3829 3592 3995 3665 dum

1180 3709 1427 3781 frustra
1465 3732 1589 3805 pro
1628 3712 1898 3784 illorum
1924 3734 2098 3808 pace
2132 3734 2260 3786 sua
2292 3713 2391 3812 (d)
2419 3714 2756 3788 laboraret
2802 3716 3089 3789 intentio
3129 3717 3252 3811 qui
3294 3739 3529 3813 pacem
3587 3717 3803 3789 verbo
3853 3716 3999 3789 solo

1185 3885 1930 3907 ..........
1987 3834 2115 3933 (e),
2159 3848 2235 3909 ut
2265 3839 2591 3934 temporis
2627 3842 3159 3935 oportunitatem
3194 3841 3580 3934 inquirant,
3635 3861 3772 3913 non
3816 3841 3995 3911 facto

1263 3980 1346 4060 (a)
1389 3984 1458 4043 In
1483 3982 1684 4043 codice
1707 3992 2067 4064 consumpta.

1262 4086 1342 4167 (b)
1386 4090 1458 4149 In
1481 4090 1680 4151 codice
1708 4089 1931 4171 abjecta
1956 4089 2219 4154 comitia.

1264 4193 1337 4274 (c)
1382 4195 1452 4255 In
1481 4197 1678 4258 codice
1705 4195 1995 4260 honorem.

1263 4299 1349 4382 (d)
1388 4303 1461 4362 In
1488 4304 1687 4364 codice
1711 4304 1844 4366 sita.

1264 4407 1341 4486 (e)
1385 4410 1582 4470 Hicin
1608 4411 1806 4471 codice
1830 4410 2120 4489 quaedam
2146 4412 2581 4478 desiderantur:
2614 4415 2885 4476 videlicet
2904 4412 3254 4495 affectantes,
3276 4415 3369 4476 vel
3396 4415 3753 4493 huJusmodi.

1252 4616 1323 4690 (l)
1360 4616 1496 4674 Vide
1519 4634 1684 4692 supra
1707 4618 1909 4679 litteras
1932 4620 2178 4696 Gregorii
2200 4623 2301 4696 lx,
2321 4640 2377 4698 p.
2410 4627 2535 4681 825.

1256 4713 1325 4785 (2)
1362 4714 1500 4772 Vide
1524 4730 1721 4789 supra,
1747 4717 1962 4777 ibidem.
