<?xml version="1.0" encoding="UTF-8"?>
<!DOCTYPE html PUBLIC "-//W3C//DTD XHTML 1.0 Transitional//EN"
    "http://www.w3.org/TR/xhtml1/DTD/xhtml1-transitional.dtd">
<html xmlns="http://www.w3.org/1999/xhtml" xml:lang="en" lang="en">
 <head>
  <title>
</title>
<meta http-equiv="Content-Type" content="text/html;charset=utf-8" />
  <meta name='ocr-system' content='tesseract 3.04.00' />
  <meta name='ocr-capabilities' content='ocr_page ocr_carea ocr_par ocr_line ocrx_word'/>
</head>
<body>
  <div class='ocr_page' id='page_1' title='image "./historiadiploma01degoog_0055.png"; bbox 0 0 4842 5802; ppageno 0'>
   <div class='ocr_carea' id='block_1_1' title="bbox 897 651 3735 735">
    <p class='ocr_par' dir='ltr' id='par_1_1' title="bbox 897 651 3735 735">
     <span class='ocr_line' id='line_1_1' title="bbox 897 651 3735 735; baseline 0 -17"><span class='ocrx_word' id='word_1_1' title='bbox 897 658 1093 719; x_wconf 69' lang='lat' dir='ltr'><strong>tumet.</strong></span> <span class='ocrx_word' id='word_1_2' title='bbox 1127 657 1223 735; x_wconf 87' lang='lat'><strong>5.]</strong></span> <span class='ocrx_word' id='word_1_3' title='bbox 1807 654 2203 719; x_wconf 76' lang='lat' dir='ltr'>HISTORIA</span> <span class='ocrx_word' id='word_1_4' title='bbox 2253 651 2853 715; x_wconf 79' lang='lat' dir='ltr'><strong>DIPLOMATICA.</strong></span> <span class='ocrx_word' id='word_1_5' title='bbox 3607 655 3735 718; x_wconf 78' lang='lat'><strong>583</strong></span> 
     </span>
    </p>
   </div>
   <div class='ocr_carea' id='block_1_2' title="bbox 1324 936 1679 948">
    <p class='ocr_par' dir='ltr' id='par_1_2' title="bbox 1324 936 1679 948">
     <span class='ocr_line' id='line_1_2' title="bbox 1324 936 1679 948; baseline 0 -2"><span class='ocrx_word' id='word_1_6' title='bbox 1324 936 1679 948; x_wconf 53' lang='lat'><strong>*—</strong></span> 
     </span>
    </p>
   </div>
   <div class='ocr_carea' id='block_1_3' title="bbox 900 1183 4120 1667">
    <p class='ocr_par' dir='ltr' id='par_1_3' title="bbox 900 1183 4120 1667">
     <span class='ocr_line' id='line_1_3' title="bbox 1005 1183 4112 1304; baseline -0.003 -31"><span class='ocrx_word' id='word_1_7' title='bbox 1005 1187 1376 1273; x_wconf 87' lang='lat' dir='ltr'><strong>Henricus</strong></span> <span class='ocrx_word' id='word_1_8' title='bbox 1391 1250 1415 1295; x_wconf 79' lang='lat'>‚</span> <span class='ocrx_word' id='word_1_9' title='bbox 1456 1185 1981 1272; x_wconf 87' lang='lat' dir='ltr'><strong>Romanorum</strong></span> <span class='ocrx_word' id='word_1_10' title='bbox 2015 1211 2150 1271; x_wconf 84' lang='lat' dir='ltr'><strong>rex</strong></span> <span class='ocrx_word' id='word_1_11' title='bbox 2164 1249 2188 1295; x_wconf 82' lang='lat'>‚</span> <span class='ocrx_word' id='word_1_12' title='bbox 2230 1185 2328 1269; x_wconf 90' lang='lat' dir='ltr'><strong>de</strong></span> <span class='ocrx_word' id='word_1_13' title='bbox 2369 1185 2735 1269; x_wconf 88' lang='lat' dir='ltr'><strong>mandato</strong></span> <span class='ocrx_word' id='word_1_14' title='bbox 2788 1183 3264 1293; x_wconf 87' lang='lat' dir='ltr'><strong>imperatoris</strong></span> <span class='ocrx_word' id='word_1_15' title='bbox 3318 1184 3557 1293; x_wconf 85' lang='lat' dir='ltr'><strong>patris</strong></span> <span class='ocrx_word' id='word_1_16' title='bbox 3607 1183 3725 1267; x_wconf 90' lang='lat' dir='ltr'><strong>sui</strong></span> <span class='ocrx_word' id='word_1_17' title='bbox 3815 1193 4112 1304; x_wconf 51' lang='lat' dir='ltr'><strong>wssssffim.</strong></span> 
     </span>
     <span class='ocr_line' id='line_1_4' title="bbox 900 1303 4120 1431; baseline -0.001 -27"><span class='ocrx_word' id='word_1_18' title='bbox 900 1319 1497 1431; x_wconf 84' lang='lat' dir='ltr'><strong>promissionem</strong></span> <span class='ocrx_word' id='word_1_19' title='bbox 1519 1319 1870 1402; x_wconf 78' lang='lat' dir='ltr'><strong>abbatiae</strong></span> <span class='ocrx_word' id='word_1_20' title='bbox 1890 1318 2002 1402; x_wconf 84' lang='lat' dir='ltr'><strong>&#39;de</strong></span> <span class='ocrx_word' id='word_1_21' title='bbox 2039 1318 2466 1404; x_wconf 90' lang='lat' dir='ltr'><strong>Odenheim</strong></span> <span class='ocrx_word' id='word_1_22' title='bbox 2510 1318 2791 1400; x_wconf 83' lang='lat' dir='ltr'><strong>factam</strong></span> <span class='ocrx_word' id='word_1_23' title='bbox 2845 1325 3158 1401; x_wconf 86' lang='lat' dir='ltr'><strong>renovat</strong></span> <span class='ocrx_word' id='word_1_24' title='bbox 3203 1344 3428 1427; x_wconf 90' lang='lat' dir='ltr'><strong>super</strong></span> <span class='ocrx_word' id='word_1_25' title='bbox 3474 1319 3726 1401; x_wconf 81' lang='lat' dir='ltr'><strong>advo·</strong></span> <span class='ocrx_word' id='word_1_26' title='bbox 3796 1306 3825 1348; x_wconf 83' lang='lat'><strong>⁹</strong></span> <span class='ocrx_word' id='word_1_27' title='bbox 3843 1303 4120 1358; x_wconf 50' lang='lat' dir='ltr'><strong>&#39;‘mm&#39;&#39;</strong></span> 
     </span>
     <span class='ocr_line' id='line_1_5' title="bbox 905 1448 3730 1562; baseline -0 -28"><span class='ocrx_word' id='word_1_28' title='bbox 905 1452 1100 1535; x_wconf 88' lang='lat' dir='ltr'><strong>catia</strong></span> <span class='ocrx_word' id='word_1_29' title='bbox 1134 1450 1479 1562; x_wconf 88' lang='lat' dir='ltr'><strong>ejusdem</strong></span> <span class='ocrx_word' id='word_1_30' title='bbox 1515 1451 1873 1535; x_wconf 89' lang='lat' dir='ltr'><strong>ecclesiae</strong></span> <span class='ocrx_word' id='word_1_31' title='bbox 1917 1459 1993 1535; x_wconf 88' lang='lat' dir='ltr'><strong>et</strong></span> <span class='ocrx_word' id='word_1_32' title='bbox 2044 1450 2434 1534; x_wconf 85' lang='lat' dir='ltr'><strong>curiarum</strong></span> <span class='ocrx_word' id='word_1_33' title='bbox 2488 1448 2654 1559; x_wconf 88' lang='lat' dir='ltr'><strong>ejus</strong></span> <span class='ocrx_word' id='word_1_34' title='bbox 2714 1449 2929 1533; x_wconf 90' lang='lat' dir='ltr'><strong>nullo</strong></span> <span class='ocrx_word' id='word_1_35' title='bbox 2984 1448 3204 1533; x_wconf 81' lang='lat' dir='ltr'><strong>titulo</strong></span> <span class='ocrx_word' id='word_1_36' title='bbox 3258 1449 3358 1533; x_wconf 92' lang='lat' dir='ltr'><strong>ab</strong></span> <span class='ocrx_word' id='word_1_37' title='bbox 3412 1448 3730 1561; x_wconf 89' lang='lat' dir='ltr'><strong>imperio</strong></span> 
     </span>
     <span class='ocr_line' id='line_1_6' title="bbox 906 1582 1341 1667; baseline 0 -2"><span class='ocrx_word' id='word_1_38' title='bbox 906 1582 1100 1667; x_wconf 87' lang='lat' dir='ltr'><strong>alien</strong></span> <span class='ocrx_word' id='word_1_39' title='bbox 1111 1584 1341 1667; x_wconf 90' lang='lat' dir='ltr'><strong>anda.</strong></span> 
     </span>
    </p>
   </div>
   <div class='ocr_carea' id='block_1_4' title="bbox 1065 1794 3368 1876">
    <p class='ocr_par' dir='ltr' id='par_1_4' title="bbox 1065 1794 3368 1876">
     <span class='ocr_line' id='line_1_7' title="bbox 1065 1794 3368 1876; baseline -0.001 -16"><span class='ocrx_word' id='word_1_40' title='bbox 1065 1796 1310 1876; x_wconf 80' lang='lat' dir='ltr'><strong>(Inedlt.</strong></span> <span class='ocrx_word' id='word_1_41' title='bbox 1341 1813 1420 1860; x_wconf 85' lang='lat' dir='ltr'><strong>ex</strong></span> <span class='ocrx_word' id='word_1_42' title='bbox 1453 1796 1708 1861; x_wconf 79' lang='lat' dir='ltr'><strong>chartul.</strong></span> <span class='ocrx_word' id='word_1_43' title='bbox 1751 1794 2208 1860; x_wconf 74' lang='lat' dir='ltr'><strong>odennetmonst</strong></span> <span class='ocrx_word' id='word_1_44' title='bbox 2226 1836 2247 1871; x_wconf 87' lang='lat'>,</span> <span class='ocrx_word' id='word_1_45' title='bbox 2280 1794 2385 1857; x_wconf 72' lang='lat' dir='ltr'><strong>fol.</strong></span> <span class='ocrx_word' id='word_1_46' title='bbox 2417 1803 2531 1875; x_wconf 75' lang='lat'><strong>28,</strong></span> <span class='ocrx_word' id='word_1_47' title='bbox 2560 1797 2624 1855; x_wconf 87' lang='lat' dir='ltr'><strong>ln</strong></span> <span class='ocrx_word' id='word_1_48' title='bbox 2647 1796 2890 1857; x_wconf 79' lang='lat' dir='ltr'><strong>archivo</strong></span> <span class='ocrx_word' id='word_1_49' title='bbox 2914 1794 3368 1875; x_wconf 75' lang='lat' dir='ltr'><strong>carlsruhenst.)</strong></span> 
     </span>
    </p>
   </div>
   <div class='ocr_carea' id='block_1_5' title="bbox 904 1980 3740 3804">
    <p class='ocr_par' dir='ltr' id='par_1_5' title="bbox 904 1980 3740 3804">
     <span class='ocr_line' id='line_1_8' title="bbox 1002 1980 3734 2077; baseline -0.001 -22"><span class='ocrx_word' id='word_1_50' title='bbox 1002 1983 1337 2067; x_wconf 86' lang='lat' dir='ltr'><strong>Henricus</strong></span> <span class='ocrx_word' id='word_1_51' title='bbox 1362 1982 1725 2077; x_wconf 86' lang='lat' dir='ltr'><strong>septimus,</strong></span> <span class='ocrx_word' id='word_1_52' title='bbox 1760 1981 2003 2055; x_wconf 86' lang='lat' dir='ltr'><strong>divina</strong></span> <span class='ocrx_word' id='word_1_53' title='bbox 2034 1983 2311 2054; x_wconf 85' lang='lat' dir='ltr'><strong>favente</strong></span> <span class='ocrx_word' id='word_1_54' title='bbox 2330 1981 2500 2053; x_wconf 91' lang='lat' dir='ltr'><strong>clem</strong></span> <span class='ocrx_word' id='word_1_55' title='bbox 2509 1981 2692 2051; x_wconf 81' lang='lat' dir='ltr'><strong>entia</strong></span> <span class='ocrx_word' id='word_1_56' title='bbox 2716 1980 3178 2052; x_wconf 86' lang='lat' dir='ltr'><strong>Romanorum</strong></span> <span class='ocrx_word' id='word_1_57' title='bbox 3210 2001 3338 2052; x_wconf 82' lang='lat' dir='ltr'><strong>rex</strong></span> <span class='ocrx_word' id='word_1_58' title='bbox 3361 1991 3432 2053; x_wconf 91' lang='lat' dir='ltr'><strong>et</strong></span> <span class='ocrx_word' id='word_1_59' title='bbox 3463 2001 3734 2076; x_wconf 83' lang='lat' dir='ltr'><strong>semper</strong></span> 
     </span>
     <span class='ocr_line' id='line_1_9' title="bbox 907 2103 3728 2201; baseline -0.001 -22"><span class='ocrx_word' id='word_1_60' title='bbox 907 2112 1267 2200; x_wconf 84' lang='lat' dir='ltr'><strong>augustus.</strong></span> <span class='ocrx_word' id='word_1_61' title='bbox 1294 2103 1462 2177; x_wconf 93' lang='lat' dir='ltr'><strong>Cum</strong></span> <span class='ocrx_word' id='word_1_62' title='bbox 1487 2114 1768 2201; x_wconf 88' lang='lat' dir='ltr'><strong>propter</strong></span> <span class='ocrx_word' id='word_1_63' title='bbox 1786 2103 2211 2178; x_wconf 84' lang='lat' dir='ltr'><strong>defensionis</strong></span> <span class='ocrx_word' id='word_1_64' title='bbox 2235 2112 2304 2175; x_wconf 92' lang='lat' dir='ltr'><strong>et</strong></span> <span class='ocrx_word' id='word_1_65' title='bbox 2330 2103 2527 2200; x_wconf 84' lang='lat' dir='ltr'>pacis</span> <span class='ocrx_word' id='word_1_66' title='bbox 2554 2103 3109 2197; x_wconf 69' lang='lat' dir='ltr'><strong>tranquillitatem</strong></span> <span class='ocrx_word' id='word_1_67' title='bbox 3137 2103 3231 2176; x_wconf 91' lang='lat' dir='ltr'><strong>ad</strong></span> <span class='ocrx_word' id='word_1_68' title='bbox 3263 2123 3390 2176; x_wconf 92' lang='lat' dir='ltr'><strong>nos</strong></span> <span class='ocrx_word' id='word_1_69' title='bbox 3411 2111 3482 2176; x_wconf 89' lang='lat' dir='ltr'><strong>et</strong></span> <span class='ocrx_word' id='word_1_70' title='bbox 3506 2104 3728 2201; x_wconf 86' lang='lat' dir='ltr'><strong>impe-</strong></span> 
     </span>
     <span class='ocr_line' id='line_1_10' title="bbox 904 2226 3738 2323; baseline 0 -23"><span class='ocrx_word' id='word_1_71' title='bbox 904 2228 1080 2300; x_wconf 89' lang='lat' dir='ltr'><strong>rium</strong></span> <span class='ocrx_word' id='word_1_72' title='bbox 1115 2229 1598 2321; x_wconf 81' lang='lat' dir='ltr'><strong>subterfugere</strong></span> <span class='ocrx_word' id='word_1_73' title='bbox 1630 2228 2117 2302; x_wconf 83' lang='lat' dir='ltr'><strong>consueverint</strong></span> <span class='ocrx_word' id='word_1_74' title='bbox 2139 2227 2276 2300; x_wconf 88' lang='lat' dir='ltr'><strong>viri</strong></span> <span class='ocrx_word' id='word_1_75' title='bbox 2319 2227 2659 2320; x_wconf 82' lang='lat' dir='ltr'><strong>religiosi,</strong></span> <span class='ocrx_word' id='word_1_76' title='bbox 2706 2236 3019 2300; x_wconf 89' lang='lat' dir='ltr'><strong>tenemur</strong></span> <span class='ocrx_word' id='word_1_77' title='bbox 3061 2247 3302 2299; x_wconf 88' lang='lat' dir='ltr'><strong>eorum</strong></span> <span class='ocrx_word' id='word_1_78' title='bbox 3343 2226 3738 2323; x_wconf 92' lang='lat' dir='ltr'><strong>indempni-</strong></span> 
     </span>
     <span class='ocr_line' id='line_1_11' title="bbox 908 2348 3740 2448; baseline -0 -24"><span class='ocrx_word' id='word_1_79' title='bbox 908 2352 1159 2424; x_wconf 77' lang='lat' dir='ltr'><strong>tatibus</strong></span> <span class='ocrx_word' id='word_1_80' title='bbox 1199 2351 1574 2448; x_wconf 87' lang='lat' dir='ltr'><strong>providere</strong></span> <span class='ocrx_word' id='word_1_81' title='bbox 1590 2405 1611 2444; x_wconf 89' lang='lat'>‚</span> <span class='ocrx_word' id='word_1_82' title='bbox 1654 2373 1738 2425; x_wconf 90' lang='lat' dir='ltr'><strong>ac</strong></span> <span class='ocrx_word' id='word_1_83' title='bbox 1771 2372 2013 2426; x_wconf 90' lang='lat' dir='ltr'><strong>eorum</strong></span> <span class='ocrx_word' id='word_1_84' title='bbox 2043 2350 2227 2424; x_wconf 88' lang='lat' dir='ltr'><strong>bona</strong></span> <span class='ocrx_word' id='word_1_85' title='bbox 2258 2359 2328 2423; x_wconf 92' lang='lat' dir='ltr'><strong>et</strong></span> <span class='ocrx_word' id='word_1_86' title='bbox 2373 2350 2809 2423; x_wconf 84' lang='lat' dir='ltr'><strong>defensiones</strong></span> <span class='ocrx_word' id='word_1_87' title='bbox 2836 2348 3235 2424; x_wconf 90' lang='lat' dir='ltr'><strong>eorumdem</strong></span> <span class='ocrx_word' id='word_1_88' title='bbox 3279 2352 3530 2423; x_wconf 86' lang='lat' dir='ltr'><strong>nostris</strong></span> <span class='ocrx_word' id='word_1_89' title='bbox 3575 2352 3740 2423; x_wconf 89' lang='lat' dir='ltr'><strong>reti-</strong></span> 
     </span>
     <span class='ocr_line' id='line_1_12' title="bbox 908 2473 3734 2571; baseline -0 -24"><span class='ocrx_word' id='word_1_90' title='bbox 908 2484 1146 2549; x_wconf 79' lang='lat' dir='ltr'><strong>nentes</strong></span> <span class='ocrx_word' id='word_1_91' title='bbox 1178 2475 1424 2548; x_wconf 90' lang='lat' dir='ltr'><strong>usibus</strong></span> <span class='ocrx_word' id='word_1_92' title='bbox 1448 2476 1641 2571; x_wconf 84' lang='lat' dir='ltr'><strong>regio</strong></span> <span class='ocrx_word' id='word_1_93' title='bbox 1672 2476 1807 2548; x_wconf 91' lang='lat' dir='ltr'><strong>sub</strong></span> <span class='ocrx_word' id='word_1_94' title='bbox 1834 2474 2216 2570; x_wconf 90' lang='lat' dir='ltr'><strong>patrocinio</strong></span> <span class='ocrx_word' id='word_1_95' title='bbox 2241 2476 2635 2547; x_wconf 83' lang='lat' dir='ltr'><strong>confovere.</strong></span> <span class='ocrx_word' id='word_1_96' title='bbox 2666 2473 2996 2546; x_wconf 85' lang='lat' dir='ltr'><strong>Noverint</strong></span> <span class='ocrx_word' id='word_1_97' title='bbox 3029 2473 3239 2566; x_wconf 83' lang='lat' dir='ltr'><strong>igitur</strong></span> <span class='ocrx_word' id='word_1_98' title='bbox 3278 2482 3416 2543; x_wconf 89' lang='lat' dir='ltr'><strong>tam</strong></span> <span class='ocrx_word' id='word_1_99' title='bbox 3451 2496 3734 2568; x_wconf 86' lang='lat' dir='ltr'><strong>presens</strong></span> 
     </span>
     <span class='ocr_line' id='line_1_13' title="bbox 910 2596 3736 2695; baseline -0.001 -22"><span class='ocrx_word' id='word_1_100' title='bbox 910 2609 1051 2673; x_wconf 89' lang='lat' dir='ltr'><strong>etas</strong></span> <span class='ocrx_word' id='word_1_101' title='bbox 1071 2621 1283 2695; x_wconf 89' lang='lat' dir='ltr'><strong>quam</strong></span> <span class='ocrx_word' id='word_1_102' title='bbox 1319 2621 1726 2674; x_wconf 90' lang='lat' dir='ltr'><strong>successura</strong></span> <span class='ocrx_word' id='word_1_103' title='bbox 1749 2600 2110 2694; x_wconf 82' lang='lat' dir='ltr'><strong>posteritas</strong></span> <span class='ocrx_word' id='word_1_104' title='bbox 2133 2598 2324 2693; x_wconf 91' lang='lat' dir='ltr'><strong>quod</strong></span> <span class='ocrx_word' id='word_1_105' title='bbox 2357 2621 2517 2671; x_wconf 89' lang='lat' dir='ltr'><strong>eum</strong></span> <span class='ocrx_word' id='word_1_106' title='bbox 2546 2599 2918 2671; x_wconf 89' lang='lat' dir='ltr'><strong>claustrum</strong></span> <span class='ocrx_word' id='word_1_107' title='bbox 2944 2598 3033 2671; x_wconf 91' lang='lat' dir='ltr'><strong>de</strong></span> <span class='ocrx_word' id='word_1_108' title='bbox 3063 2596 3426 2685; x_wconf 76' lang='lat' dir='ltr'><strong>Otenheim</strong></span> <span class='ocrx_word' id='word_1_109' title='bbox 3450 2598 3736 2670; x_wconf 89' lang='lat' dir='ltr'><strong>serenis-</strong></span> 
     </span>
     <span class='ocr_line' id='line_1_14' title="bbox 907 2720 3735 2819; baseline -0.002 -24"><span class='ocrx_word' id='word_1_110' title='bbox 907 2722 1156 2795; x_wconf 88' lang='lat' dir='ltr'><strong>simum</strong></span> <span class='ocrx_word' id='word_1_111' title='bbox 1177 2722 1538 2795; x_wconf 88' lang='lat' dir='ltr'><strong>dominum</strong></span> <span class='ocrx_word' id='word_1_112' title='bbox 1565 2723 2050 2819; x_wconf 88' lang='lat' dir='ltr'><strong>imperatorem</strong></span> <span class='ocrx_word' id='word_1_113' title='bbox 2083 2733 2345 2817; x_wconf 82' lang='lat' dir='ltr'><strong>patrem</strong></span> <span class='ocrx_word' id='word_1_114' title='bbox 2376 2732 2688 2794; x_wconf 88' lang='lat' dir='ltr'><strong>nostrum</strong></span> <span class='ocrx_word' id='word_1_115' title='bbox 2713 2731 2782 2794; x_wconf 91' lang='lat' dir='ltr'><strong>et</strong></span> <span class='ocrx_word' id='word_1_116' title='bbox 2813 2742 2938 2794; x_wconf 91' lang='lat' dir='ltr'><strong>nos</strong></span> <span class='ocrx_word' id='word_1_117' title='bbox 2974 2721 3048 2792; x_wconf 90' lang='lat' dir='ltr'><strong>in</strong></span> <span class='ocrx_word' id='word_1_118' title='bbox 3088 2720 3420 2815; x_wconf 86' lang='lat' dir='ltr'><strong>speciales</strong></span> <span class='ocrx_word' id='word_1_119' title='bbox 3453 2720 3735 2813; x_wconf 83' lang='lat' dir='ltr'><strong>elegerit</strong></span> 
     </span>
     <span class='ocr_line' id='line_1_15' title="bbox 906 2828 3735 2941; baseline -0.001 -22"><span class='ocrx_word' id='word_1_120' title='bbox 906 2843 1285 2920; x_wconf 85' lang='lat' dir='ltr'><strong>advocatos</strong></span> <span class='ocrx_word' id='word_1_121' title='bbox 1332 2856 1417 2920; x_wconf 74' lang='lat' dir='ltr'><strong>et.</strong></span> <span class='ocrx_word' id='word_1_122' title='bbox 1454 2828 1848 2919; x_wconf 77' lang='lat' dir='ltr'><strong>defensores</strong></span> <span class='ocrx_word' id='word_1_123' title='bbox 1868 2904 1884 2932; x_wconf 92' lang='lat'>‚</span> <span class='ocrx_word' id='word_1_124' title='bbox 1943 2845 2128 2919; x_wconf 91' lang='lat' dir='ltr'><strong>idem</strong></span> <span class='ocrx_word' id='word_1_125' title='bbox 2191 2845 2514 2919; x_wconf 91' lang='lat' dir='ltr'><strong>dominus</strong></span> <span class='ocrx_word' id='word_1_126' title='bbox 2567 2846 2938 2941; x_wconf 88' lang='lat' dir='ltr'><strong>imperator</strong></span> <span class='ocrx_word' id='word_1_127' title='bbox 2984 2854 3055 2917; x_wconf 90' lang='lat' dir='ltr'><strong>et</strong></span> <span class='ocrx_word' id='word_1_128' title='bbox 3112 2864 3240 2917; x_wconf 92' lang='lat' dir='ltr'><strong>nos</strong></span> <span class='ocrx_word' id='word_1_129' title='bbox 3297 2844 3735 2939; x_wconf 88' lang='lat' dir='ltr'><strong>promisimus</strong></span> 
     </span>
     <span class='ocr_line' id='line_1_16' title="bbox 909 2967 3733 3065; baseline 0 -25"><span class='ocrx_word' id='word_1_130' title='bbox 909 2967 1171 3042; x_wconf 87' lang='lat' dir='ltr'><strong>eisdem</strong></span> <span class='ocrx_word' id='word_1_131' title='bbox 1225 2970 1508 3065; x_wconf 89' lang='lat' dir='ltr'><strong>prestita</strong></span> <span class='ocrx_word' id='word_1_132' title='bbox 1563 2967 1703 3043; x_wconf 90' lang='lat' dir='ltr'><strong>fide</strong></span> <span class='ocrx_word' id='word_1_133' title='bbox 1749 2978 1819 3042; x_wconf 92' lang='lat' dir='ltr'><strong>et</strong></span> <span class='ocrx_word' id='word_1_134' title='bbox 1875 2969 2089 3062; x_wconf 84' lang='lat' dir='ltr'><strong>regali</strong></span> <span class='ocrx_word' id='word_1_135' title='bbox 2126 2968 2482 3042; x_wconf 84' lang='lat' dir='ltr'><strong>sanctione</strong></span> <span class='ocrx_word' id='word_1_136' title='bbox 2533 2967 3093 3042; x_wconf 85' lang='lat' dir='ltr'><strong>confirmavimus</strong></span> <span class='ocrx_word' id='word_1_137' title='bbox 3133 2968 3329 3062; x_wconf 89' lang='lat' dir='ltr'><strong>quod</strong></span> <span class='ocrx_word' id='word_1_138' title='bbox 3375 2989 3733 3063; x_wconf 90' lang='lat' dir='ltr'><strong>nunquam</strong></span> 
     </span>
     <span class='ocr_line' id='line_1_17' title="bbox 907 3093 3735 3190; baseline -0.001 -25"><span class='ocrx_word' id='word_1_139' title='bbox 907 3093 1267 3167; x_wconf 88' lang='lat' dir='ltr'><strong>advocatia</strong></span> <span class='ocrx_word' id='word_1_140' title='bbox 1311 3093 1622 3190; x_wconf 84' lang='lat' dir='ltr'><strong>predicte</strong></span> <span class='ocrx_word' id='word_1_141' title='bbox 1661 3093 1949 3167; x_wconf 89' lang='lat' dir='ltr'><strong>ecclesie</strong></span> <span class='ocrx_word' id='word_1_142' title='bbox 1993 3114 2119 3166; x_wconf 92' lang='lat' dir='ltr'><strong>seu</strong></span> <span class='ocrx_word' id='word_1_143' title='bbox 2165 3094 2554 3188; x_wconf 88' lang='lat' dir='ltr'><strong>aliquorum</strong></span> <span class='ocrx_word' id='word_1_144' title='bbox 2601 3093 2936 3166; x_wconf 86' lang='lat' dir='ltr'><strong>bonorum</strong></span> <span class='ocrx_word' id='word_1_145' title='bbox 2985 3094 3137 3185; x_wconf 88' lang='lat' dir='ltr'><strong>ejus</strong></span> <span class='ocrx_word' id='word_1_146' title='bbox 3172 3114 3215 3164; x_wconf 91' lang='lat' dir='ltr'><strong>a</strong></span> <span class='ocrx_word' id='word_1_147' title='bbox 3246 3102 3472 3165; x_wconf 90' lang='lat' dir='ltr'><strong>nostra</strong></span> <span class='ocrx_word' id='word_1_148' title='bbox 3505 3104 3574 3165; x_wconf 91' lang='lat' dir='ltr'><strong>et</strong></span> <span class='ocrx_word' id='word_1_149' title='bbox 3605 3093 3735 3165; x_wconf 88' lang='lat' dir='ltr'><strong>im-</strong></span> 
     </span>
     <span class='ocr_line' id='line_1_18' title="bbox 907 3214 3736 3312; baseline 0 -24"><span class='ocrx_word' id='word_1_150' title='bbox 907 3215 1082 3309; x_wconf 91' lang='lat' dir='ltr'><strong>perii</strong></span> <span class='ocrx_word' id='word_1_151' title='bbox 1118 3224 1454 3311; x_wconf 80' lang='lat' dir='ltr'><strong>potestate</strong></span> <span class='ocrx_word' id='word_1_152' title='bbox 1493 3215 1916 3312; x_wconf 41' lang='lat' dir='ltr'><strong>‚ebdominio</strong></span> <span class='ocrx_word' id='word_1_153' title='bbox 1965 3217 2327 3290; x_wconf 86' lang='lat' dir='ltr'><strong>alienetur.</strong></span> <span class='ocrx_word' id='word_1_154' title='bbox 2360 3217 2584 3289; x_wconf 73' lang='lat' dir='ltr'><strong>Nunc</strong></span> <span class='ocrx_word' id='word_1_155' title='bbox 2613 3237 2780 3290; x_wconf 88' lang='lat' dir='ltr'><strong>vero</strong></span> <span class='ocrx_word' id='word_1_156' title='bbox 2812 3214 2903 3288; x_wconf 92' lang='lat' dir='ltr'><strong>de</strong></span> <span class='ocrx_word' id='word_1_157' title='bbox 2943 3214 3271 3302; x_wconf 90' lang='lat' dir='ltr'><strong>mandato</strong></span> <span class='ocrx_word' id='word_1_158' title='bbox 3316 3225 3385 3289; x_wconf 92' lang='lat' dir='ltr'><strong>et</strong></span> <span class='ocrx_word' id='word_1_159' title='bbox 3409 3217 3736 3312; x_wconf 90' lang='lat' dir='ltr'><strong>petitione</strong></span> 
     </span>
     <span class='ocr_line' id='line_1_19' title="bbox 910 3339 3738 3436; baseline 0 -25"><span class='ocrx_word' id='word_1_160' title='bbox 910 3340 1327 3413; x_wconf 86' lang='lat' dir='ltr'><strong>serenissimi</strong></span> <span class='ocrx_word' id='word_1_161' title='bbox 1352 3340 1615 3413; x_wconf 91' lang='lat' dir='ltr'><strong>domini</strong></span> <span class='ocrx_word' id='word_1_162' title='bbox 1634 3341 2088 3436; x_wconf 78' lang='lat' dir='ltr'><strong>imperatoriS‚</strong></span> <span class='ocrx_word' id='word_1_163' title='bbox 2119 3341 2437 3414; x_wconf 86' lang='lat' dir='ltr'><strong>eamdem</strong></span> <span class='ocrx_word' id='word_1_164' title='bbox 2461 3342 2562 3413; x_wconf 89' lang='lat' dir='ltr'><strong>eis</strong></span> <span class='ocrx_word' id='word_1_165' title='bbox 2587 3339 3107 3435; x_wconf 91' lang='lat' dir='ltr'><strong>promissionem</strong></span> <span class='ocrx_word' id='word_1_166' title='bbox 3135 3347 3206 3410; x_wconf 94' lang='lat' dir='ltr'><strong>et</strong></span> <span class='ocrx_word' id='word_1_167' title='bbox 3221 3339 3738 3412; x_wconf 90' lang='lat' dir='ltr'><strong>laudamentum</strong></span> 
     </span>
     <span class='ocr_line' id='line_1_20' title="bbox 911 3453 3736 3559; baseline 0 -27"><span class='ocrx_word' id='word_1_168' title='bbox 911 3462 1165 3536; x_wconf 85' lang='lat' dir='ltr'><strong>factum</strong></span> <span class='ocrx_word' id='word_1_169' title='bbox 1194 3463 1428 3537; x_wconf 83' lang='lat' dir='ltr'><strong>denuo</strong></span> <span class='ocrx_word' id='word_1_170' title='bbox 1462 3463 1801 3537; x_wconf 87' lang='lat' dir='ltr'><strong>duximus</strong></span> <span class='ocrx_word' id='word_1_171' title='bbox 1829 3463 2346 3554; x_wconf 82' lang='lat' dir='ltr'><strong>innovandum3</strong></span> <span class='ocrx_word' id='word_1_172' title='bbox 2386 3465 2856 3559; x_wconf 87' lang='lat' dir='ltr'><strong>promittentes</strong></span> <span class='ocrx_word' id='word_1_173' title='bbox 2881 3463 3106 3536; x_wconf 92' lang='lat' dir='ltr'><strong>eidem</strong></span> <span class='ocrx_word' id='word_1_174' title='bbox 3139 3453 3470 3555; x_wconf 84' lang='lat' dir='ltr'><strong>claustro,</strong></span> <span class='ocrx_word' id='word_1_175' title='bbox 3506 3462 3736 3535; x_wconf 87' lang='lat' dir='ltr'><strong>abbati</strong></span> 
     </span>
     <span class='ocr_line' id='line_1_21' title="bbox 913 3585 3737 3682; baseline 0 -25"><span class='ocrx_word' id='word_1_176' title='bbox 913 3603 1192 3677; x_wconf 79' lang='lat' dir='ltr'><strong>quoque</strong></span> <span class='ocrx_word' id='word_1_177' title='bbox 1211 3595 1280 3658; x_wconf 92' lang='lat' dir='ltr'><strong>et</strong></span> <span class='ocrx_word' id='word_1_178' title='bbox 1296 3587 1669 3660; x_wconf 86' lang='lat' dir='ltr'><strong>conventui</strong></span> <span class='ocrx_word' id='word_1_179' title='bbox 1700 3585 2014 3680; x_wconf 87' lang='lat' dir='ltr'><strong>ejusdem</strong></span> <span class='ocrx_word' id='word_1_180' title='bbox 2042 3595 2116 3658; x_wconf 86' lang='lat' dir='ltr'><strong>ut</strong></span> <span class='ocrx_word' id='word_1_181' title='bbox 2137 3640 2157 3678; x_wconf 91' lang='lat'><strong><em>‚</em></strong></span> <span class='ocrx_word' id='word_1_182' title='bbox 2194 3586 2781 3680; x_wconf 86' lang='lat' dir='ltr'><strong>quemadmodum</strong></span> <span class='ocrx_word' id='word_1_183' title='bbox 2809 3595 2913 3659; x_wconf 92' lang='lat' dir='ltr'><strong>est</strong></span> <span class='ocrx_word' id='word_1_184' title='bbox 2938 3586 3355 3682; x_wconf 87' lang='lat' dir='ltr'><strong>predictum,</strong></span> <span class='ocrx_word' id='word_1_185' title='bbox 3382 3607 3737 3679; x_wconf 86' lang='lat' dir='ltr'><strong>nunquam</strong></span> 
     </span>
     <span class='ocr_line' id='line_1_22' title="bbox 918 3705 3735 3804; baseline 0.002 -28"><span class='ocrx_word' id='word_1_186' title='bbox 918 3705 1142 3800; x_wconf 87' lang='lat' dir='ltr'><strong>ipsam</strong></span> <span class='ocrx_word' id='word_1_187' title='bbox 1184 3707 1610 3784; x_wconf 88' lang='lat' dir='ltr'><strong>advocatiam</strong></span> <span class='ocrx_word' id='word_1_188' title='bbox 1644 3711 1935 3783; x_wconf 88' lang='lat' dir='ltr'><strong>ecclesie</strong></span> <span class='ocrx_word' id='word_1_189' title='bbox 1982 3719 2353 3784; x_wconf 87' lang='lat' dir='ltr'><strong>memorate</strong></span> <span class='ocrx_word' id='word_1_190' title='bbox 2395 3711 2549 3782; x_wconf 87' lang='lat' dir='ltr'><strong>sive</strong></span> <span class='ocrx_word' id='word_1_191' title='bbox 2599 3711 2936 3782; x_wconf 90' lang='lat' dir='ltr'><strong>bonorum</strong></span> <span class='ocrx_word' id='word_1_192' title='bbox 2972 3709 3189 3804; x_wconf 88' lang='lat' dir='ltr'><strong>ipsius</strong></span> <span class='ocrx_word' id='word_1_193' title='bbox 3221 3718 3295 3780; x_wconf 92' lang='lat' dir='ltr'><strong>et</strong></span> <span class='ocrx_word' id='word_1_194' title='bbox 3327 3709 3735 3781; x_wconf 88' lang='lat' dir='ltr'><strong>nominatim</strong></span> 
     </span>
    </p>
   </div>
   <div class='ocr_carea' id='block_1_6' title="bbox 1550 3894 1747 3904">
    <p class='ocr_par' dir='ltr' id='par_1_6' title="bbox 1550 3894 1747 3904">
     <span class='ocr_line' id='line_1_23' title="bbox 1550 3894 1747 3904; baseline 0 1898"><span class='ocrx_word' id='word_1_195' title='bbox 1550 3894 1747 3904; x_wconf 95' lang='lat' dir='ltr'><strong> </strong></span> 
     </span>
    </p>
   </div>
   <div class='ocr_carea' id='block_1_7' title="bbox 1780 3889 2173 3903">
    <p class='ocr_par' dir='ltr' id='par_1_7' title="bbox 1780 3889 2173 3903">
     <span class='ocr_line' id='line_1_24' title="bbox 1780 3889 2173 3903; baseline 0 1899"><span class='ocrx_word' id='word_1_196' title='bbox 1780 3889 2173 3903; x_wconf 95' lang='lat' dir='ltr'><strong> </strong></span> 
     </span>
    </p>
   </div>
   <div class='ocr_carea' id='block_1_8' title="bbox 2797 3891 3734 3903">
    <p class='ocr_par' dir='ltr' id='par_1_8' title="bbox 2797 3891 3734 3903">
     <span class='ocr_line' id='line_1_25' title="bbox 2797 3891 3734 3903; baseline 0.002 -4"><span class='ocrx_word' id='word_1_197' title='bbox 2797 3893 2818 3899; x_wconf 79' lang='lat'>-</span> <span class='ocrx_word' id='word_1_198' title='bbox 2826 3892 2894 3899; x_wconf 64' lang='grc' dir='ltr'><strong>..η</strong></span> <span class='ocrx_word' id='word_1_199' title='bbox 2903 3891 3734 3903; x_wconf 46' lang='grc' dir='ltr'><strong>...ἡ-Ἥ*-</strong></span> 
     </span>
    </p>
   </div>
   <div class='ocr_carea' id='block_1_9' title="bbox 907 3985 3746 4645">
    <p class='ocr_par' dir='ltr' id='par_1_9' title="bbox 907 3985 3746 4645">
     <span class='ocr_line' id='line_1_26' title="bbox 908 3985 3736 4063; baseline 0.001 -20"><span class='ocrx_word' id='word_1_200' title='bbox 908 3986 1099 4061; x_wconf 88' lang='lat' dir='ltr'><strong>ripam.</strong></span> <span class='ocrx_word' id='word_1_201' title='bbox 1128 3987 1210 4046; x_wconf 84' lang='lat' dir='ltr'><strong>De</strong></span> <span class='ocrx_word' id='word_1_202' title='bbox 1239 3988 1343 4047; x_wconf 85' lang='lat' dir='ltr'><strong>ista</strong></span> <span class='ocrx_word' id='word_1_203' title='bbox 1365 3990 1526 4047; x_wconf 84' lang='lat' dir='ltr'><strong>simul</strong></span> <span class='ocrx_word' id='word_1_204' title='bbox 1559 3989 1844 4047; x_wconf 86' lang='lat' dir='ltr'><strong>donatione</strong></span> <span class='ocrx_word' id='word_1_205' title='bbox 1871 3994 1928 4047; x_wconf 92' lang='lat' dir='ltr'><strong>et</strong></span> <span class='ocrx_word' id='word_1_206' title='bbox 1951 3987 2287 4063; x_wconf 83' lang='lat' dir='ltr'><strong>expeditione</strong></span> <span class='ocrx_word' id='word_1_207' title='bbox 2318 3987 2453 4045; x_wconf 87' lang='lat' dir='ltr'><strong>haec</strong></span> <span class='ocrx_word' id='word_1_208' title='bbox 2486 3992 2752 4044; x_wconf 90' lang='lat' dir='ltr'><strong>memorat</strong></span> <span class='ocrx_word' id='word_1_209' title='bbox 2771 3985 3042 4045; x_wconf 88' lang='lat' dir='ltr'><strong>Conradus</strong></span> <span class='ocrx_word' id='word_1_210' title='bbox 3069 3987 3136 4046; x_wconf 91' lang='lat' dir='ltr'><strong>de</strong></span> <span class='ocrx_word' id='word_1_211' title='bbox 3158 3985 3389 4045; x_wconf 83' lang='lat' dir='ltr'><strong>Fabaria</strong></span> <span class='ocrx_word' id='word_1_212' title='bbox 3415 4003 3504 4063; x_wconf 89' lang='lat' dir='ltr'><strong>ap.</strong></span> <span class='ocrx_word' id='word_1_213' title='bbox 3533 3988 3736 4061; x_wconf 69' lang='lat' dir='ltr'><strong>Pssnrz,</strong></span> 
     </span>
     <span class='ocr_line' id='line_1_27' title="bbox 907 4082 3739 4168; baseline -0 -25"><span class='ocrx_word' id='word_1_214' title='bbox 907 4084 1145 4143; x_wconf 68' lang='lat' dir='ltr'><strong>Nonum.</strong></span> <span class='ocrx_word' id='word_1_215' title='bbox 1181 4083 1361 4141; x_wconf 65' lang='lat' dir='ltr'><strong>Gemi.</strong></span> <span class='ocrx_word' id='word_1_216' title='bbox 1399 4086 1586 4153; x_wconf 66' lang='lat' dir='ltr'><strong>Hist„</strong></span> <span class='ocrx_word' id='word_1_217' title='bbox 1624 4090 1666 4141; x_wconf 91' lang='lat' dir='ltr'><strong>t.</strong></span> <span class='ocrx_word' id='word_1_218' title='bbox 1695 4086 1775 4143; x_wconf 91' lang='lat'><strong>11.</strong></span> <span class='ocrx_word' id='word_1_219' title='bbox 1806 4102 1863 4160; x_wconf 91' lang='lat' dir='ltr'><strong>p.</strong></span> <span class='ocrx_word' id='word_1_220' title='bbox 1897 4088 2000 4168; x_wconf 81' lang='grc'><strong>489</strong></span> <span class='ocrx_word' id='word_1_221' title='bbox 2043 4102 2059 4140; x_wconf 77' lang='lat'><em>2</em></span> <span class='ocrx_word' id='word_1_222' title='bbox 2091 4104 2118 4138; x_wconf 72' lang='grc' dir='ltr'><strong>α</strong></span> <span class='ocrx_word' id='word_1_223' title='bbox 2152 4085 2390 4158; x_wconf 85' lang='lat' dir='ltr'><strong>Rogatus</strong></span> <span class='ocrx_word' id='word_1_224' title='bbox 2427 4084 2767 4142; x_wconf 80' lang='lat' dir='ltr'><strong>venerandus</strong></span> <span class='ocrx_word' id='word_1_225' title='bbox 2808 4082 2979 4140; x_wconf 87' lang='lat' dir='ltr'><strong>abbas</strong></span> <span class='ocrx_word' id='word_1_226' title='bbox 3024 4100 3057 4140; x_wconf 87' lang='lat' dir='ltr'><strong>a</strong></span> <span class='ocrx_word' id='word_1_227' title='bbox 3100 4099 3227 4158; x_wconf 87' lang='lat' dir='ltr'><strong>rege</strong></span> <span class='ocrx_word' id='word_1_228' title='bbox 3273 4092 3333 4142; x_wconf 92' lang='lat' dir='ltr'><strong>ut</strong></span> <span class='ocrx_word' id='word_1_229' title='bbox 3372 4086 3583 4142; x_wconf 80' lang='lat' dir='ltr'><strong>veniret</strong></span> <span class='ocrx_word' id='word_1_230' title='bbox 3616 4101 3739 4142; x_wconf 89' lang='lat' dir='ltr'><strong>cum</strong></span> 
     </span>
     <span class='ocr_line' id='line_1_28' title="bbox 911 4176 3742 4256; baseline 0.002 -21"><span class='ocrx_word' id='word_1_231' title='bbox 911 4176 1166 4237; x_wconf 86' lang='lat' dir='ltr'><strong>militibus</strong></span> <span class='ocrx_word' id='word_1_232' title='bbox 1199 4181 1268 4237; x_wconf 89' lang='lat' dir='ltr'><strong>ad</strong></span> <span class='ocrx_word' id='word_1_233' title='bbox 1291 4181 1575 4252; x_wconf 86' lang='lat' dir='ltr'><strong>Noricum,</strong></span> <span class='ocrx_word' id='word_1_234' title='bbox 1601 4198 1726 4239; x_wconf 90' lang='lat' dir='ltr'><strong>cum</strong></span> <span class='ocrx_word' id='word_1_235' title='bbox 1757 4197 2008 4255; x_wconf 82' lang='lat' dir='ltr'><strong>magnam</strong></span> <span class='ocrx_word' id='word_1_236' title='bbox 2035 4197 2219 4239; x_wconf 88' lang='lat' dir='ltr'><strong>secum</strong></span> <span class='ocrx_word' id='word_1_237' title='bbox 2245 4181 2555 4238; x_wconf 84' lang='lat' dir='ltr'><strong>adduxisset</strong></span> <span class='ocrx_word' id='word_1_238' title='bbox 2571 4180 2795 4237; x_wconf 89' lang='lat' dir='ltr'><strong>militum</strong></span> <span class='ocrx_word' id='word_1_239' title='bbox 2817 4182 3049 4256; x_wconf 91' lang='lat' dir='ltr'><strong>copiam,</strong></span> <span class='ocrx_word' id='word_1_240' title='bbox 3065 4182 3180 4254; x_wconf 86' lang='lat' dir='ltr'><strong>regi</strong></span> <span class='ocrx_word' id='word_1_241' title='bbox 3201 4188 3385 4255; x_wconf 86' lang='lat' dir='ltr'><strong>gratus</strong></span> <span class='ocrx_word' id='word_1_242' title='bbox 3412 4189 3466 4239; x_wconf 87' lang='lat' dir='ltr'><strong>et</strong></span> <span class='ocrx_word' id='word_1_243' title='bbox 3493 4188 3742 4256; x_wconf 87' lang='lat' dir='ltr'><strong>acceptus</strong></span> 
     </span>
     <span class='ocr_line' id='line_1_29' title="bbox 911 4276 3741 4354; baseline 0.003 -24"><span class='ocrx_word' id='word_1_244' title='bbox 911 4280 1118 4333; x_wconf 87' lang='lat' dir='ltr'><strong>curtem</strong></span> <span class='ocrx_word' id='word_1_245' title='bbox 1141 4276 1198 4333; x_wconf 90' lang='lat' dir='ltr'><strong>in</strong></span> <span class='ocrx_word' id='word_1_246' title='bbox 1223 4277 1517 4335; x_wconf 83' lang='lat' dir='ltr'><strong>Cressarim</strong></span> <span class='ocrx_word' id='word_1_247' title='bbox 1545 4278 1763 4353; x_wconf 87' lang='lat' dir='ltr'><strong>abipso</strong></span> <span class='ocrx_word' id='word_1_248' title='bbox 1806 4279 2010 4354; x_wconf 87' lang='lat' dir='ltr'><strong>recepit</strong></span> <span class='ocrx_word' id='word_1_249' title='bbox 2034 4278 2088 4335; x_wconf 93' lang='lat' dir='ltr'><strong>in</strong></span> <span class='ocrx_word' id='word_1_250' title='bbox 2115 4278 2496 4352; x_wconf 85' lang='lat' dir='ltr'><strong>proprietatem</strong></span> <span class='ocrx_word' id='word_1_251' title='bbox 2538 4279 2795 4338; x_wconf 89' lang='lat' dir='ltr'><strong>ecclesiae</strong></span> <span class='ocrx_word' id='word_1_252' title='bbox 2838 4279 3018 4337; x_wconf 89' lang='lat' dir='ltr'><strong>Sancti</strong></span> <span class='ocrx_word' id='word_1_253' title='bbox 3046 4278 3184 4337; x_wconf 87' lang='lat' dir='ltr'><strong>Galli</strong></span> <span class='ocrx_word' id='word_1_254' title='bbox 3220 4280 3570 4351; x_wconf 85' lang='lat' dir='ltr'><strong>servituram,</strong></span> <span class='ocrx_word' id='word_1_255' title='bbox 3617 4296 3741 4338; x_wconf 86' lang='lat' dir='ltr'><strong>cum</strong></span> 
     </span>
     <span class='ocr_line' id='line_1_30' title="bbox 914 4369 3741 4449; baseline 0.002 -22"><span class='ocrx_word' id='word_1_256' title='bbox 914 4369 1114 4430; x_wconf 80' lang='lat' dir='ltr'><strong>familia</strong></span> <span class='ocrx_word' id='word_1_257' title='bbox 1149 4374 1369 4448; x_wconf 88' lang='lat' dir='ltr'><strong>copiosa</strong></span> <span class='ocrx_word' id='word_1_258' title='bbox 1388 4417 1405 4447; x_wconf 90' lang='lat'><strong>,</strong></span> <span class='ocrx_word' id='word_1_259' title='bbox 1436 4390 1558 4433; x_wconf 91' lang='lat' dir='ltr'><strong>cum</strong></span> <span class='ocrx_word' id='word_1_260' title='bbox 1595 4376 1841 4449; x_wconf 86' lang='lat' dir='ltr'><strong>pascuis,</strong></span> <span class='ocrx_word' id='word_1_261' title='bbox 1869 4376 2041 4449; x_wconf 83' lang='lat' dir='ltr'><strong>agris,</strong></span> <span class='ocrx_word' id='word_1_262' title='bbox 2079 4375 2349 4433; x_wconf 88' lang='lat' dir='ltr'><strong>montibus</strong></span> <span class='ocrx_word' id='word_1_263' title='bbox 2384 4380 2443 4433; x_wconf 90' lang='lat' dir='ltr'><strong>et</strong></span> <span class='ocrx_word' id='word_1_264' title='bbox 2485 4375 2661 4448; x_wconf 87' lang='lat' dir='ltr'><strong>planis</strong></span> <span class='ocrx_word' id='word_1_265' title='bbox 2693 4391 2759 4434; x_wconf 90' lang='lat' dir='ltr'><strong>ac</strong></span> <span class='ocrx_word' id='word_1_266' title='bbox 2798 4377 3048 4435; x_wconf 88' lang='lat' dir='ltr'><strong>omnibus</strong></span> <span class='ocrx_word' id='word_1_267' title='bbox 3079 4376 3192 4434; x_wconf 88' lang='lat' dir='ltr'><strong>suis</strong></span> <span class='ocrx_word' id='word_1_268' title='bbox 3228 4377 3575 4449; x_wconf 86' lang='lat' dir='ltr'><strong>appendiciis.</strong></span> <span class='ocrx_word' id='word_1_269' title='bbox 3604 4396 3633 4430; x_wconf 71' lang='lat' dir='ltr'><strong>n</strong></span> <span class='ocrx_word' id='word_1_270' title='bbox 3662 4379 3741 4436; x_wconf 76' lang='lat' dir='ltr'><strong>cf.</strong></span> 
     </span>
     <span class='ocr_line' id='line_1_31' title="bbox 915 4466 3742 4547; baseline 0.004 -24"><span class='ocrx_word' id='word_1_271' title='bbox 915 4466 1137 4538; x_wconf 76' lang='lat' dir='ltr'><strong>ibidem,</strong></span> <span class='ocrx_word' id='word_1_272' title='bbox 1161 4487 1221 4544; x_wconf 92' lang='lat' dir='ltr'><strong>p.</strong></span> <span class='ocrx_word' id='word_1_273' title='bbox 1253 4473 1389 4540; x_wconf 85' lang='grc'><strong>482;</strong></span> <span class='ocrx_word' id='word_1_274' title='bbox 1425 4471 1521 4528; x_wconf 89' lang='lat' dir='ltr'><strong>ubi</strong></span> <span class='ocrx_word' id='word_1_275' title='bbox 1558 4472 1663 4532; x_wconf 83' lang='lat' dir='ltr'><strong>sub</strong></span> <span class='ocrx_word' id='word_1_276' title='bbox 1690 4478 1818 4531; x_wconf 83' lang='lat' dir='ltr'><strong>nota</strong></span> <span class='ocrx_word' id='word_1_277' title='bbox 1846 4476 1915 4530; x_wconf 83' lang='grc'><strong>43</strong></span> <span class='ocrx_word' id='word_1_278' title='bbox 1938 4472 2131 4531; x_wconf 85' lang='lat' dir='ltr'><strong>dicitur</strong></span> <span class='ocrx_word' id='word_1_279' title='bbox 2158 4472 2394 4545; x_wconf 84' lang='lat' dir='ltr'><strong>diploma</strong></span> <span class='ocrx_word' id='word_1_280' title='bbox 2420 4475 2490 4528; x_wconf 80' lang='grc'><strong>45</strong></span> <span class='ocrx_word' id='word_1_281' title='bbox 2520 4489 2643 4546; x_wconf 83' lang='lat' dir='ltr'><strong>aug.</strong></span> <span class='ocrx_word' id='word_1_282' title='bbox 2670 4475 2807 4531; x_wconf 87' lang='grc'><strong>4229</strong></span> <span class='ocrx_word' id='word_1_283' title='bbox 2835 4473 3085 4547; x_wconf 85' lang='lat' dir='ltr'><strong>Thengae</strong></span> <span class='ocrx_word' id='word_1_284' title='bbox 3106 4474 3160 4529; x_wconf 87' lang='lat' dir='ltr'><strong>in</strong></span> <span class='ocrx_word' id='word_1_285' title='bbox 3185 4473 3395 4544; x_wconf 86' lang='lat' dir='ltr'><strong>castris,</strong></span> <span class='ocrx_word' id='word_1_286' title='bbox 3419 4488 3454 4531; x_wconf 86' lang='lat' dir='ltr'><strong>a</strong></span> <span class='ocrx_word' id='word_1_287' title='bbox 3476 4473 3742 4533; x_wconf 82' lang='lat' dir='ltr'><strong>Friderioo</strong></span> 
     </span>
     <span class='ocr_line' id='line_1_32' title="bbox 914 4562 3746 4645; baseline 0.003 -25"><span class='ocrx_word' id='word_1_288' title='bbox 914 4562 1126 4637; x_wconf 81' lang='lat' dir='ltr'><strong>datum3</strong></span> <span class='ocrx_word' id='word_1_289' title='bbox 1169 4581 1393 4624; x_wconf 87' lang='lat' dir='ltr'><strong>erronee</strong></span> <span class='ocrx_word' id='word_1_290' title='bbox 1422 4572 1605 4625; x_wconf 86' lang='lat' dir='ltr'><strong>tamen</strong></span> <span class='ocrx_word' id='word_1_291' title='bbox 1621 4612 1635 4640; x_wconf 95' lang='lat'>,</span> <span class='ocrx_word' id='word_1_292' title='bbox 1665 4569 1793 4626; x_wconf 92' lang='lat' dir='ltr'><strong>dum</strong></span> <span class='ocrx_word' id='word_1_293' title='bbox 1822 4568 2124 4626; x_wconf 87' lang='lat' dir='ltr'><strong>Fridericus</strong></span> <span class='ocrx_word' id='word_1_294' title='bbox 2153 4567 2446 4642; x_wconf 87' lang='lat' dir='ltr'><strong>imperator</strong></span> <span class='ocrx_word' id='word_1_295' title='bbox 2480 4584 2620 4626; x_wconf 90' lang='lat' dir='ltr'><strong>anno</strong></span> <span class='ocrx_word' id='word_1_296' title='bbox 2657 4571 2795 4627; x_wconf 90' lang='grc'><strong>4229</strong></span> <span class='ocrx_word' id='word_1_297' title='bbox 2832 4569 2887 4625; x_wconf 93' lang='lat' dir='ltr'><strong>in</strong></span> <span class='ocrx_word' id='word_1_298' title='bbox 2922 4569 3232 4626; x_wconf 77' lang='lat' dir='ltr'><strong>Alemannia</strong></span> <span class='ocrx_word' id='word_1_299' title='bbox 3275 4570 3473 4626; x_wconf 89' lang='lat' dir='ltr'><strong>morari</strong></span> <span class='ocrx_word' id='word_1_300' title='bbox 3509 4587 3618 4628; x_wconf 91' lang='lat' dir='ltr'><strong>non</strong></span> <span class='ocrx_word' id='word_1_301' title='bbox 3644 4586 3746 4645; x_wconf 90' lang='lat' dir='ltr'><strong>po-</strong></span> 
     </span>
    </p>
   </div>
   <div class='ocr_carea' id='block_1_10' title="bbox 917 4662 3749 4833">
    <p class='ocr_par' dir='ltr' id='par_1_10' title="bbox 917 4662 3749 4833">
     <span class='ocr_line' id='line_1_33' title="bbox 917 4662 3749 4741; baseline 0.004 -25"><span class='ocrx_word' id='word_1_302' title='bbox 917 4662 1091 4719; x_wconf 84' lang='lat' dir='ltr'><strong>tuerit.</strong></span> <span class='ocrx_word' id='word_1_303' title='bbox 1126 4662 1249 4733; x_wconf 87' lang='lat' dir='ltr'><strong>Qua</strong></span> <span class='ocrx_word' id='word_1_304' title='bbox 1275 4679 1408 4723; x_wconf 77' lang='lat' dir='ltr'><strong>vero</strong></span> <span class='ocrx_word' id='word_1_305' title='bbox 1442 4679 1610 4722; x_wconf 85' lang='lat' dir='ltr'><strong>causa</strong></span> <span class='ocrx_word' id='word_1_306' title='bbox 1644 4681 1741 4723; x_wconf 87' lang='lat' dir='ltr'><strong>rex</strong></span> <span class='ocrx_word' id='word_1_307' title='bbox 1782 4666 2045 4726; x_wconf 72' lang='lat' dir='ltr'><strong>ilenricus</strong></span> <span class='ocrx_word' id='word_1_308' title='bbox 2081 4666 2227 4727; x_wconf 82' lang='lat' dir='ltr'><strong>circa</strong></span> <span class='ocrx_word' id='word_1_309' title='bbox 2249 4665 2424 4724; x_wconf 81' lang='lat' dir='ltr'><strong>Rheni</strong></span> <span class='ocrx_word' id='word_1_310' title='bbox 2462 4665 2752 4741; x_wconf 84' lang='lat' dir='ltr'><strong>superioris</strong></span> <span class='ocrx_word' id='word_1_311' title='bbox 2788 4672 2970 4741; x_wconf 88' lang='lat' dir='ltr'><strong>partes</strong></span> <span class='ocrx_word' id='word_1_312' title='bbox 3002 4681 3141 4724; x_wconf 88' lang='lat' dir='ltr'><strong>anno</strong></span> <span class='ocrx_word' id='word_1_313' title='bbox 3178 4669 3318 4728; x_wconf 84' lang='grc'><strong>4232</strong></span> <span class='ocrx_word' id='word_1_314' title='bbox 3354 4684 3477 4727; x_wconf 89' lang='lat' dir='ltr'><strong>cum</strong></span> <span class='ocrx_word' id='word_1_315' title='bbox 3514 4668 3749 4727; x_wconf 86' lang='lat' dir='ltr'><strong>exercitu</strong></span> 
     </span>
     <span class='ocr_line' id='line_1_34' title="bbox 921 4760 1815 4833; baseline 0.007 -19"><span class='ocrx_word' id='word_1_316' title='bbox 921 4771 1133 4819; x_wconf 80' lang='lat' dir='ltr'><strong>versare</strong></span> <span class='ocrx_word' id='word_1_317' title='bbox 1141 4765 1249 4833; x_wconf 81' lang='lat' dir='ltr'><strong>tur,</strong></span> <span class='ocrx_word' id='word_1_318' title='bbox 1279 4777 1388 4819; x_wconf 90' lang='lat' dir='ltr'><strong>non</strong></span> <span class='ocrx_word' id='word_1_319' title='bbox 1411 4760 1553 4819; x_wconf 87' lang='lat' dir='ltr'><strong>bene</strong></span> <span class='ocrx_word' id='word_1_320' title='bbox 1586 4768 1815 4822; x_wconf 84' lang='lat' dir='ltr'><strong>constat.</strong></span> 
     </span>
    </p>
   </div>
  </div>
 </body>
</html>
