4842 5802
1164 546 1288 610 682
2204 551 2550 613 mmmm
2600 552 2933 614 SEPTnss
3611 558 3772 635 [An.
3809 559 3981 622 1234.

1169 681 1329 763 sius
1366 706 1456 762 ac
1491 681 1787 790 imperii
1822 682 2111 766 honore
2164 683 2660 790 laboraverit3
2699 711 2910 767 nunc
2944 695 3196 768 autem
3218 747 3242 792 ,
3281 712 3525 796 quum
3580 687 3741 796 ipse
3774 700 3990 798 pater

1168 813 1561 897 malevolis
1608 817 1963 898 seductus
2009 816 2342 897 consiliis
2378 842 2561 926 erga
2615 842 2696 899 se
2749 818 3018 901 durius
3074 830 3287 927 agat,
3350 818 3571 902 illum
3623 833 3846 932 rogat
3900 835 3988 906 ut

1166 973 1323 1028 una
1376 973 1554 1030 cum
1616 949 1927 1030 caeteris
1981 948 2275 1056 imperii
2330 948 2800 1057 principibus
2854 950 3277 1058 supplicent
3330 951 3576 1034 eidem
3628 956 3838 1063 quod
3900 955 3978 1037 in

1163 1079 1378 1162 nullo
1413 1081 1782 1164 honorem
1822 1106 2049 1164 suum
2085 1080 2462 1163 diminuat
2496 1082 2614 1165 vel
2649 1082 3026 1165 immutet.

1322 1318 1512 1397 (Edit.
1554 1335 1651 1397 ap.
1696 1321 2050 1397 smmum,
2094 1320 2350 1381 Vindem.
2388 1318 2599 1395 litter„
2629 1329 2678 1383 t.
2718 1322 2779 1398 1,
2819 1340 2881 1401 p.
2927 1332 3232 1402 198·2oo,
3267 1341 3346 1385 ex
3383 1326 3585 1387 codice
3627 1327 3980 1405 Magunflno

1398 1428 1504 1503 qui
1531 1427 1765 1487 videtur
1803 1429 2056 1504 episcopi
2092 1428 2611 1489 Hildesbeimensts
2643 1427 2793 1490 llber
2825 1431 3066 1507 coplalls
3102 1430 3306 1492 fuisse.
3341 1431 3519 1493 Anno
3550 1441 3728 1507 1798,
3769 1436 3835 1494 ln
3869 1436 3977 1494 in-

1396 1532 1608 1592 cendio
1634 1533 1987 1595 cathedralis
2025 1534 2301 1595 ecclesiae
2339 1535 2723 1613 maguntinae
2737 1576 2757 1610 ,
2787 1535 2936 1598 dum
2960 1539 3173 1600 civitas
3209 1554 3249 1600 a
3281 1540 3551 1602 Borussls
3583 1539 3971 1618 obsideretur,

1395 1637 1613 1699 librum
1639 1656 1879 1717 quoque
1905 1641 2040 1719 igne
2065 1646 2480 1716 consumptum
2505 1640 2751 1720 ferunt.)

1246 1852 1644 1943 Heinricus,
1716 1853 1840 1925 Dei
1899 1854 2118 1947 gratia
2169 1855 2627 1927 Romanorum
2671 1876 2803 1930 rex
2843 1865 2913 1929 et
2968 1878 3236 1952 semper
3290 1865 3668 1950 augustus,
3722 1855 3970 1929 dilecto

1147 1976 1440 2071 principi
1467 1997 1597 2048 suo
1628 1976 1702 2048 C.
1747 1977 2122 2049 venerabili
2159 1977 2735 2052 Hildesheimensi
2768 1981 3095 2077 episcopo
3123 1982 3410 2076 gratiam
3438 2003 3636 2053 suam
3671 1991 3740 2053 et
3763 2002 3968 2053 omne

1146 2101 1432 2174 bonum.
1471 2102 1729 2173 Recolit
1761 2101 1961 2196 plene
1996 2102 2352 2176 sinceritas
2391 2113 2512 2175 tua
2539 2126 2669 2177 nec
2701 2127 2744 2177 a
2777 2107 3105 2179 memoria
3131 2105 3481 2179 credimus
3510 2126 3663 2177 esse
3694 2105 3964 2198 lapsum

1140 2225 1436 2317 qualiter
1484 2225 1964 2298 serenissimus
2023 2225 2344 2298 dominus
2395 2227 2765 2322 imperator
2799 2237 2994 2324 pater
3037 2238 3266 2302 noster
3311 2227 3404 2301 ad
3450 2227 3715 2323 apicem
3767 2226 3964 2321 regni

1139 2346 1542 2421 Alemannie
1578 2350 1647 2419 in
1678 2349 1968 2443 imperio
1999 2349 2066 2422 ei
2096 2350 2383 2423 feliciter
2413 2372 2856 2424 successuros
2891 2351 2982 2425 de
3013 2361 3293 2447 paterne
3335 2349 3721 2424 dilectionis
3756 2348 3966 2420 beni-

1136 2473 1437 2546 volentia
1464 2483 1534 2547 et
1569 2475 1959 2570 principum
1993 2476 2212 2568 gratia
2254 2496 2381 2548 nos
2427 2476 2801 2572 promovit.
2837 2477 3146 2571 Cumque
3198 2475 3390 2549 filiali
3427 2474 3845 2564 reverentia,
3884 2482 3963 2546 ut

1135 2604 1476 2688 tenemur,
1523 2597 2037 2671 intenderemus
2066 2599 2205 2672 huc
2242 2620 2469 2694 usque
2500 2598 2722 2695 ipsius
2752 2620 2875 2693 per
2908 2600 3141 2672 omnia
3167 2598 3619 2693 beneplacitis
3643 2605 3714 2670 et
3746 2617 3960 2668 man-

1139 2719 1358 2813 datis,
1401 2720 1793 2795 insistentes
1826 2723 2111 2795 sollicite
2150 2771 3955 2795 .......................

1142 2896 1734 2918 ........
1791 2845 2017 2920 cordis
2043 2845 2387 2920 desiderio
2423 2845 2845 2939 affectandO,
2902 2846 3132 2920 omnia
3184 2866 3323 2940 que
3367 2844 3654 2918 fecimus
3679 2843 3751 2915 in
3784 2841 3962 2917 Ale-

1134 2969 1414 3041 mannia
1450 2968 1662 3064 digna
1695 2971 1915 3042 relatu
1960 2980 2029 3043 et
2076 2971 2359 3043 consilio
2400 2970 2796 3066 principum
2830 2979 2899 3042 et
2937 2972 3311 3062 baronum,
3365 2967 3458 3040 ad
3505 2976 3953 3060 augmentum

1133 3093 1407 3187 imperii
1442 3093 1910 3189 disposuimus
1948 3102 2016 3167 et
2060 3093 2152 3167 ad
2185 3095 2738 3188 promovendum
2775 3094 3199 3167 serenissimi
3245 3092 3457 3187 patris
3501 3090 3715 3163 nostri
3752 3111 3956 3162 com-

1132 3216 1417 3289 modum
1447 3227 1515 3290 et
1543 3217 1900 3291 honorem.
1944 3216 2151 3289 Novit
2183 3216 2368 3290 enim
2399 3216 2767 3312 prudentia
2818 3226 2938 3292 tua
2972 3216 3320 3313 quomodo
3368 3214 3691 3288 dominus
3734 3235 3950 3309 papa,

1131 3350 1410 3436 sumpta
1444 3341 1841 3433 occasione,
1886 3341 2162 3414 volebat
2195 3341 2553 3415 dominum
2583 3364 2667 3415 ac
2692 3352 2956 3437 patrem
3002 3351 3310 3413 nostrum
3352 3361 3492 3411 non
3531 3338 3753 3410 solum
3783 3359 3955 3430 gra-

1130 3486 1335 3556 vare,
1372 3486 1614 3538 verum
1653 3466 1856 3538 etiam
1890 3464 1980 3537 ab
2018 3464 2390 3561 imperialis
2417 3466 2698 3538 honoris
2721 3465 3021 3538 culmine
3043 3463 3429 3558 deponere,
3484 3460 3575 3534 ad
3604 3459 3735 3532 hoc
3762 3460 3951 3532 omni

1133 3588 1412 3683 ingenio
1438 3596 1509 3661 et
1533 3588 1691 3661 totis
1718 3588 1988 3662 viribus
2022 3589 2393 3683 aspirando
2419 3614 2437 3672 ;
2478 3589 2588 3661 cui
2625 3610 2751 3663 nos
2780 3597 3094 3684 patenter
3122 3597 3191 3659 et
3226 3594 3532 3681 potenter
3572 3583 3952 3655 resistimus

1129 3721 1201 3786 et
1235 3729 1360 3787 nos
1390 3714 1838 3809 opposuimus
1859 3770 1877 3803 ,
1916 3713 2396 3788 submittentes
2426 3714 2735 3811 periculo
2767 3733 3124 3808 personam
3145 3764 3166 3803 ,
3211 3730 3324 3782 res
3348 3708 3606 3804 pariter
3638 3715 3707 3780 et
3734 3707 3949 3778 hono·

1129 3858 1301 3910 rem.
1333 3838 1420 3910 Et
1455 3861 1613 3911 cum
1653 3860 1862 3934 super
1896 3839 2140 3912 eodem
2174 3839 2447 3932 negotio
2486 3839 2811 3912 dominus
2846 3837 3003 3908 Otto
3030 3833 3400 3907 cardinalis
3435 3829 3797 3925 legationis
3830 3829 3949 3900 of-

1126 3961 1285 4036 ficio
1332 3964 1726 4058 specialiter
1781 3964 1855 4034 in
1906 3963 2211 4059 partibus
2255 3961 2661 4035 Alemannis
2721 3963 3157 4054 fungeretur,
3223 3956 3892 4050 archiepiscoporum
3920 4003 3940 4038 ,

1128 4088 1612 4184 episcoporum
1640 4096 1710 4160 et
1746 4087 2037 4158 aliorum
2064 4087 2473 4181 prelatorum
2507 4084 2846 4178 colloquia
2887 4104 3025 4178 que
3060 4081 3152 4156 ad
3187 4078 3697 4154 incommodum
3737 4074 3945 4169 patris

1126 4213 1338 4284 nostri
1377 4212 1564 4285 idem
1598 4209 1970 4283 cardinalis
2005 4210 2384 4300 indixerat,
2427 4231 2553 4304 pro
2576 4230 2777 4304 posse
2813 4216 2882 4280 et
2905 4227 3109 4279 nosse
3144 4206 3431 4277 fecimus
3461 4199 3778 4297 impediri
3804 4195 3938 4294 (l);

1129 4345 1404 4433 propter
1428 4334 1622 4431 quod
1650 4356 1790 4409 non
1824 4335 2048 4406 solum
2081 4332 2368 4429 predicti
2397 4334 2640 4427 legati,
2673 4353 2919 4408 verum
2948 4331 3155 4405 etiam
3181 4328 3443 4404 domini
3476 4346 3657 4422 pape
3682 4333 3751 4395 et
3786 4343 3944 4394 ear-

1202 4686 1277 4761 (⁴)
1312 4684 1392 4743 cf.
1422 4700 1588 4761 supra
1613 4685 1682 4743 ad
1700 4699 1826 4742 ann.
1850 4683 2011 4754 ⁴229,
2039 4685 2079 4738 t.
2098 4680 2188 4750 111,
2218 4696 2274 4754 p.
2298 4683 2426 4751 ⁴⁴5,
2454 4678 2602 4736 etad
2626 4692 2824 4735 annum
2854 4678 3015 4749 ⁴230,
3043 4674 3273 4746 Ibidem
3300 4692 3356 4749 p.
3385 4675 3509 4743 ⁴38,
3530 4672 3652 4730 ⁴39.
