4842 5802
1187 671 1305 735 702
2061 736 2072 745 ,
2222 675 2566 741 namuci
2610 675 2945 737 surum
3622 681 3781 760 [Am
3819 684 3990 746 1234

1345 805 1533 879 (Edit.
1565 821 1663 883 ap.
1706 804 1966 870 umnam.
1998 808 2148 870 Boia.
2168 814 2357 888 ,mm.
2387 810 2581 884 XXX,
2610 824 2755 888 pars
2782 818 2860 886 1⁸,
2894 826 2958 889 p.
2986 818 3128 885 22⁸,
3154 820 3224 872 n·
3251 818 3393 888 72⁸,
3421 828 3499 879 ex
3524 816 3796 895 originali
3816 822 4000 897 cujus

1229 992 1238 1003 .
1337 974 1396 1001 =··
1418 913 1675 991 sigillum
1700 913 1917 993 perlit.)

1284 1076 1359 1145 ln
1408 1072 1688 1145 nomine
1733 1082 1968 1145 sancte
2020 1082 2089 1143 et
2127 1071 2489 1146 individue
2530 1075 2904 1147 Trinitatis.
2950 1076 3077 1168 H„
3121 1078 3246 1149 Dei
3283 1079 3502 1172 gratia
3530 1080 3994 1158 Romanorum

1184 1220 1310 1271 rex
1338 1206 1406 1270 et
1431 1218 1702 1291 semper
1734 1206 2097 1289 augustus,
2125 1197 2446 1269 omnibus
2479 1198 2549 1269 in
2578 1208 3011 1294 perpetuum.
3048 1200 3301 1273 Notum
3319 1220 3473 1276 esse
3500 1206 3822 1280 volumus
3852 1217 3992 1282 tam

1184 1321 1618 1420 presentibus
1655 1341 1865 1413 quam
1903 1320 2148 1392 futuris
2177 1321 2369 1415 quod
2404 1340 2537 1393 nos
2571 1321 3012 1417 privilegium
3039 1331 3109 1395 et
3139 1323 3640 1399 ordinationem
3677 1330 3828 1405 sive
3854 1338 3991 1405 sta·

1190 1456 1416 1518 tutum
1450 1442 1932 1517 Embrichonis
1953 1443 2132 1516 bone
2167 1444 2496 1518 memorie
2524 1446 2878 1541 quondam
2898 1446 3409 1541 Herbipolensis
3443 1451 3775 1548 episcopi,
3804 1454 3995 1549 quod

1190 1570 1433 1643 datum
1470 1579 1619 1643 erat
1651 1568 1939 1641 ecclesie
1984 1569 2209 1640 Sancti
2262 1568 2594 1641 Iohannis
2628 1571 2698 1641 in
2738 1571 2983 1664 Houge
3031 1577 3100 1642 et
3148 1573 3495 1668 preposito
3542 1586 3613 1648 et
3647 1577 3996 1652 canonicis

1191 1692 1504 1785 ejusdem
1536 1692 1669 1763 loci
1689 1746 1706 1778 ‚
1749 1693 1883 1785 legi
1918 1692 2207 1763 fecimus
2235 1712 2467 1764 coram
2501 1694 2747 1782 nobis;
2790 1696 2993 1786 cujus
3022 1702 3217 1767 tenor
3240 1697 3396 1769 talis
3418 1709 3521 1770 est
3561 1726 3580 1772 ι

1291 1843 1326 1884 «
1369 1819 1445 1888 ln
1497 1814 1778 1888 nomine
1831 1824 2064 1888 sancte
2111 1826 2179 1887 et
2213 1815 2579 1889 individue
2610 1806 2978 1889 Trinitatis.
3019 1816 3390 1893 Embricho
3422 1821 3997 1916 wirziburgensis

1189 1942 1583 2036 episcopus,
1605 1941 1927 2012 omnibus
1949 1939 2191 2011 Christi
2214 1938 2536 2012 fidelibus
2557 1943 2870 2013 salutem.
2889 1941 3227 2014 Omnibus
3251 1954 3389 2016 tam
3418 1947 3754 2040 presentis
3785 1968 3994 2039 quam

1188 2069 1416 2138 future
1465 2065 1663 2137 etatis
1708 2063 2108 2136 hominibus
2164 2075 2401 2136 notum
2455 2086 2608 2136 esse
2659 2066 2988 2137 volumus
3042 2066 3335 2159 qualiter
3380 2068 3670 2162 quidam
3716 2071 3997 2161 Regen-

1188 2190 1447 2262 hardus
1477 2189 1567 2261 de
1590 2190 1806 2274 Ense,
1860 2186 2184 2259 videlicet
2224 2186 2608 2260 advocatus
2651 2188 2935 2259 fratrum
2966 2184 3057 2260 de
3091 2189 3341 2262 Sancto
3374 2190 3715 2279 Iohanne,
3754 2191 3826 2263 in
3850 2193 3997 2266 Ba-

1185 2316 1533 2407 dengowe
1558 2313 1741 2384 bona
1767 2333 2003 2383 eorum
2041 2311 2706 2405 Cvonengeshoven‚
2747 2311 3377 2406 Wolfgiseshusen,
3416 2314 3990 2409 Harischesheim,

1181 2436 1815 2511 Rodericbeshusen
1835 2488 1854 2524 ,
1895 2436 2282 2529 Hopferstat
2300 2488 2318 2519 ‚
2349 2434 2750 2528 Gnozestat5
2792 2436 3157 2527 Hoenstat,
3196 2439 3590 2531 Osenwert,
3630 2439 3999 2514 Accolues·

1183 2562 1437 2647 husen,
1476 2556 2043 2645 Eschlihesheim,
2076 2579 2201 2650 per
2234 2558 2574 2650 quasdam
2607 2558 2975 2631 insolentes
3004 2561 3414 2635 exacciones
3450 2572 3521 2633 et
3551 2563 3840 2635 subtiles
3873 2564 4001 2635 ad-

1183 2685 1614 2758 inventiones
1635 2702 1809 2776 quas
1829 2680 1979 2774 ipse
2000 2681 2292 2754 abusive
2309 2684 2620 2773 justicias
2645 2686 3042 2779 appellavit,
3066 2684 3243 2759 adeo
3272 2686 3706 2759 destruxerat
3733 2699 3800 2760 et
3835 2689 4001 2760 fun-

1188 2810 1371 2884 ditus
1407 2806 1950 2880 adnichilaverat
1995 2815 2075 2877 ut
2117 2808 2458 2899 prefatum
2505 2809 2871 2903 collegium
2912 2810 3284 2883 cottidiano
3327 2810 3670 2905 stipendio
3701 2832 3828 2884 suo
3863 2834 3999 2907 pe-

1188 2936 1375 3005 nitus
1410 2939 1709 3018 careret;
1742 2930 1947 3003 etiam
1988 2930 2080 3001 ita
2115 2931 2571 3004 exterioribus
2599 2931 2966 3006 destructis
3003 2942 3074 3005 et
3106 2932 3564 3006 adnichillatis
3600 2935 3672 3004 in
3714 2936 3999 3008 ecclesia

1185 3056 1368 3129 beati
1400 3053 1728 3128 Iohannis
1751 3051 2068 3124 divinum
2098 3054 2456 3124 servitium
2477 3076 2566 3125 ex
2587 3055 2818 3149 inopia
2851 3077 3079 3127 rerum
3119 3064 3188 3126 et
3220 3075 3664 3148 personarum
3705 3057 3845 3127 fere
3880 3077 4001 3150 per

1190 3179 1420 3253 omnia
1448 3199 1712 3250 cessare
1744 3187 2036 3272 ceperat.
2064 3176 2368 3248 Tandem
2404 3198 2571 3249 vero
2607 3178 2896 3271 predicti
2924 3179 3162 3250 fratres
3178 3198 3424 3271 graves
3438 3188 3506 3250 et
3531 3177 4002 3253 indeficientes

1189 3303 1660 3399 querimonias
1698 3300 1786 3373 de
1819 3301 2153 3372 advocato
2180 3319 2332 3388 suc,
2358 3298 2813 3391 Regenhardo
2838 3301 3188 3392 videlicet,
3219 3311 3289 3374 et
3312 3322 3539 3374 coram
3576 3302 3775 3374 nobis
3807 3312 3876 3375 et
3910 3301 4000 3376 ad

1195 3429 1502 3502 ultimum
1540 3447 1767 3499 coram
1808 3444 1973 3516 rege
2008 3423 2376 3495 Luothario
2402 3445 2686 3496 movere
2712 3434 3041 3518 ceperunt
3063 3436 3131 3497 et
3157 3447 3318 3500 eum
3344 3425 3761 3498 incessanter
3792 3426 3862 3498 in
3887 3430 4005 3520 jus

1193 3563 1260 3624 et
1294 3552 1361 3620 in
1399 3571 1675 3622 causam
1696 3567 1859 3619 suas
1879 3545 2165 3637 injurias
2199 3545 2706 3640 expostulando
2733 3557 3115 3621 traxerunt.
3145 3550 3297 3623 Rex
3330 3558 3561 3622 autem
3594 3551 4003 3626 Luotharius

1193 3679 1411 3748 Deum
1450 3685 1514 3744 et
1538 3671 1884 3764 justiciam
1921 3669 1990 3740 in
2025 3690 2233 3744 causa
2267 3671 2793 3766 fratrumsupra
2809 3673 3316 3746 nominatorum
3344 3663 3900 3747 animadvertens
3934 3684 4005 3748 et

1192 3800 1634 3894 amplectens,
1680 3795 1878 3867 nobis
1911 3796 2043 3866 sub
2082 3795 2362 3867 obtentu
2410 3795 2630 3888 gratie
2673 3816 2800 3874 sue
2851 3797 3155 3892 precepit
3188 3796 3381 3892 quod
3417 3798 3600 3872 bona
3645 3808 3715 3871 et
3765 3800 4006 3872 fratres

1194 3922 1423 3995 Sancti
1474 3920 1800 3992 lobannis
1831 3942 1873 3990 a
1905 3919 2211 4014 predicto
2242 3917 2613 4002 advocate,
2656 3919 2869 4000 immo
2901 3919 3324 4004 destructore
3350 3923 3642 4016 ‚penitus
3682 3923 4003 3998 absolve-

1192 4067 1448 4119 remus.
1490 4041 1689 4114 Unde
1725 4044 2063 4137 prefatum
2097 4042 2625 4135 Regenhardum
2651 4052 2908 4117 statuto
2944 4044 3093 4118 loco
3120 4055 3190 4118 et
3210 4045 3343 4132 ,die
3373 4057 3442 4118 et
3477 4046 3659 4118 datis
3680 4046 4005 4137 legitimis

1194 4168 1478 4241 indutiis
1504 4168 1634 4237 sub
1666 4166 1871 4237 tercio
1907 4166 2137 4238 edicto
2179 4167 2610 4239 vocavimus.
2654 4167 2791 4253 Qui
2837 4166 3006 4241 dum
3043 4170 3176 4241 sibi
3225 4169 3605 4263 periculum
3648 4167 4005 4240 imminere

1195 4292 1548 4389 cognovit,
1593 4290 1683 4363 ad
1713 4290 1986 4361 terciam
2020 4290 2454 4362 vocationem
2490 4291 2682 4364 senio
2715 4300 2783 4363 et
2818 4291 3212 4365 infirmitate
3237 4293 3591 4364 confectus
3617 4291 3839 4383 venit,
3879 4290 4005 4365 sed

1195 4422 1283 4492 de
1319 4416 1640 4490 omnibus
1675 4414 1806 4486 sibi
1838 4413 2122 4505 objectis
2157 4436 2232 4486 se
2272 4417 2664 4487 nullatenus
2699 4416 3067 4488 defendere
3105 4416 3358 4509 potuit,
3400 4416 3470 4486 in
3508 4425 3769 4486 tautum
3813 4414 4006 4509 quod

1193 4541 1551 4614 advocatia
1575 4559 1695 4633 per
1721 4549 1979 4609 ceteros
2006 4536 2520 4610 inbeneficiatos
2544 4548 2808 4611 nostros
2836 4539 2902 4611 ei
2932 4540 3002 4610 in
3030 4539 3304 4610 instanti
3326 4537 3706 4630 abjudicari
3731 4538 4002 4612 debuit.

1195 4664 1360 4734 Cum
1401 4683 1568 4733 vero
1605 4661 1961 4732 convictus
2009 4681 2084 4732 se
2142 4659 2609 4733 defensionem
2655 4662 2835 4754 juris
2885 4672 2952 4734 et
3000 4660 3504 4736 firmamentum
3541 4683 3749 4735 cause
3772 4662 4004 4758 perdi·

1194 4787 1381 4860 disse
1418 4785 1800 4879 conspexit,
1830 4784 1922 4855 ad
1954 4804 2189 4878 preces
2211 4794 2280 4856 et
2307 4786 2841 4880 supplicationes
2871 4806 2949 4858 se
2975 4786 3339 4878 convertit,
3375 4786 3723 4861 humiliter
3754 4806 4008 4879 rogans
