4842 5802
822 820 1039 896 1252

845 1141 1018 1218 juno.

795 1446 868 1489 au
875 1436 1068 1507 gusto.

796 1724 1067 1797 augusto.

832 2877 904 2930 111
927 2875 1077 2947 sept.

866 3361 1017 3432 sept.

874 3742 1023 3814 sept·

851 4502 1049 4589 [sept-1

1188 1133 1443 1195 Melflae.

1194 1419 1448 1481 Melflae.

1194 1707 1450 1770 Melflae.

1197 2186 1452 2248 Melssae.

1194 2862 1451 2926 Melflae.

1203 3348 1457 3410 Melflae.

1205 3729 1477 3809 Melssae.{,

1205 4116 1455 4180 Melflae.

1194 4507 1473 4586 Poggiae.

1598 695 1601 698 ι
1705 610 1958 670 INDEX
2006 608 2701 670 DOCUMENTORUM.
3496 605 3615 666 967

1646 939 1844 1000 firmat
1868 940 2240 1017 privilegium
2265 940 2545 999 Friderici
2578 939 2608 996 Ι
2635 940 2730 998 avi
2755 939 2847 998 sui
2875 939 3063 998 eidem
3090 937 3442 997 monasterio
3466 950 3622 996 anno

1656 1045 1831 1108 1165,
1858 1044 1929 1096 19
1949 1036 2320 1113 septembris,
2344 1051 2706 1095 concessum.
3509 1041 3622 1092 370

1568 1165 1650 1179 -
1686 1135 1983 1210 Volquino
2025 1135 2305 1210 magistro
2344 1132 2594 1192 fratrum
2629 1132 2871 1192 militiae
2899 1133 3114 1194 Christi
3139 1130 3451 1192 confirmat
3472 1136 3534 1190 et
3560 1130 3624 1188 in

1649 1246 1818 1289 suam
1858 1232 2277 1306 protectionem
2324 1231 2530 1306 recipit
2568 1231 2958 1304 possessiones
2981 1229 3203 1287 ordinis
3239 1229 3300 1286 in
3337 1223 3587 1287 Livonia
3600 1267 3620 1294 ‚

1648 1327 1916 1387 Lettonia
1933 1370 1951 1399 ,
1980 1326 2178 1395 Oesel.
2202 1326 2516 1403 Esthonia,
2541 1325 2861 1386 Kurlandia
2886 1332 2947 1385 01
2974 1324 3327 1402 Semigallia.
3511 1331 3624 1381 375

1570 1455 1651 1467 —·
1688 1422 2061 1483 Theodorum
2110 1422 2383 1484 abbatem
2431 1420 2777 1481 Lutrensem
2821 1423 2886 1480 in
2928 1422 3206 1480 comitatu
3253 1418 3626 1496 Burgundiae

1650 1520 2019 1596 capellanum
2047 1520 2215 1578 aulae
2243 1519 2558 1595 imperialis
2585 1517 2918 1592 denuntiat,
2948 1533 3200 1594 eumque
3225 1532 3363 1576 cum
3385 1514 3628 1574 ecclesia

1651 1615 1782 1688 ejus
1809 1613 1921 1671 sub
1946 1615 2307 1690 protectione
2332 1628 2442 1672 sua
2468 1612 2696 1688 recipit.
3511 1616 3625 1669 379

1571 1742 1653 1753 -
1693 1708 2017 1770 Confirmat
2057 1711 2404 1769 sententiam
2431 1725 2467 1768 a
2501 1708 2816 1768 Benedicto
2854 1709 3123 1785 episcopo
3150 1707 3498 1769 Massiliensi
3540 1708 3628 1766 la-

1652 1812 1774 1865 tam
1816 1822 1992 1881 super
2031 1808 2432 1867 controversia
2457 1808 2612 1865 inter
2636 1805 3056 1882 Raymundum
3079 1804 3492 1881 Berengerium
3525 1820 3629 1863 co-

1655 1906 1856 1963 mitem
1901 1904 2242 1963 Provinciae
2281 1909 2342 1963 et
2384 1903 2720 1964 Nicolinurn
2758 1901 3093 1979 Aycardum
3120 1900 3431 1977 syndicum
3456 1901 3632 1960 villae

1656 2001 2078 2059 vicecomitalis
2113 2000 2413 2060 Massiliae
2450 2001 2672 2077 agitata
2708 1999 2787 2058 de
2822 1997 3191 2058 cautionibus
3218 1997 3407 2057 eidem
3432 1996 3631 2056 comiti

1656 2097 2048 2173 praestandis.
3514 2101 3629 2153 380

1576 2227 1658 2241 --
1696 2194 1983 2271 Magistro
2038 2196 2294 2254 Henrico
2354 2193 2688 2254 Coloniensi
2740 2192 3076 2251 commodat
3123 2190 3631 2251 transcribendum

1657 2306 1834 2350 suum
1880 2291 2179 2368 exemplar
2214 2290 2743 2351 Abbreviationum
2769 2289 3106 2349 Avicennae
3142 2288 3226 2348 De
3259 2284 3629 2361 animlibm,

1655 2404 1693 2447 a
1719 2387 2006 2448 Michaele
2030 2387 2204 2447 Scoto
2228 2387 2603 2447 translatum.
3518 2393 3626 2444 381

1575 2516 1656 2528 —-
1696 2484 1997 2561 Magistris
2031 2486 2093 2542 in
2125 2483 2492 2560 philosophia
2526 2482 2872 2542 docentibus
2895 2481 3076 2541 libros
3102 2479 3387 2557 quosdam
3412 2495 3633 2539 sermo-

1653 2581 1841 2641 niales
1868 2586 1927 2640 et
1954 2580 2399 2640 mathematicos
2426 2579 2501 2639 ab
2529 2578 2840 2638 Aristotele
2862 2577 3111 2654 aliisque
3136 2576 3495 2653 philosophis
3522 2573 3634 2636 sub

1656 2677 1883 2754 graecis
1927 2683 1990 2736 et
2033 2676 2283 2737 arabicis
2324 2676 2629 2736 vocabulis
2663 2676 3019 2751 conscriptos
3035 2715 3055 2746 ,
3080 2689 3242 2733 nunc
3278 2674 3342 2732 18
3377 2671 3631 2732 latinum

1655 2774 1784 2848 ipso
1810 2778 2052 2833 curante
2078 2773 2429 2850 translatos,
2456 2772 2663 2831 mittit.
3519 2777 3632 2828 383

1579 2898 1656 2914 -
1695 2868 1944 2930 Mandat
1970 2870 2234 2943 Qualllae
2259 2868 2335 2929 de
2359 2869 2629 2930 Gorzano
2670 2872 2740 2926 ut
2770 2865 3002 2927 studeat
3029 2879 3373 2943 componere
3398 2864 3640 2926 dissen-

1657 2969 1878 3027 tionem
1905 2973 2094 3028 ortam
2121 2968 2276 3027 inter
2303 2967 2577 3027 comitem
2600 2965 2948 3025 Provinciae
2974 2970 3035 3023 et
3060 2964 3447 3024 Massilienses
3462 3007 3481 3042 ,
3507 2964 3642 3025 Bal-

1659 3078 1862 3122 censes
1906 3069 2280 3139 caeterosque
2297 3106 2315 3140 ,
2358 3078 2436 3122 ne
2482 3061 2639 3120 idem
2684 3077 2880 3121 comes
2925 3063 3151 3137 justam
3198 3062 3637 3121 excusationem

1658 3159 1875 3219 habeat
1919 3175 2041 3218 non
2090 3158 2364 3219 veniendi
2403 3174 2512 3234 pro
2555 3156 2892 3218 defensione
2930 3157 3266 3232 patrimonii
3311 3157 3467 3217 beati
3512 3157 3639 3217 Pe-

1657 3258 1759 3316 tri.
3520 3264 3635 3316 386

1579 3388 1661 3400 —
1700 3355 2129 3414 Monasterium
2157 3352 2529 3412 carbonense
2567 3355 2632 3411 in
2675 3352 2924 3412 dioecesi
2949 3351 3309 3429 Anglonensi
3333 3367 3469 3412 cum
3498 3369 3640 3412 om-

1660 3450 1839 3510 nibus
1876 3450 2049 3510 bonis
2091 3452 2224 3524 ejus
2265 3449 2376 3508 sub
2412 3465 2522 3509 sua
2568 3451 2929 3525 protectione
2973 3450 3178 3525 recipit
3193 3490 3211 3521 ,
3246 3450 3417 3525 eique
3458 3448 3642 3511 donat

1661 3549 2049 3605 tenimentum
2078 3544 2377 3619 quoddam
2421 3543 2499 3602 de
2537 3543 2811 3604 demanio
2855 3559 2964 3603 8110
3002 3544 3065 3602 18
3090 3543 3382 3604 Ρο1100110
3408 3560 3637 3605 necnon

1663 3646 2010 3717 potestatem
2038 3639 2294 3698 habendi
2322 3638 2500 3697 libere
2524 3639 2761 3698 barcam
2777 3654 2956 3698 unam
2973 3640 3037 3698 in
3052 3639 3296 3699 flumine
3314 3639 3475 3701 Acri.
3522 3650 3634 3701 381

1587 3770 1665 3783 -
1704 3739 1775 3797 18
1803 3737 2049 3797 00010818
2075 3735 2415 3795 Altamurae
2450 3751 2488 3795 a
2533 3751 2596 3794 se
2629 3737 2858 3795 noviter
2899 3734 3147 3796 fundata
3185 3737 3538 3798 Riccardum
3562 3738 3638 3799 de

1664 3833 2000 3895 Brundusio
2025 3832 2597 3909 archipresbyterum
2625 3831 2912 3910 instituit,
2938 3839 3000 3892 et
3031 3833 3296 3893 eamdem
3334 3834 3636 3895 ecclesiam

1665 3932 1742 3991 ab
1761 3933 1920 3991 omni
1942 3929 2351 4007 jurisdictione
2389 3929 2701 4005 episcopali
2727 3930 2967 4001 eximit3
2994 3930 3299 3991 collatione
3323 3931 3479 3991 archi
3482 3949 3635 4008 pros·

1631 4104 1637 4111 ,
1663 4027 1970 4104 byteratus
1998 4026 2108 4085 sibi
2137 4031 2197 4085 et
2222 4025 2656 4085 successoribus
2677 4028 2802 4086 suis
2826 4031 3144 4085 reservata.
3523 4036 3637 4089 389

1587 4152 1666 4167 -
1705 4121 1800 4181 Ad
1849 4121 2334 4197 supplicationem
2383 4119 2666 4196 Volquini
2709 4121 2975 4197 magistri
3022 4120 3263 4179 militiae
3311 4118 3527 4182 Christi
3578 4124 3642 4181 in

1664 4216 1943 4288 Livonia,
1976 4232 2112 4275 eum
2159 4221 2219 4274 et
2258 4214 2470 4274 fratres
2511 4218 2643 4291 ejus
2677 4231 2816 4275 cum
2845 4214 3119 4276 omnibus
3151 4214 3322 4276 bonis
3345 4232 3547 4277 eorum
3572 4219 3637 4277 in

1663 4313 1916 4374 Livonia
1930 4354 1951 4385 ‚
1980 4311 2175 4373 Lettia
2191 4353 2210 4383 ,
2245 4311 2431 4371 osilia
2468 4316 2530 4370 et
2553 4313 2723 4371 terris
2759 4311 2976 4372 ibidem
3001 4314 3323 4391 expressis,
3349 4312 3461 4373 sub
3486 4329 3635 4389 pro-

1661 4412 1919 4471 tectione
1944 4425 2054 4469 sua
2079 4414 2141 4468 et
2164 4409 2393 4484 imperii
2419 4409 2647 4484 recipit.
3520 4415 3636 4466 940

1588 4535 1666 4552 -
1704 4503 2102 4565 Januensibus
2145 4503 2347 4563 scribit
2388 4519 2453 4563 80
2496 4518 2699 4563 eorum
2744 4505 2986 4564 nuntios
3026 4503 3277 4582 benigne
3319 4504 3635 4579 recepisse,

1666 4602 2027 4678 offensisque
2052 4601 2378 4676 praeteritis
2403 4601 2689 4677 remissis,
2718 4601 3046 4662 Januenses
3078 4602 3184 4679 qui
3221 4599 3644 4661 custodieban-

1665 4700 1854 4758 turin
1884 4713 2066 4776 regno
2093 4713 2200 4758 suo
2227 4702 2287 4757 01
2310 4713 2402 4756 108
2429 4712 2633 4757 eorum
2659 4703 2860 4773 captas
2884 4697 3117 4759 liberari
3136 4699 3401 4777 jussisse.
3530 4707 3637 4760 391
