4842 5802
1079 520 1197 579 774
2073 516 2496 576 anmucl
2547 516 2889 577 saeuum
3510 520 3668 598 [Au.
3708 522 3880 583 1235.

1075 650 1495 742 statuendoS,
1523 649 1593 721 in
1613 648 2041 721 ordinatione
2073 658 2454 722 castrorum
2486 659 2554 723 et
2578 649 3454 745 officialium‚perceptione
3485 652 3888 728 reddituum

1078 784 1146 847 et
1203 774 1509 846 omnium
1568 772 1860 844 aliorum
1904 771 2162 863 jurium
2197 792 2336 865 que
2384 771 2457 843 in
2507 772 2659 868 ipso
2701 792 2917 867 regno
2960 771 3055 845 ad
3098 792 3330 867 regem
3374 773 3466 847 de
3509 777 3794 871 antiqua
3820 786 3889 849 et

1078 898 1353 970 obtenta
1393 894 1890 968 consuetudine
1920 903 2224 988 spectare
2253 904 2668 984 noscuntur,
2711 896 3077 986 obediant3
3135 917 3265 970 nec
3299 917 3438 969 non
3467 898 3600 993 ipsi
3636 920 3720 972 ac
3758 921 3888 973 no·

1078 1021 1255 1093 biles
1284 1020 1476 1114 regni
1510 1018 1822 1109 ejusdem
1854 1017 2317 1090 communiam
2348 1017 2763 1110 dissolvant,
2806 1039 3209 1114 campanam
3242 1019 3590 1114 deponant
3614 1032 3684 1096 et
3705 1044 3892 1097 amo-

1078 1154 1288 1216 veant
1321 1142 1636 1215 consules
1668 1150 1739 1213 et
1773 1141 2164 1235 capitaneos
2213 1139 2302 1213 ab
2339 1141 2443 1213 eis
2475 1151 2626 1236 post
2656 1150 2878 1215 ortam
2915 1141 3330 1215 discordiam
3372 1145 3760 1238 ordinatos,
3808 1167 3892 1219 ac

1082 1268 1301 1364 ipsius
1335 1266 1529 1360 regni
1565 1263 2042 1360 proprietatem
2085 1263 2177 1336 ad
2214 1263 2478 1336 dictum
2516 1264 2907 1338 Conradum
2948 1266 3289 1361 pertinere
3320 1266 3724 1341 diffiniendo
3762 1269 3890 1342 de·

1084 1391 1340 1477 crevit;
1380 1399 1449 1461 et
1478 1388 1578 1461 eis
1611 1410 1736 1460 sue
1764 1386 2155 1460 diffinitioni
2189 1407 2430 1482 parere
2467 1388 2895 1480 nolentibus,
2933 1389 3006 1461 in
3042 1389 3389 1463 civitatem
3427 1389 3893 1464 Acconensem

1088 1512 1428 1586 interdicti
1455 1522 1524 1583 et
1551 1512 1621 1582 in
1660 1510 1981 1607 syndicos
2004 1510 2265 1582 civium
2297 1521 2366 1583 et
2403 1510 2738 1583 nobilium
2767 1521 2837 1584 et
2870 1513 3206 1606 maj0rum
3230 1514 3593 1585 consulum
3625 1513 3897 1587 univer-

1088 1636 1309 1710 sitatis
1360 1634 1776 1708 Acconensis
1816 1654 1901 1706 ac
1938 1654 2178 1706 eorum
2222 1635 2525 1706 fautores
2570 1643 2639 1706 et
2691 1635 3115 1708 consiliarios
3168 1637 3898 1711 excommunicationis

1091 1759 1460 1833 sententias
1496 1757 1983 1854 promulgavit.
2028 1755 2233 1841 Quod
2267 1777 2426 1828 cum
2463 1755 2554 1828 ad
2583 1765 2889 1830 nostram
2919 1756 3228 1831 notitiam
3260 1761 3715 1854 pervenisset,
3771 1779 3898 1832 nos

1088 1882 1515 1955 attendentes
1564 1881 1753 1975 quod
1791 1901 1948 1951 cum
1989 1877 2160 1950 inibi
2198 1878 2628 1952 diversorum
2672 1880 2927 1952 rituum
2974 1880 3388 1954 habitatores
3416 1882 3754 1974 existant,
3808 1881 3899 1954 de

1091 2005 1272 2079 facili
1311 2016 1488 2077 terre
1515 2004 1698 2075 illius
1732 2004 2043 2076 homines
2070 2002 2161 2074 ab
2189 2002 2496 2076 Ecclesie
2518 2002 2822 2076 Romane
2849 2003 2985 2075 ritu
3013 2003 3334 2077 recedent
3364 2013 3432 2077 et
3470 2026 3593 2100 per
3619 2004 3755 2078 hoc
3788 2004 3896 2075 in-

1094 2128 1457 2202 ficerentur
1486 2128 1785 2200 heretica
1811 2127 2147 2225 pravitate
2165 2181 2184 2219 ,
2227 2148 2311 2200 ac
2335 2126 2428 2200 ob
2455 2126 2529 2199 id
2557 2129 2759 2201 Terre
2791 2130 3038 2202 Sancte
3062 2149 3188 2223 pro
3205 2150 3344 2223 qua
3373 2131 3745 2202 multorum
3777 2100 3900 2201 ca-

1099 2254 1501 2326 tholicorum
1549 2251 1889 2344 sanguine
1938 2252 2143 2347 suso„
2184 2250 2488 2323 Ecclesia
2525 2252 2652 2323 Dei
2698 2252 3230 2325 innumerabiles
3281 2253 3507 2325 ferens
3546 2253 3902 2347 angustias

1100 2378 1366 2450 labores
1398 2376 1649 2448 nimios
1679 2376 1896 2448 subiit
1938 2398 2020 2448 ac
2055 2371 2431 2470 expensas,
2484 2376 2726 2469 gravia
2761 2376 3059 2472 pericula
3109 2376 3579 2468 imminerent,
3632 2387 3904 2473 recepta

1102 2502 1192 2573 ab
1226 2501 1393 2596 ipsis
1425 2498 1944 2573 Acconensibus
1980 2501 2299 2573 cautione
2343 2499 2538 2596 quod
2584 2501 2834 2574 nostris
2887 2499 3182 2573 debeant
3241 2523 3481 2594 parere
3526 2500 3900 2591 mandatis,

1104 2625 1442 2719 prefatum
1490 2624 1859 2696 dumtaxat
1900 2624 2367 2697 relaxavimus
2421 2623 2895 2713 interdictum,
2952 2644 3043 2696 ne
3093 2624 3218 2696 tibi
3270 2633 3339 2697 et
3370 2624 3556 2697 dicto
3597 2634 3756 2698 nato
3788 2635 3907 2697 tuo

1107 2748 1435 2822 damnum
1463 2746 1554 2818 de
1586 2767 1800 2838 regno
1821 2746 2132 2841 predicto
2156 2746 2426 2820 modica
2456 2744 2626 2819 hora
2653 2745 3102 2840 contingeret,
3129 2746 3324 2840 quod
3350 2745 3477 2817 vix
3504 2745 3690 2840 longi
3718 2747 3910 2819 labor

1108 2869 1433 2964 temporis
1476 2875 1907 2940 restauraret.
1947 2867 2204 2942 Verum
2248 2867 2496 2942 dilecto
2539 2867 2683 2941 filio
2733 2868 3058 2962 magistro
3107 2869 3301 2941 Petro
3342 2867 3433 2941 de
3485 2868 3721 2941 Vineis
3762 2869 3911 2964 (sic)

1099 2990 1338 3083 judice
1392 3013 1474 3063 ac
1527 2991 1765 3061 nuntio
1817 3000 1937 3062 tuo
1988 2990 2080 3064 ad
2126 3003 2425 3065 nostram
2464 2991 2873 3087 presentiam
2927 2990 3364 3086 postmodum
3412 2991 3804 3083 accedente,
3846 3002 3913 3063 et

1109 3119 1246 3182 tam
1283 3108 1536 3181 dilecto
1573 3108 1796 3181 filio...
1836 3111 2049 3182 electo
2080 3111 2412 3201 Pactensi,
2454 3111 2644 3206 apud
2680 3131 2804 3182 nos
2837 3130 2975 3182 non
3016 3110 3165 3182 sine
3208 3111 3421 3181 multa
3448 3110 3913 3183 sollicitudine

1108 3254 1234 3328 pro
1269 3232 1408 3302 tuis
1434 3231 1786 3303 insistente
1820 3233 2144 3325 negotiis,
2181 3256 2389 3326 quam
2430 3233 2671 3306 eodem
2712 3233 2955 3306 nuntio
2989 3255 3029 3305 a
3060 3232 3259 3306 nobis
3291 3223 3384 3306 ex
3418 3243 3609 3330 parte
3647 3243 3767 3307 tua
3795 3256 3915 3331 pe-

1107 3357 1406 3429 tentibus
1461 3377 1857 3451 processum
1914 3357 2201 3451 predicti
2253 3357 2747 3452 archiepiscopi
2794 3356 3217 3449 confirmari,
3275 3358 3495 3430 nuntii
3549 3368 3620 3431 et
3669 3381 3916 3453 procu-

1107 3489 1361 3553 ratores
1437 3479 1775 3568 dictornm
1852 3481 2357 3554 Acconensium
2415 3480 3008 3575 compromittendi
3063 3482 3133 3552 in
3189 3503 3315 3556 nos
3364 3483 3694 3556 habentes
3760 3484 3918 3578 ple-

1108 3605 1372 3677 nariam
1437 3613 1878 3699 potestatem,
1940 3604 2351 3678 ordinationi
2404 3614 2475 3675 et
2530 3604 2961 3699 dispositioni
3014 3614 3240 3677 nostre
3296 3628 3506 3700 super
3565 3606 3918 3700 premissis

1109 3728 1411 3800 articulis
1449 3728 1869 3800 committere
1904 3749 1980 3800 se
2018 3729 2340 3800 volebant
2385 3724 2515 3825 (⁴).
2573 3727 2710 3801 Sed
2741 3728 2904 3822 quia
2954 3727 3184 3800 dictus
3229 3728 3552 3822 magister
3593 3750 3686 3802 ex
3727 3738 3919 3824 parte

1113 3863 1228 3924 tua
1280 3851 1409 3924 hoc
1465 3852 1692 3948 ipsum
1745 3852 2147 3948 acceptandi
2199 3852 2598 3925 mandatum
2640 3862 2719 3924 ut
2759 3853 3050 3926 asseruit
3094 3873 3231 3925 non
3279 3851 3611 3941 habebat,
3662 3852 3753 3925 ad
3797 3853 3919 3924 de·

1182 4130 1252 4204 (t)
1289 4130 1370 4187 ef.
1400 4130 1574 4187 Bm.
1601 4128 1883 4186 Tamen.
1910 4128 2026 4186 sive
2060 4128 2372 4186 Continuat.
2406 4128 2580 4186 Guill.
2610 4129 2883 4202 Zyrmis,
2913 4144 3004 4203 ap.
3034 4129 3265 4200 szor,
3294 4128 3503 4185 Collect.
3528 4126 3618 4182 des
3639 4124 3917 4194 Memoir„

1113 4232 1154 4286 t.
1188 4229 1353 4294 XIX,
1381 4245 1436 4300 p.
1471 4227 1573 4283 484
1603 4230 1659 4283 et
1678 4240 1856 4298 seqq.,
1884 4224 1978 4282 ubi
2010 4225 2148 4281 duae
2173 4226 2562 4283 Acconensium
2602 4224 2890 4299 legationes
2925 4226 2995 4283 ad
3030 4241 3252 4300 papam,
3293 4224 3496 4281 scilicet
3528 4223 3596 4279 de
3623 4237 3758 4297 pace
3797 4237 3920 4279 cum

1111 4328 1430 4398 imperatore
1469 4322 1746 4379 tractanda
1784 4328 2185 4378 memorantur:
2222 4338 2327 4379 una
2370 4322 2458 4378 cui
2499 4330 2786 4397 praeerant
2818 4324 3096 4397 Philippus
3136 4323 3205 4380 de
3243 4321 3428 4379 Trecis
3459 4327 3515 4377 et
3553 4319 3814 4376 Henricus
3853 4320 3920 4376 de

1110 4422 1371 4480 Nazareth
1395 4422 1461 4478 ad
1491 4437 1611 4477 ann.
1643 4423 1783 4478 ⁴236
1810 4421 2077 4477 ineuntem
2106 4420 2410 4494 reponenda
2425 4462 2439 4489 ,
2465 4420 2628 4476 altera
2645 4437 2809 4494 quam
2831 4437 2900 4478 ex
2928 4426 3082 4495 parte
3107 4434 3318 4493 quoque
3341 4418 3482 4491 regis
3499 4417 3662 4492 Cypri
3684 4418 3924 4491 suscepit

1112 4520 1265 4577 miles
1287 4520 1462 4576 dictus
1485 4517 1755 4575 Galfridus
1775 4519 1972 4585 Letort,
1993 4519 2085 4592 qui
2107 4520 2331 4575 Jauuam
2353 4524 2408 4575 et
2435 4525 2622 4590 postea
2643 4518 2946 4578 viterbium
2968 4518 3188 4576 veniens
3205 4518 3347 4575 circa
3372 4516 3585 4573 initium
3611 4514 3740 4574 anni
3760 4517 3917 4585 ⁴237,

1111 4617 1258 4690 pacis
1284 4615 1651 4674 rescissionem
1678 4631 1712 4674 a
1740 4631 1881 4691 papa
1903 4616 2198 4674 obtinuisse
2225 4615 2435 4674 dicitur.
