4842 5802
1233 589 1355 649 570
2280 594 2623 655 HENRICI
2674 596 3011 657 SEPTml
3680 598 3839 675 [Ami.
3877 599 4055 660 1232.

1226 723 1821 818 jurisdictionibus
1856 745 2097 796 eorum
2128 729 2244 799 vel
2280 729 2483 801 bonis
2513 750 2752 802 eorum
2784 731 3194 803 immeritam
3230 730 3483 802 inferre
3521 730 3899 804 molestiam
3938 743 4059 805 aut

1231 847 1669 941 aliquatenus
1704 868 2107 941 presumere
2143 850 2392 925 debeat
2423 852 2730 925 indebite
2762 854 3188 948 perturbare.
3228 855 3483 927 Verum
3510 854 3933 949 quicumque
3964 855 4058 928 ad

1233 969 1633 1063 hujusmodi
1670 972 2240 1061 gubernationem
2274 985 2344 1047 et
2377 976 2965 1049 conservationem
2997 976 3391 1071 supradicte
3435 977 3772 1050 libertatis
3801 999 4056 1074 supra-

1233 1093 1420 1167 dicto
1455 1096 1869 1169 monasterio
1903 1117 2225 1169 concesse
2260 1099 2524 1171 inutilis
2554 1110 2676 1171 aut
2709 1099 3089 1193 flagitiosus
3136 1099 3478 1189 extiterit,
3538 1120 3624 1173 eo
3673 1100 3824 1195 ipso
3868 1099 4054 1173 idem

1227 1219 1446 1291 abbas
1476 1228 1547 1292 et
1573 1229 1951 1293 conventus
1974 1222 2258 1293 liberam
2286 1222 2544 1297 debent
2565 1224 2820 1297 babere
2843 1232 3246 1319 potestatem
3279 1225 3495 1297 alium
3531 1223 3624 1298 ad
3654 1224 4053 1317 hujusmodi

1228 1342 1681 1415 ministerium
1725 1344 2043 1438 eligendi.
2094 1347 2341 1419 Pecora
2389 1348 2595 1420 etiam
2639 1369 2877 1420 eorum
2922 1347 3178 1421 debent
3227 1347 3619 1442 specialiter
3657 1347 3733 1418 in
3774 1368 4054 1421 nemore

1226 1474 1458 1537 nostro
1493 1465 1682 1559 apud
1710 1468 1953 1538 curtim
1982 1467 2330 1541 Lederstat
2360 1480 2431 1541 et
2463 1470 2668 1542 etiam
2706 1471 2780 1541 in
2809 1471 2964 1544 aliis
2993 1471 3316 1545 omnibus
3351 1471 3608 1565 pratis,
3664 1471 3942 1566 pascuis
3983 1482 4053 1543 et

1228 1589 1626 1661 nemoribus
1653 1590 1975 1662 civilibus
2003 1600 2071 1663 et
2104 1593 2445 1686 legalibus
2477 1591 2580 1691 (a)
2613 1593 2898 1667 liberam
2942 1594 3200 1668 habere
3225 1603 3627 1689 potestatem
3669 1593 4044 1686 evagandi.

1224 1713 1395 1784 Cum
1431 1714 1642 1807 igitur
1669 1712 2080 1809 supradictis
2121 1715 2351 1788 abbati
2396 1726 2465 1789 et
2505 1718 2878 1790 conventui
2925 1718 3055 1791 hec
3102 1718 3347 1792 eadem
3384 1718 3591 1811 longe
3625 1740 3665 1790 a
3702 1718 4052 1791 retroactis

1226 1837 1646 1931 temporibus
1672 1860 1715 1910 a
1736 1838 2335 1933 predecessoribus
2362 1841 2610 1913 nostris
2627 1841 2765 1912 sint
2799 1862 3121 1914 00an
3142 1894 3163 1933 ,
3204 1863 3331 1914 nos
3344 1840 3629 1913 culmini
3653 1849 3880 1913 nostre
3902 1861 4048 1912 ma-

1226 1959 1622 2055 gnificentie
1649 1961 1721 2033 in
1748 1962 1878 2033 bac
1908 1972 2098 2056 parte
2124 1972 2547 2057 satagenteS‚
2596 1963 3030 2059 supradictas
3055 1965 3549 2062 ‘concessiones
3587 1964 3848 2036 eisdem
3883 1984 4050 2036 con-

1228 2106 1457 2157 cessas
1484 2085 1573 2157 de
1600 2085 2005 2158 liberalitate
2035 2095 2265 2159 nostre
2296 2087 2669 2178 majestatis
2697 2088 3155 2183 approbantes
3174 2095 3507 2184 perpetuo
3531 2084 4041 2158 confirmamus.

1225 2208 1408 2280 Nulli
1437 2230 1601 2301 ergo
1644 2209 1926 2281 omnino
1969 2210 2324 2282 bominum
2359 2210 2562 2283 liceat
2595 2210 2777 2283 hanc
2818 2211 3136 2307 paginam
3173 2220 3398 2285 nostre
3432 2210 3943 2306 approbationis
3978 2220 4048 2281 et

1225 2330 1755 2404 confirmationis
1814 2332 2182 2428 infringere
2228 2334 2340 2408 vel
2398 2333 2464 2405 ei
2520 2355 2698 2407 ausu
2761 2336 3124 2408 temerario
3174 2334 3534 2408 contraire.
3584 2332 3656 2405 Si
3705 2334 3863 2427 quis
3912 2354 4047 2404 au-

1220 2465 1392 2546 tem,
1432 2465 1566 2528 etc.
1608 2455 1787 2552 (sic).

1316 2581 1565 2651 Datum
1592 2578 1781 2676 apud
1820 2578 2184 2670 Werdam‚
2228 2579 2325 2650 lX
2357 2578 2690 2653 kalendas
2709 2580 2891 2672 junii
2911 2635 2930 2670 ‚
2970 2579 3348 2654 indictione
3371 2581 3454 2654 V.

1328 3098 1734 3206 HenricuS,
1792 3096 2316 3180 Romanorum
2370 3124 2543 3206 rex,
2603 3098 2914 3181 nomine
2979 3121 3119 3180 suo
3172 3105 3481 3180 renovat
3535 3094 4043 3179 confoedera-

1221 3232 1505 3314 tionem
1579 3239 1929 3312 mutuam
1994 3229 2189 3311 inter
2260 3230 2726 3312 Ludovicum
2781 3229 3249 3312 Francorum
3311 3252 3571 3338 regem
3615 3235 3690 3310 et
3750 3239 4043 3382 patrem

1225 3392 1452 3449 suum
1491 3364 1798 3472 initam,
1842 3375 1916 3445 et
1951 3388 2122 3445 eam
2159 3363 2237 3443 iu
2277 3363 2537 3445 anima
2574 3390 2714 3446 sua
2742 3361 2986 3473 jurari
3021 3362 3409 3473 praecipit.

1380 3575 1626 3655 (Inedit.
1654 3591 1726 3636 ex
1753 3576 2026 3653 Reglstro
2056 3577 2181 3636 sive
2225 3574 2593 3638 chartulario
2634 3574 2888 3652 Philippi
2934 3576 3221 3653 Augusti,
3274 3589 3372 3650 ap.
3418 3571 3569 3634 Bibl.
3631 3586 3757 3650 reg.
3808 3571 3997 3632 Paris.
4019 3614 4040 3649 ‚

1460 3691 1527 3743 n⁰
1554 3690 1740 3754 8408,
1780 3679 1889 3745 fol.
1927 3689 2039 3742 168
2080 3688 2271 3756 recto,
2303 3688 2365 3743 et
2393 3690 2506 3742 170
2536 3696 2728 3756 voeso,
2757 3679 2862 3742 ubi
2886 3687 3088 3742 tamen
3127 3695 3250 3741 non
3284 3678 3364 3741 ad
3386 3680 3709 3758 integrum,
3745 3675 4044 3755 sedquasi

1458 3786 1574 3850 sub
1598 3787 1946 3868 compendio
1971 3786 2334 3867 exhibetur.)

1321 3974 1795 4049 Confederatio
1830 3976 2008 4048 inter
2035 3975 2402 4046 Henricum
2433 3994 2665 4066 regem
2705 3973 3164 4042 Romanorum
3203 3967 3424 4040 filium
3469 3965 3757 4062 predicti
3788 3961 4040 4036 Frede-

1222 4099 1347 4172 rici
1387 4107 1456 4171 et
1491 4099 1813 4172 eumdem
1849 4095 2281 4168 Ludovicum
2310 4115 2545 4186 regem
2584 4090 2729 4190 [de]
2766 4091 2983 4165 verbo
3032 4091 3123 4165 ad
3165 4092 3490 4180 verbum,
3551 4087 3731 4159 sicut
3766 4084 3838 4156 in
3875 4105 4043 4156 con-

1222 4224 1644 4298 federatione
1673 4218 2066 4318 precedenti
2110 4216 2256 4313 (4);
2309 4238 2449 4311 que
2491 4216 2592 4289 sic
2628 4216 2873 4312 incipit
2910 4243 2927 4287 ε
2972 4242 3009 4286 «
3040 4217 3126 4287 Η.
3172 4216 3295 4289 Dei
3335 4212 3555 4308 gratia
3584 4212 4041 4284 Romanorum

1305 4377 1385 4449 (α)
1429 4374 1698 4436 Forsitan
1724 4370 2034 4448 legendum
2057 4366 2364 4449 reqalibus.

1297 4608 1372 4678 (4)
1408 4607 1487 4663 Ba
1514 4605 1717 4664 scilicet
1744 4619 1882 4677 quae
1918 4617 2083 4677 supra
2107 4602 2313 4675 integra
2341 4563 2603 4674 datuer.
2640 4602 2742 4657 354
2767 4607 2823 4657 et
2861 4617 3049 4674 seqq.,
3078 4599 3181 4657 sub
3222 4599 3347 4657 dato
3384 4596 3528 4671 apud
3562 4596 3780 4653 Pei-tum
3806 4588 4038 4659 Neronis,

1217 4705 1359 4762 maio
1395 4706 1555 4762 ⁴232.
