<?xml version="1.0" encoding="UTF-8"?>
<!DOCTYPE html PUBLIC "-//W3C//DTD XHTML 1.0 Transitional//EN"
    "http://www.w3.org/TR/xhtml1/DTD/xhtml1-transitional.dtd">
<html xmlns="http://www.w3.org/1999/xhtml" xml:lang="en" lang="en">
 <head>
  <title>
</title>
<meta http-equiv="Content-Type" content="text/html;charset=utf-8" />
  <meta name='ocr-system' content='tesseract 3.04.00' />
  <meta name='ocr-capabilities' content='ocr_page ocr_carea ocr_par ocr_line ocrx_word'/>
</head>
<body>
  <div class='ocr_page' id='page_1' title='image "./historiadiploma01degoog_0173.png"; bbox 0 0 4842 5802; ppageno 0'>
   <div class='ocr_carea' id='block_1_1' title="bbox 939 706 3767 794">
    <p class='ocr_par' dir='ltr' id='par_1_1' title="bbox 939 706 3767 794">
     <span class='ocr_line' id='line_1_1' title="bbox 939 706 3767 794; baseline -0.002 -17"><span class='ocrx_word' id='word_1_1' title='bbox 939 721 1136 778; x_wconf 61' lang='lat' dir='ltr'><strong>tamer.</strong></span> <span class='ocrx_word' id='word_1_2' title='bbox 1173 711 1259 794; x_wconf 70' lang='grc'><strong>7.]</strong></span> <span class='ocrx_word' id='word_1_3' title='bbox 1842 706 2235 769; x_wconf 72' lang='lat' dir='ltr'><strong>msroma</strong></span> <span class='ocrx_word' id='word_1_4' title='bbox 2289 709 2871 772; x_wconf 75' lang='lat' dir='ltr'><strong>ntrLoMArrcA.</strong></span> <span class='ocrx_word' id='word_1_5' title='bbox 3640 707 3767 771; x_wconf 74' lang='lat' dir='ltr'><strong>&#39;esa</strong></span> 
     </span>
    </p>
   </div>
   <div class='ocr_carea' id='block_1_2' title="bbox 941 840 3769 4293">
    <p class='ocr_par' dir='ltr' id='par_1_2' title="bbox 941 840 3769 4293">
     <span class='ocr_line' id='line_1_2' title="bbox 947 840 3762 937; baseline -0.003 -14"><span class='ocrx_word' id='word_1_6' title='bbox 947 848 1285 923; x_wconf 89' lang='lat' dir='ltr'><strong>dinalium</strong></span> <span class='ocrx_word' id='word_1_7' title='bbox 1325 844 1638 919; x_wconf 92' lang='lat' dir='ltr'><strong>omnium</strong></span> <span class='ocrx_word' id='word_1_8' title='bbox 1688 840 2235 935; x_wconf 81' lang='lat' dir='ltr'><strong>indignationem</strong></span> <span class='ocrx_word' id='word_1_9' title='bbox 2277 842 2756 936; x_wconf 86' lang='lat' dir='ltr'><strong>gravissimam</strong></span> <span class='ocrx_word' id='word_1_10' title='bbox 2807 844 3260 937; x_wconf 90' lang='lat' dir='ltr'><strong>incurrimus,</strong></span> <span class='ocrx_word' id='word_1_11' title='bbox 3335 843 3516 916; x_wconf 90' lang='lat' dir='ltr'><strong>sicut</strong></span> <span class='ocrx_word' id='word_1_12' title='bbox 3556 842 3762 916; x_wconf 89' lang='lat' dir='ltr'><strong>etiam</strong></span> 
     </span>
     <span class='ocr_line' id='line_1_3' title="bbox 947 964 3763 1068; baseline -0.001 -23"><span class='ocrx_word' id='word_1_13' title='bbox 947 972 1377 1068; x_wconf 89' lang='lat' dir='ltr'><strong>principibus</strong></span> <span class='ocrx_word' id='word_1_14' title='bbox 1404 964 1731 1043; x_wconf 91' lang='lat' dir='ltr'><strong>omnibns</strong></span> <span class='ocrx_word' id='word_1_15' title='bbox 1765 986 1904 1039; x_wconf 91' lang='lat' dir='ltr'><strong>non</strong></span> <span class='ocrx_word' id='word_1_16' title='bbox 1933 966 2271 1057; x_wconf 91' lang='lat' dir='ltr'><strong>ignotum.</strong></span> <span class='ocrx_word' id='word_1_17' title='bbox 2302 966 2414 1039; x_wconf 86' lang='lat' dir='ltr'><strong>Ad</strong></span> <span class='ocrx_word' id='word_1_18' title='bbox 2451 968 2581 1040; x_wconf 90' lang='lat' dir='ltr'><strong>hec</strong></span> <span class='ocrx_word' id='word_1_19' title='bbox 2605 990 2762 1041; x_wconf 93' lang='lat' dir='ltr'><strong>cum</strong></span> <span class='ocrx_word' id='word_1_20' title='bbox 2786 969 3237 1060; x_wconf 87' lang='lat' dir='ltr'><strong>Ludewicus,</strong></span> <span class='ocrx_word' id='word_1_21' title='bbox 3267 968 3428 1040; x_wconf 91' lang='lat' dir='ltr'><strong>olim</strong></span> <span class='ocrx_word' id='word_1_22' title='bbox 3453 966 3605 1040; x_wconf 84' lang='lat' dir='ltr'><strong>dux</strong></span> <span class='ocrx_word' id='word_1_23' title='bbox 3631 969 3763 1041; x_wconf 88' lang='lat' dir='ltr'><strong>Ba-</strong></span> 
     </span>
     <span class='ocr_line' id='line_1_4' title="bbox 945 1090 3762 1188; baseline -0.002 -19"><span class='ocrx_word' id='word_1_24' title='bbox 945 1096 1167 1188; x_wconf 91' lang='lat' dir='ltr'><strong>varie,</strong></span> <span class='ocrx_word' id='word_1_25' title='bbox 1228 1093 1509 1167; x_wconf 90' lang='lat' dir='ltr'><strong>domino</strong></span> <span class='ocrx_word' id='word_1_26' title='bbox 1552 1099 1622 1164; x_wconf 89' lang='lat' dir='ltr'><strong>et</strong></span> <span class='ocrx_word' id='word_1_27' title='bbox 1655 1090 1836 1185; x_wconf 89' lang='lat' dir='ltr'><strong>patri</strong></span> <span class='ocrx_word' id='word_1_28' title='bbox 1872 1100 2107 1163; x_wconf 89' lang='lat' dir='ltr'><strong>nostro</strong></span> <span class='ocrx_word' id='word_1_29' title='bbox 2152 1091 2589 1184; x_wconf 88' lang='lat' dir='ltr'><strong>opposuisset</strong></span> <span class='ocrx_word' id='word_1_30' title='bbox 2623 1113 2697 1164; x_wconf 89' lang='lat' dir='ltr'><strong>se</strong></span> <span class='ocrx_word' id='word_1_31' title='bbox 2737 1114 2896 1164; x_wconf 89' lang='lat' dir='ltr'><strong>cum</strong></span> <span class='ocrx_word' id='word_1_32' title='bbox 2936 1093 3081 1166; x_wconf 90' lang='lat' dir='ltr'><strong>suis</strong></span> <span class='ocrx_word' id='word_1_33' title='bbox 3126 1091 3508 1164; x_wconf 78' lang='lat' dir='ltr'><strong>fautoribus</strong></span> <span class='ocrx_word' id='word_1_34' title='bbox 3542 1091 3762 1163; x_wconf 89' lang='lat' dir='ltr'><strong>mani-</strong></span> 
     </span>
     <span class='ocr_line' id='line_1_5' title="bbox 944 1213 3755 1309; baseline -0.001 -19"><span class='ocrx_word' id='word_1_35' title='bbox 944 1221 1145 1306; x_wconf 84' lang='lat' dir='ltr'><strong>feste,</strong></span> <span class='ocrx_word' id='word_1_36' title='bbox 1188 1238 1316 1290; x_wconf 88' lang='lat' dir='ltr'><strong>nos</strong></span> <span class='ocrx_word' id='word_1_37' title='bbox 1354 1215 1639 1289; x_wconf 89' lang='lat' dir='ltr'><strong>collecto</strong></span> <span class='ocrx_word' id='word_1_38' title='bbox 1674 1213 1984 1287; x_wconf 84' lang='lat' dir='ltr'><strong>exercitu</strong></span> <span class='ocrx_word' id='word_1_39' title='bbox 2032 1235 2192 1285; x_wconf 91' lang='lat' dir='ltr'><strong>cum</strong></span> <span class='ocrx_word' id='word_1_40' title='bbox 2223 1235 2361 1287; x_wconf 92' lang='lat' dir='ltr'><strong>non</strong></span> <span class='ocrx_word' id='word_1_41' title='bbox 2395 1215 2669 1289; x_wconf 94' lang='lat' dir='ltr'><strong>modico</strong></span> <span class='ocrx_word' id='word_1_42' title='bbox 2693 1238 2921 1290; x_wconf 90' lang='lat' dir='ltr'><strong>rerum</strong></span> <span class='ocrx_word' id='word_1_43' title='bbox 2951 1225 3332 1289; x_wconf 87' lang='lat' dir='ltr'><strong>nostrarum</strong></span> <span class='ocrx_word' id='word_1_44' title='bbox 3359 1214 3755 1309; x_wconf 90' lang='lat' dir='ltr'><strong>dispendio,</strong></span> 
     </span>
     <span class='ocr_line' id='line_1_6' title="bbox 943 1337 3763 1434; baseline -0.002 -18"><span class='ocrx_word' id='word_1_45' title='bbox 943 1353 1193 1416; x_wconf 88' lang='lat' dir='ltr'><strong>terram</strong></span> <span class='ocrx_word' id='word_1_46' title='bbox 1222 1362 1422 1414; x_wconf 91' lang='lat' dir='ltr'><strong>suam</strong></span> <span class='ocrx_word' id='word_1_47' title='bbox 1458 1338 1793 1412; x_wconf 81' lang='lat' dir='ltr'><strong>hostiliter</strong></span> <span class='ocrx_word' id='word_1_48' title='bbox 1819 1337 2276 1431; x_wconf 89' lang='lat' dir='ltr'><strong>ingrediendo</strong></span> <span class='ocrx_word' id='word_1_49' title='bbox 2302 1339 2658 1432; x_wconf 81' lang='lat' dir='ltr'><strong>coegimus</strong></span> <span class='ocrx_word' id='word_1_50' title='bbox 2694 1362 2854 1412; x_wconf 92' lang='lat' dir='ltr'><strong>eum</strong></span> <span class='ocrx_word' id='word_1_51' title='bbox 2887 1340 3079 1434; x_wconf 92' lang='lat' dir='ltr'><strong>quod</strong></span> <span class='ocrx_word' id='word_1_52' title='bbox 3109 1363 3152 1413; x_wconf 89' lang='lat' dir='ltr'><strong>a</strong></span> <span class='ocrx_word' id='word_1_53' title='bbox 3178 1339 3550 1413; x_wconf 86' lang='lat' dir='ltr'><strong>vexatione</strong></span> <span class='ocrx_word' id='word_1_54' title='bbox 3569 1347 3641 1412; x_wconf 92' lang='lat' dir='ltr'><strong>et</strong></span> <span class='ocrx_word' id='word_1_55' title='bbox 3660 1358 3763 1410; x_wconf 90' lang='lat' dir='ltr'><strong>re-</strong></span> 
     </span>
     <span class='ocr_line' id='line_1_7' title="bbox 943 1462 3764 1560; baseline -0.002 -21"><span class='ocrx_word' id='word_1_56' title='bbox 943 1467 1253 1540; x_wconf 81' lang='lat' dir='ltr'><strong>sistentia</strong></span> <span class='ocrx_word' id='word_1_57' title='bbox 1286 1464 1501 1560; x_wconf 90' lang='lat' dir='ltr'><strong>patris</strong></span> <span class='ocrx_word' id='word_1_58' title='bbox 1528 1463 1743 1536; x_wconf 87' lang='lat' dir='ltr'><strong>nostri</strong></span> <span class='ocrx_word' id='word_1_59' title='bbox 1777 1462 2036 1535; x_wconf 86' lang='lat' dir='ltr'><strong>destitit</strong></span> <span class='ocrx_word' id='word_1_60' title='bbox 2060 1471 2130 1534; x_wconf 91' lang='lat' dir='ltr'><strong>et</strong></span> <span class='ocrx_word' id='word_1_61' title='bbox 2156 1464 2480 1555; x_wconf 87' lang='lat' dir='ltr'><strong>cessavit,</strong></span> <span class='ocrx_word' id='word_1_62' title='bbox 2520 1485 2604 1535; x_wconf 93' lang='lat' dir='ltr'><strong>ac</strong></span> <span class='ocrx_word' id='word_1_63' title='bbox 2629 1463 2910 1537; x_wconf 89' lang='lat' dir='ltr'><strong>obsides</strong></span> <span class='ocrx_word' id='word_1_64' title='bbox 2944 1465 3110 1538; x_wconf 88' lang='lat' dir='ltr'><strong>dare</strong></span> <span class='ocrx_word' id='word_1_65' title='bbox 3132 1464 3533 1558; x_wconf 84' lang='lat' dir='ltr'><strong>promiserat</strong></span> <span class='ocrx_word' id='word_1_66' title='bbox 3553 1484 3764 1560; x_wconf 91' lang='lat' dir='ltr'><strong>super</strong></span> 
     </span>
     <span class='ocr_line' id='line_1_8' title="bbox 941 1589 3764 1687; baseline -0.001 -20"><span class='ocrx_word' id='word_1_67' title='bbox 941 1613 1060 1686; x_wconf 89' lang='lat' dir='ltr'><strong>e0,</strong></span> <span class='ocrx_word' id='word_1_68' title='bbox 1095 1593 1255 1664; x_wconf 89' lang='lat' dir='ltr'><strong>licet</strong></span> <span class='ocrx_word' id='word_1_69' title='bbox 1279 1589 1721 1686; x_wconf 91' lang='lat' dir='ltr'><strong>postmodum</strong></span> <span class='ocrx_word' id='word_1_70' title='bbox 1757 1590 1987 1663; x_wconf 87' lang='lat' dir='ltr'><strong>causis</strong></span> <span class='ocrx_word' id='word_1_71' title='bbox 2016 1589 2170 1661; x_wconf 89' lang='lat' dir='ltr'><strong>aliis</strong></span> <span class='ocrx_word' id='word_1_72' title='bbox 2198 1591 2713 1683; x_wconf 79' lang='lat' dir='ltr'><strong>emergentibus</strong></span> <span class='ocrx_word' id='word_1_73' title='bbox 2753 1612 2894 1663; x_wconf 90' lang='lat' dir='ltr'><strong>non</strong></span> <span class='ocrx_word' id='word_1_74' title='bbox 2920 1589 3192 1664; x_wconf 88' lang='lat' dir='ltr'><strong>dederit</strong></span> <span class='ocrx_word' id='word_1_75' title='bbox 3222 1592 3282 1684; x_wconf 79' lang='lat' dir='ltr'><strong>(l</strong></span> <span class='ocrx_word' id='word_1_76' title='bbox 3298 1590 3352 1687; x_wconf 88' lang='lat'><strong>).</strong></span> <span class='ocrx_word' id='word_1_77' title='bbox 3400 1593 3553 1676; x_wconf 91' lang='lat' dir='ltr'><strong>Quo</strong></span> <span class='ocrx_word' id='word_1_78' title='bbox 3582 1591 3764 1663; x_wconf 85' lang='lat' dir='ltr'><strong>facto</strong></span> 
     </span>
     <span class='ocr_line' id='line_1_9' title="bbox 943 1713 3763 1810; baseline -0 -22"><span class='ocrx_word' id='word_1_79' title='bbox 943 1717 1204 1790; x_wconf 86' lang='lat' dir='ltr'><strong>reversi</strong></span> <span class='ocrx_word' id='word_1_80' title='bbox 1232 1717 1322 1791; x_wconf 90' lang='lat' dir='ltr'><strong>de</strong></span> <span class='ocrx_word' id='word_1_81' title='bbox 1354 1715 1649 1789; x_wconf 86' lang='lat' dir='ltr'><strong>Bavaria</strong></span> <span class='ocrx_word' id='word_1_82' title='bbox 1676 1736 1835 1785; x_wconf 91' lang='lat' dir='ltr'><strong>cnm</strong></span> <span class='ocrx_word' id='word_1_83' title='bbox 1877 1713 2260 1810; x_wconf 91' lang='lat' dir='ltr'><strong>triumpho,</strong></span> <span class='ocrx_word' id='word_1_84' title='bbox 2300 1714 2516 1786; x_wconf 89' lang='lat' dir='ltr'><strong>alium</strong></span> <span class='ocrx_word' id='word_1_85' title='bbox 2563 1716 2965 1808; x_wconf 88' lang='lat' dir='ltr'><strong>collegimus</strong></span> <span class='ocrx_word' id='word_1_86' title='bbox 3010 1715 3393 1788; x_wconf 84' lang='lat' dir='ltr'><strong>exercitum</strong></span> <span class='ocrx_word' id='word_1_87' title='bbox 3441 1713 3535 1786; x_wconf 91' lang='lat' dir='ltr'><strong>ad</strong></span> <span class='ocrx_word' id='word_1_88' title='bbox 3569 1714 3763 1787; x_wconf 86' lang='lat' dir='ltr'><strong>ohsi-</strong></span> 
     </span>
     <span class='ocr_line' id='line_1_10' title="bbox 945 1836 3767 1935; baseline -0.001 -21"><span class='ocrx_word' id='word_1_89' title='bbox 945 1840 1256 1914; x_wconf 91' lang='lat' dir='ltr'><strong>dendum</strong></span> <span class='ocrx_word' id='word_1_90' title='bbox 1289 1839 1481 1935; x_wconf 91' lang='lat' dir='ltr'><strong>apud</strong></span> <span class='ocrx_word' id='word_1_91' title='bbox 1512 1838 1962 1933; x_wconf 88' lang='lat' dir='ltr'><strong>Argentinam</strong></span> <span class='ocrx_word' id='word_1_92' title='bbox 2004 1836 2395 1933; x_wconf 90' lang='lat' dir='ltr'><strong>predictum</strong></span> <span class='ocrx_word' id='word_1_93' title='bbox 2439 1838 2856 1911; x_wconf 86' lang='lat' dir='ltr'><strong>cardinalem</strong></span> <span class='ocrx_word' id='word_1_94' title='bbox 2891 1838 3028 1933; x_wconf 82' lang='grc'><strong>(2),</strong></span> <span class='ocrx_word' id='word_1_95' title='bbox 3085 1839 3316 1933; x_wconf 89' lang='lat' dir='ltr'><strong>quint</strong></span> <span class='ocrx_word' id='word_1_96' title='bbox 3355 1837 3619 1911; x_wconf 92' lang='lat' dir='ltr'><strong>dictum</strong></span> <span class='ocrx_word' id='word_1_97' title='bbox 3662 1847 3767 1911; x_wconf 87' lang='lat' dir='ltr'><strong>est</strong></span> 
     </span>
     <span class='ocr_line' id='line_1_11' title="bbox 946 1961 3769 2058; baseline -0.001 -21"><span class='ocrx_word' id='word_1_98' title='bbox 946 1964 1444 2037; x_wconf 86' lang='lat' dir='ltr'><strong>Allemanniam</strong></span> <span class='ocrx_word' id='word_1_99' title='bbox 1484 1964 1857 2036; x_wconf 85' lang='lat' dir='ltr'><strong>intraverat</strong></span> <span class='ocrx_word' id='word_1_100' title='bbox 1893 1961 1987 2034; x_wconf 92' lang='lat' dir='ltr'><strong>ad</strong></span> <span class='ocrx_word' id='word_1_101' title='bbox 2024 1961 2599 2057; x_wconf 90' lang='lat' dir='ltr'><strong>impedimentum</strong></span> <span class='ocrx_word' id='word_1_102' title='bbox 2639 1972 2708 2035; x_wconf 91' lang='lat' dir='ltr'><strong>et</strong></span> <span class='ocrx_word' id='word_1_103' title='bbox 2744 1962 3286 2036; x_wconf 88' lang='lat' dir='ltr'><strong>humiliationem</strong></span> <span class='ocrx_word' id='word_1_104' title='bbox 3336 1961 3769 2058; x_wconf 85' lang='lat' dir='ltr'><strong>imperatorie</strong></span> 
     </span>
     <span class='ocr_line' id='line_1_12' title="bbox 946 2086 3765 2182; baseline -0.001 -22"><span class='ocrx_word' id='word_1_105' title='bbox 946 2088 1343 2179; x_wconf 84' lang='lat' dir='ltr'><strong>majestatis.</strong></span> <span class='ocrx_word' id='word_1_106' title='bbox 1383 2089 1872 2160; x_wconf 88' lang='lat' dir='ltr'><strong>Verumtamen</strong></span> <span class='ocrx_word' id='word_1_107' title='bbox 1909 2086 2003 2159; x_wconf 89' lang='lat' dir='ltr'><strong>ad</strong></span> <span class='ocrx_word' id='word_1_108' title='bbox 2039 2086 2433 2159; x_wconf 85' lang='lat' dir='ltr'><strong>instantiam</strong></span> <span class='ocrx_word' id='word_1_109' title='bbox 2465 2096 2536 2159; x_wconf 94' lang='lat' dir='ltr'><strong>et</strong></span> <span class='ocrx_word' id='word_1_110' title='bbox 2567 2087 2931 2159; x_wconf 90' lang='lat' dir='ltr'><strong>consilinm</strong></span> <span class='ocrx_word' id='word_1_111' title='bbox 2954 2087 3330 2158; x_wconf 90' lang='lat' dir='ltr'><strong>multorum</strong></span> <span class='ocrx_word' id='word_1_112' title='bbox 3346 2086 3765 2182; x_wconf 87' lang='lat' dir='ltr'><strong>principum,</strong></span> 
     </span>
     <span class='ocr_line' id='line_1_13' title="bbox 948 2210 3764 2306; baseline -0 -23"><span class='ocrx_word' id='word_1_113' title='bbox 948 2212 1272 2286; x_wconf 90' lang='lat' dir='ltr'><strong>videlicet</strong></span> <span class='ocrx_word' id='word_1_114' title='bbox 1302 2210 1972 2305; x_wconf 88' lang='lat' dir='ltr'><strong>archiepiscoporum</strong></span> <span class='ocrx_word' id='word_1_115' title='bbox 2015 2220 2083 2283; x_wconf 92' lang='lat' dir='ltr'><strong>et</strong></span> <span class='ocrx_word' id='word_1_116' title='bbox 2117 2210 2597 2306; x_wconf 92' lang='lat' dir='ltr'><strong>episcoporum</strong></span> <span class='ocrx_word' id='word_1_117' title='bbox 2638 2219 2706 2282; x_wconf 92' lang='lat' dir='ltr'><strong>et</strong></span> <span class='ocrx_word' id='word_1_118' title='bbox 2755 2210 2962 2282; x_wconf 87' lang='lat' dir='ltr'><strong>etiam</strong></span> <span class='ocrx_word' id='word_1_119' title='bbox 3001 2219 3403 2302; x_wconf 84' lang='lat' dir='ltr'><strong>magnatum</strong></span> <span class='ocrx_word' id='word_1_120' title='bbox 3448 2210 3764 2306; x_wconf 91' lang='lat' dir='ltr'><strong>imperii,</strong></span> 
     </span>
     <span class='ocr_line' id='line_1_14' title="bbox 948 2333 3760 2408; baseline 0 -3"><span class='ocrx_word' id='word_1_121' title='bbox 948 2335 1280 2408; x_wconf 88' lang='lat' dir='ltr'><strong>solvimus</strong></span> <span class='ocrx_word' id='word_1_122' title='bbox 1310 2334 1695 2406; x_wconf 86' lang='lat' dir='ltr'><strong>exercitum</strong></span> <span class='ocrx_word' id='word_1_123' title='bbox 1731 2342 2042 2406; x_wconf 90' lang='lat' dir='ltr'><strong>nostrum</strong></span> <span class='ocrx_word' id='word_1_124' title='bbox 2079 2345 2149 2405; x_wconf 92' lang='lat' dir='ltr'><strong>et</strong></span> <span class='ocrx_word' id='word_1_125' title='bbox 2173 2333 2563 2407; x_wconf 90' lang='lat' dir='ltr'><strong>dimisimus</strong></span> <span class='ocrx_word' id='word_1_126' title='bbox 2600 2334 2715 2405; x_wconf 89' lang='lat' dir='ltr'><strong>illa</strong></span> <span class='ocrx_word' id='word_1_127' title='bbox 2750 2334 2908 2405; x_wconf 89' lang='lat' dir='ltr'><strong>vice</strong></span> <span class='ocrx_word' id='word_1_128' title='bbox 2914 2385 3760 2406; x_wconf 92' lang='grc'><strong>...........</strong></span> 
     </span>
     <span class='ocr_line' id='line_1_15' title="bbox 952 2449 3766 2554; baseline 0 -24"><span class='ocrx_word' id='word_1_129' title='bbox 952 2511 1365 2531; x_wconf 92' lang='grc'><strong>......</strong></span> <span class='ocrx_word' id='word_1_130' title='bbox 1384 2449 1402 2465; x_wconf 72' lang='grc'><strong>“</strong></span> <span class='ocrx_word' id='word_1_131' title='bbox 1431 2511 1449 2529; x_wconf 96' lang='grc'><strong>.</strong></span> <span class='ocrx_word' id='word_1_132' title='bbox 1513 2511 1532 2528; x_wconf 97' lang='grc'><strong>.</strong></span> <span class='ocrx_word' id='word_1_133' title='bbox 1602 2511 1620 2528; x_wconf 95' lang='grc'><strong>.</strong></span> <span class='ocrx_word' id='word_1_134' title='bbox 1683 2509 1701 2527; x_wconf 96' lang='grc'><strong>.</strong></span> <span class='ocrx_word' id='word_1_135' title='bbox 1765 2511 1783 2528; x_wconf 95' lang='grc'><strong>.</strong></span> <span class='ocrx_word' id='word_1_136' title='bbox 1847 2511 1865 2529; x_wconf 96' lang='grc'><strong>.</strong></span> <span class='ocrx_word' id='word_1_137' title='bbox 1922 2457 2272 2530; x_wconf 89' lang='lat' dir='ltr'><strong>laboribus</strong></span> <span class='ocrx_word' id='word_1_138' title='bbox 2312 2466 2381 2529; x_wconf 92' lang='lat' dir='ltr'><strong>et</strong></span> <span class='ocrx_word' id='word_1_139' title='bbox 2413 2457 2764 2554; x_wconf 86' lang='lat' dir='ltr'><strong>expensis.</strong></span> <span class='ocrx_word' id='word_1_140' title='bbox 2806 2459 2984 2528; x_wconf 90' lang='lat' dir='ltr'><strong>Sane</strong></span> <span class='ocrx_word' id='word_1_141' title='bbox 3016 2478 3176 2529; x_wconf 91' lang='lat' dir='ltr'><strong>cnm</strong></span> <span class='ocrx_word' id='word_1_142' title='bbox 3214 2466 3496 2551; x_wconf 83' lang='lat' dir='ltr'><strong>propter</strong></span> <span class='ocrx_word' id='word_1_143' title='bbox 3520 2478 3766 2531; x_wconf 88' lang='lat' dir='ltr'><strong>causas</strong></span> 
     </span>
     <span class='ocr_line' id='line_1_16' title="bbox 947 2580 3763 2676; baseline 0 -22"><span class='ocrx_word' id='word_1_144' title='bbox 947 2582 1281 2675; x_wconf 90' lang='lat' dir='ltr'><strong>quasdam</strong></span> <span class='ocrx_word' id='word_1_145' title='bbox 1291 2581 1527 2674; x_wconf 88' lang='lat' dir='ltr'><strong>junior</strong></span> <span class='ocrx_word' id='word_1_146' title='bbox 1546 2580 1698 2654; x_wconf 83' lang='lat' dir='ltr'><strong>dux</strong></span> <span class='ocrx_word' id='word_1_147' title='bbox 1714 2582 2006 2655; x_wconf 86' lang='lat' dir='ltr'><strong>Bavarie</strong></span> <span class='ocrx_word' id='word_1_148' title='bbox 2033 2581 2393 2655; x_wconf 81' lang='lat' dir='ltr'><strong>manifeste</strong></span> <span class='ocrx_word' id='word_1_149' title='bbox 2409 2603 2487 2655; x_wconf 87' lang='lat' dir='ltr'><strong>se</strong></span> <span class='ocrx_word' id='word_1_150' title='bbox 2506 2590 2886 2676; x_wconf 86' lang='lat' dir='ltr'><strong>opponeret</strong></span> <span class='ocrx_word' id='word_1_151' title='bbox 2908 2582 3081 2675; x_wconf 91' lang='lat' dir='ltr'><strong>patri</strong></span> <span class='ocrx_word' id='word_1_152' title='bbox 3101 2590 3355 2673; x_wconf 92' lang='lat' dir='ltr'><strong>nostro,</strong></span> <span class='ocrx_word' id='word_1_153' title='bbox 3378 2582 3763 2656; x_wconf 84' lang='lat' dir='ltr'><strong>exercitum</strong></span> 
     </span>
     <span class='ocr_line' id='line_1_17' title="bbox 948 2706 3761 2801; baseline 0 -23"><span class='ocrx_word' id='word_1_154' title='bbox 948 2708 1350 2800; x_wconf 87' lang='lat' dir='ltr'><strong>collegimus</strong></span> <span class='ocrx_word' id='word_1_155' title='bbox 1377 2707 1621 2780; x_wconf 88' lang='lat' dir='ltr'><strong>iterato</strong></span> <span class='ocrx_word' id='word_1_156' title='bbox 1656 2714 1893 2779; x_wconf 90' lang='lat' dir='ltr'><strong>contra</strong></span> <span class='ocrx_word' id='word_1_157' title='bbox 1920 2706 2281 2799; x_wconf 91' lang='lat' dir='ltr'><strong>eumdem,</strong></span> <span class='ocrx_word' id='word_1_158' title='bbox 2320 2715 2662 2779; x_wconf 86' lang='lat' dir='ltr'><strong>arctantes</strong></span> <span class='ocrx_word' id='word_1_159' title='bbox 2702 2707 2932 2801; x_wconf 90' lang='lat' dir='ltr'><strong>ipsum</strong></span> <span class='ocrx_word' id='word_1_160' title='bbox 2978 2706 3146 2778; x_wconf 90' lang='lat' dir='ltr'><strong>dare</strong></span> <span class='ocrx_word' id='word_1_161' title='bbox 3185 2706 3498 2780; x_wconf 89' lang='lat' dir='ltr'><strong>obsidem</strong></span> <span class='ocrx_word' id='word_1_162' title='bbox 3543 2706 3761 2779; x_wconf 88' lang='lat' dir='ltr'><strong>filium</strong></span> 
     </span>
     <span class='ocr_line' id='line_1_18' title="bbox 945 2829 3762 2928; baseline -0.001 -23"><span class='ocrx_word' id='word_1_163' title='bbox 945 2854 1175 2923; x_wconf 89' lang='lat' dir='ltr'><strong>suum,</strong></span> <span class='ocrx_word' id='word_1_164' title='bbox 1194 2832 1309 2904; x_wconf 89' lang='lat' dir='ltr'><strong>tali</strong></span> <span class='ocrx_word' id='word_1_165' title='bbox 1333 2829 1643 2904; x_wconf 90' lang='lat' dir='ltr'><strong>adhibito</strong></span> <span class='ocrx_word' id='word_1_166' title='bbox 1669 2829 2109 2906; x_wconf 88' lang='lat' dir='ltr'><strong>laudamento</strong></span> <span class='ocrx_word' id='word_1_167' title='bbox 2131 2831 2320 2927; x_wconf 90' lang='lat' dir='ltr'><strong>quod</strong></span> <span class='ocrx_word' id='word_1_168' title='bbox 2338 2853 2696 2927; x_wconf 90' lang='lat' dir='ltr'><strong>nunquam</strong></span> <span class='ocrx_word' id='word_1_169' title='bbox 2717 2852 2794 2904; x_wconf 91' lang='lat' dir='ltr'><strong>se</strong></span> <span class='ocrx_word' id='word_1_170' title='bbox 2817 2851 3167 2925; x_wconf 87' lang='lat' dir='ltr'><strong>opponere</strong></span> <span class='ocrx_word' id='word_1_171' title='bbox 3189 2841 3619 2928; x_wconf 86' lang='lat' dir='ltr'><strong>attemptaret</strong></span> <span class='ocrx_word' id='word_1_172' title='bbox 3632 2831 3762 2903; x_wconf 90' lang='lat' dir='ltr'><strong>im-</strong></span> 
     </span>
     <span class='ocr_line' id='line_1_19' title="bbox 947 2955 3763 3052; baseline 0 -23"><span class='ocrx_word' id='word_1_173' title='bbox 947 2956 1282 3051; x_wconf 89' lang='lat' dir='ltr'><strong>peratorie</strong></span> <span class='ocrx_word' id='word_1_174' title='bbox 1321 2957 1434 3029; x_wconf 86' lang='lat' dir='ltr'><strong>vel</strong></span> <span class='ocrx_word' id='word_1_175' title='bbox 1484 2956 1675 3048; x_wconf 88' lang='lat' dir='ltr'><strong>regie</strong></span> <span class='ocrx_word' id='word_1_176' title='bbox 1720 2956 2060 3047; x_wconf 87' lang='lat' dir='ltr'><strong>majestati</strong></span> <span class='ocrx_word' id='word_1_177' title='bbox 2109 2955 2237 3052; x_wconf 88' lang='lat'><strong>(3).</strong></span> <span class='ocrx_word' id='word_1_178' title='bbox 2291 2959 2584 3029; x_wconf 93' lang='lat' dir='ltr'><strong>Demum</strong></span> <span class='ocrx_word' id='word_1_179' title='bbox 2631 2955 2867 3028; x_wconf 88' lang='lat' dir='ltr'><strong>habito</strong></span> <span class='ocrx_word' id='word_1_180' title='bbox 2913 2956 3030 3027; x_wconf 90' lang='lat' dir='ltr'><strong>tali</strong></span> <span class='ocrx_word' id='word_1_181' title='bbox 3082 2956 3430 3051; x_wconf 90' lang='lat' dir='ltr'><strong>triumpho</strong></span> <span class='ocrx_word' id='word_1_182' title='bbox 3473 2956 3563 3029; x_wconf 92' lang='lat' dir='ltr'><strong>de</strong></span> <span class='ocrx_word' id='word_1_183' title='bbox 3610 2957 3763 3051; x_wconf 91' lang='lat' dir='ltr'><strong>ipso</strong></span> 
     </span>
     <span class='ocr_line' id='line_1_20' title="bbox 947 3082 3765 3178; baseline -0 -23"><span class='ocrx_word' id='word_1_184' title='bbox 947 3082 1129 3155; x_wconf 91' lang='lat' dir='ltr'><strong>duce</strong></span> <span class='ocrx_word' id='word_1_185' title='bbox 1148 3135 1170 3168; x_wconf 93' lang='lat'>‚</span> <span class='ocrx_word' id='word_1_186' title='bbox 1209 3082 1301 3156; x_wconf 93' lang='lat' dir='ltr'><strong>ad</strong></span> <span class='ocrx_word' id='word_1_187' title='bbox 1334 3082 1694 3154; x_wconf 91' lang='lat' dir='ltr'><strong>consilium</strong></span> <span class='ocrx_word' id='word_1_188' title='bbox 1719 3082 2107 3178; x_wconf 89' lang='lat' dir='ltr'><strong>principum</strong></span> <span class='ocrx_word' id='word_1_189' title='bbox 2131 3090 2201 3154; x_wconf 92' lang='lat' dir='ltr'><strong>et</strong></span> <span class='ocrx_word' id='word_1_190' title='bbox 2235 3092 2635 3176; x_wconf 90' lang='lat' dir='ltr'><strong>magnatum</strong></span> <span class='ocrx_word' id='word_1_191' title='bbox 2661 3103 2787 3176; x_wconf 88' lang='lat' dir='ltr'><strong>pro</strong></span> <span class='ocrx_word' id='word_1_192' title='bbox 2828 3102 3001 3175; x_wconf 91' lang='lat' dir='ltr'><strong>pace</strong></span> <span class='ocrx_word' id='word_1_193' title='bbox 3026 3090 3094 3153; x_wconf 93' lang='lat' dir='ltr'><strong>et</strong></span> <span class='ocrx_word' id='word_1_194' title='bbox 3121 3082 3606 3174; x_wconf 86' lang='lat' dir='ltr'><strong>tranquillitate</strong></span> <span class='ocrx_word' id='word_1_195' title='bbox 3625 3103 3765 3177; x_wconf 89' lang='lat' dir='ltr'><strong>pa-</strong></span> 
     </span>
     <span class='ocr_line' id='line_1_21' title="bbox 946 3204 3766 3301; baseline -0.001 -24"><span class='ocrx_word' id='word_1_196' title='bbox 946 3206 1071 3277; x_wconf 87' lang='lat' dir='ltr'><strong>trie</strong></span> <span class='ocrx_word' id='word_1_197' title='bbox 1098 3206 1537 3280; x_wconf 81' lang='lat' dir='ltr'><strong>reformanda</strong></span> <span class='ocrx_word' id='word_1_198' title='bbox 1567 3214 1637 3278; x_wconf 89' lang='lat' dir='ltr'><strong>et</strong></span> <span class='ocrx_word' id='word_1_199' title='bbox 1662 3226 1784 3299; x_wconf 90' lang='lat' dir='ltr'><strong>pro</strong></span> <span class='ocrx_word' id='word_1_200' title='bbox 1817 3205 1971 3277; x_wconf 91' lang='lat' dir='ltr'><strong>aliis</strong></span> <span class='ocrx_word' id='word_1_201' title='bbox 2000 3205 2408 3300; x_wconf 90' lang='lat' dir='ltr'><strong>urgentibus</strong></span> <span class='ocrx_word' id='word_1_202' title='bbox 2444 3206 2736 3298; x_wconf 86' lang='lat' dir='ltr'><strong>negotiis</strong></span> <span class='ocrx_word' id='word_1_203' title='bbox 2764 3226 2846 3277; x_wconf 91' lang='lat' dir='ltr'><strong>ac</strong></span> <span class='ocrx_word' id='word_1_204' title='bbox 2868 3204 3272 3277; x_wconf 87' lang='lat' dir='ltr'><strong>nominatim</strong></span> <span class='ocrx_word' id='word_1_205' title='bbox 3293 3204 3385 3279; x_wconf 92' lang='lat' dir='ltr'><strong>ad</strong></span> <span class='ocrx_word' id='word_1_206' title='bbox 3412 3205 3766 3301; x_wconf 84' lang='lat' dir='ltr'><strong>extirpan-</strong></span> 
     </span>
     <span class='ocr_line' id='line_1_22' title="bbox 946 3305 3765 3424; baseline 0.001 -23"><span class='ocrx_word' id='word_1_207' title='bbox 946 3327 1109 3401; x_wconf 90' lang='lat' dir='ltr'><strong>dam</strong></span> <span class='ocrx_word' id='word_1_208' title='bbox 1143 3330 1513 3402; x_wconf 87' lang='lat' dir='ltr'><strong>hereticam</strong></span> <span class='ocrx_word' id='word_1_209' title='bbox 1547 3330 1953 3424; x_wconf 86' lang='lat' dir='ltr'><strong>pravitatem</strong></span> <span class='ocrx_word' id='word_1_210' title='bbox 1971 3383 1992 3422; x_wconf 99' lang='lat'><strong>,</strong></span> <span class='ocrx_word' id='word_1_211' title='bbox 2033 3331 2453 3424; x_wconf 91' lang='lat' dir='ltr'><strong>solempnem</strong></span> <span class='ocrx_word' id='word_1_212' title='bbox 2482 3305 2743 3403; x_wconf 85' lang='lat' dir='ltr'><strong>curiam</strong></span> <span class='ocrx_word' id='word_1_213' title='bbox 2769 3328 2955 3424; x_wconf 90' lang='lat' dir='ltr'><strong>apud</strong></span> <span class='ocrx_word' id='word_1_214' title='bbox 2981 3329 3431 3402; x_wconf 81' lang='lat' dir='ltr'><strong>Frankenfort</strong></span> <span class='ocrx_word' id='word_1_215' title='bbox 3462 3331 3765 3404; x_wconf 89' lang='lat' dir='ltr'><strong>celebra-</strong></span> 
     </span>
     <span class='ocr_line' id='line_1_23' title="bbox 949 3451 3767 3549; baseline 0.001 -26"><span class='ocrx_word' id='word_1_216' title='bbox 949 3451 1179 3524; x_wconf 88' lang='lat' dir='ltr'><strong>vimus</strong></span> <span class='ocrx_word' id='word_1_217' title='bbox 1214 3452 1511 3546; x_wconf 91' lang='lat' dir='ltr'><strong>gloriose</strong></span> <span class='ocrx_word' id='word_1_218' title='bbox 1540 3451 1680 3548; x_wconf 78' lang='lat'><strong>(4),</strong></span> <span class='ocrx_word' id='word_1_219' title='bbox 1749 3454 1872 3525; x_wconf 90' lang='lat' dir='ltr'><strong>ubi</strong></span> <span class='ocrx_word' id='word_1_220' title='bbox 1911 3462 2098 3525; x_wconf 87' lang='lat' dir='ltr'><strong>tanta</strong></span> <span class='ocrx_word' id='word_1_221' title='bbox 2140 3461 2287 3525; x_wconf 89' lang='lat' dir='ltr'><strong>erat</strong></span> <span class='ocrx_word' id='word_1_222' title='bbox 2330 3453 2719 3549; x_wconf 90' lang='lat' dir='ltr'><strong>principum</strong></span> <span class='ocrx_word' id='word_1_223' title='bbox 2762 3452 3136 3525; x_wconf 88' lang='lat' dir='ltr'><strong>multitudo</strong></span> <span class='ocrx_word' id='word_1_224' title='bbox 3175 3453 3403 3547; x_wconf 91' lang='lat' dir='ltr'><strong>qualis</strong></span> <span class='ocrx_word' id='word_1_225' title='bbox 3455 3453 3661 3548; x_wconf 92' lang='lat' dir='ltr'><strong>longe</strong></span> <span class='ocrx_word' id='word_1_226' title='bbox 3721 3475 3767 3527; x_wconf 85' lang='lat' dir='ltr'><strong>a</strong></span> 
     </span>
     <span class='ocr_line' id='line_1_24' title="bbox 950 3577 3765 3672; baseline 0.002 -28"><span class='ocrx_word' id='word_1_227' title='bbox 950 3577 1298 3648; x_wconf 86' lang='lat' dir='ltr'><strong>retroactis</strong></span> <span class='ocrx_word' id='word_1_228' title='bbox 1320 3578 1738 3672; x_wconf 89' lang='lat' dir='ltr'><strong>temporibus</strong></span> <span class='ocrx_word' id='word_1_229' title='bbox 1769 3598 1909 3649; x_wconf 87' lang='lat' dir='ltr'><strong>non</strong></span> <span class='ocrx_word' id='word_1_230' title='bbox 1946 3586 2051 3649; x_wconf 90' lang='lat' dir='ltr'><strong>est</strong></span> <span class='ocrx_word' id='word_1_231' title='bbox 2082 3577 2259 3649; x_wconf 86' lang='lat' dir='ltr'><strong>visa.</strong></span> <span class='ocrx_word' id='word_1_232' title='bbox 2306 3580 2383 3649; x_wconf 93' lang='lat' dir='ltr'><strong>In</strong></span> <span class='ocrx_word' id='word_1_233' title='bbox 2406 3599 2549 3672; x_wconf 90' lang='lat' dir='ltr'><strong>qua</strong></span> <span class='ocrx_word' id='word_1_234' title='bbox 2583 3577 2771 3649; x_wconf 91' lang='lat' dir='ltr'><strong>curia</strong></span> <span class='ocrx_word' id='word_1_235' title='bbox 2811 3577 3060 3648; x_wconf 89' lang='lat' dir='ltr'><strong>multas</strong></span> <span class='ocrx_word' id='word_1_236' title='bbox 3081 3577 3546 3650; x_wconf 84' lang='lat' dir='ltr'><strong>intelleximus</strong></span> <span class='ocrx_word' id='word_1_237' title='bbox 3576 3599 3765 3672; x_wconf 91' lang='lat' dir='ltr'><strong>que-</strong></span> 
     </span>
     <span class='ocr_line' id='line_1_25' title="bbox 948 3696 3763 3795; baseline 0.002 -28"><span class='ocrx_word' id='word_1_238' title='bbox 948 3696 1277 3770; x_wconf 86' lang='lat' dir='ltr'><strong>rimonias</strong></span> <span class='ocrx_word' id='word_1_239' title='bbox 1305 3699 1393 3773; x_wconf 92' lang='lat' dir='ltr'><strong>de</strong></span> <span class='ocrx_word' id='word_1_240' title='bbox 1418 3700 1659 3773; x_wconf 87' lang='lat' dir='ltr'><strong>castris</strong></span> <span class='ocrx_word' id='word_1_241' title='bbox 1683 3709 1753 3772; x_wconf 94' lang='lat' dir='ltr'><strong>et</strong></span> <span class='ocrx_word' id='word_1_242' title='bbox 1776 3700 2275 3773; x_wconf 89' lang='lat' dir='ltr'><strong>munitionibus</strong></span> <span class='ocrx_word' id='word_1_243' title='bbox 2292 3700 2478 3788; x_wconf 90' lang='lat' dir='ltr'><strong>aliis,</strong></span> <span class='ocrx_word' id='word_1_244' title='bbox 2512 3699 2602 3773; x_wconf 93' lang='lat' dir='ltr'><strong>de</strong></span> <span class='ocrx_word' id='word_1_245' title='bbox 2620 3700 2879 3795; x_wconf 91' lang='lat' dir='ltr'><strong>quibus</strong></span> <span class='ocrx_word' id='word_1_246' title='bbox 2906 3700 3147 3794; x_wconf 90' lang='lat' dir='ltr'><strong>rapine</strong></span> <span class='ocrx_word' id='word_1_247' title='bbox 3184 3709 3253 3772; x_wconf 94' lang='lat' dir='ltr'><strong>et</strong></span> <span class='ocrx_word' id='word_1_248' title='bbox 3275 3700 3597 3773; x_wconf 89' lang='lat' dir='ltr'><strong>incendia</strong></span> <span class='ocrx_word' id='word_1_249' title='bbox 3616 3700 3763 3774; x_wconf 86' lang='lat' dir='ltr'><strong>fieri</strong></span> 
     </span>
     <span class='ocr_line' id='line_1_26' title="bbox 950 3823 3764 3919; baseline 0.001 -25"><span class='ocrx_word' id='word_1_250' title='bbox 950 3833 1487 3913; x_wconf 82' lang='lat' dir='ltr'><strong>consueverunt,</strong></span> <span class='ocrx_word' id='word_1_251' title='bbox 1528 3834 1599 3897; x_wconf 92' lang='lat' dir='ltr'><strong>et</strong></span> <span class='ocrx_word' id='word_1_252' title='bbox 1635 3823 1938 3897; x_wconf 88' lang='lat' dir='ltr'><strong>dictante</strong></span> <span class='ocrx_word' id='word_1_253' title='bbox 1962 3824 2298 3897; x_wconf 89' lang='lat' dir='ltr'><strong>sententia</strong></span> <span class='ocrx_word' id='word_1_254' title='bbox 2324 3825 2715 3919; x_wconf 92' lang='lat' dir='ltr'><strong>principum</strong></span> <span class='ocrx_word' id='word_1_255' title='bbox 2752 3833 2821 3895; x_wconf 93' lang='lat' dir='ltr'><strong>et</strong></span> <span class='ocrx_word' id='word_1_256' title='bbox 2864 3824 3152 3896; x_wconf 92' lang='lat' dir='ltr'><strong>aliorum</strong></span> <span class='ocrx_word' id='word_1_257' title='bbox 3183 3824 3545 3917; x_wconf 86' lang='lat' dir='ltr'><strong>nobilium,</strong></span> <span class='ocrx_word' id='word_1_258' title='bbox 3579 3824 3764 3898; x_wconf 90' lang='lat' dir='ltr'><strong>diffi-</strong></span> 
     </span>
     <span class='ocr_line' id='line_1_27' title="bbox 949 3944 3765 4043; baseline 0.002 -28"><span class='ocrx_word' id='word_1_259' title='bbox 949 3944 1253 4018; x_wconf 89' lang='lat' dir='ltr'><strong>nivimus</strong></span> <span class='ocrx_word' id='word_1_260' title='bbox 1273 3947 1639 4020; x_wconf 90' lang='lat' dir='ltr'><strong>statuendo</strong></span> <span class='ocrx_word' id='word_1_261' title='bbox 1664 3948 1857 4043; x_wconf 91' lang='lat' dir='ltr'><strong>quod</strong></span> <span class='ocrx_word' id='word_1_262' title='bbox 1885 3948 2133 4022; x_wconf 90' lang='lat' dir='ltr'><strong>eadem</strong></span> <span class='ocrx_word' id='word_1_263' title='bbox 2169 3957 2389 4021; x_wconf 89' lang='lat' dir='ltr'><strong>castra</strong></span> <span class='ocrx_word' id='word_1_264' title='bbox 2416 3956 2490 4021; x_wconf 93' lang='lat' dir='ltr'><strong>et</strong></span> <span class='ocrx_word' id='word_1_265' title='bbox 2509 3946 2923 4019; x_wconf 87' lang='lat' dir='ltr'><strong>munitiones</strong></span> <span class='ocrx_word' id='word_1_266' title='bbox 2953 3956 3229 4043; x_wconf 91' lang='lat' dir='ltr'><strong>propter</strong></span> <span class='ocrx_word' id='word_1_267' title='bbox 3265 3947 3566 4042; x_wconf 91' lang='lat' dir='ltr'><strong>dampna</strong></span> <span class='ocrx_word' id='word_1_268' title='bbox 3602 3947 3765 4022; x_wconf 81' lang='lat' dir='ltr'><strong>data</strong></span> 
     </span>
     <span class='ocr_line' id='line_1_28' title="bbox 946 4069 3762 4167; baseline 0.001 -28"><span class='ocrx_word' id='word_1_269' title='bbox 946 4078 1016 4139; x_wconf 92' lang='lat' dir='ltr'><strong>et</strong></span> <span class='ocrx_word' id='word_1_270' title='bbox 1031 4069 1351 4144; x_wconf 92' lang='lat' dir='ltr'><strong>incendia</strong></span> <span class='ocrx_word' id='word_1_271' title='bbox 1372 4081 1755 4167; x_wconf 87' lang='lat' dir='ltr'><strong>perpetrata</strong></span> <span class='ocrx_word' id='word_1_272' title='bbox 1779 4072 2077 4146; x_wconf 89' lang='lat' dir='ltr'><strong>debeant</strong></span> <span class='ocrx_word' id='word_1_273' title='bbox 2099 4072 2358 4146; x_wconf 84' lang='lat' dir='ltr'><strong>destrui</strong></span> <span class='ocrx_word' id='word_1_274' title='bbox 2385 4082 2455 4145; x_wconf 93' lang='lat' dir='ltr'><strong>et</strong></span> <span class='ocrx_word' id='word_1_275' title='bbox 2476 4072 2790 4148; x_wconf 80' lang='lat' dir='ltr'><strong>funditus</strong></span> <span class='ocrx_word' id='word_1_276' title='bbox 2816 4071 3156 4145; x_wconf 92' lang='lat' dir='ltr'><strong>demoliri.</strong></span> <span class='ocrx_word' id='word_1_277' title='bbox 3186 4072 3273 4144; x_wconf 90' lang='lat' dir='ltr'><strong>Et</strong></span> <span class='ocrx_word' id='word_1_278' title='bbox 3300 4072 3465 4165; x_wconf 92' lang='lat' dir='ltr'><strong>quia</strong></span> <span class='ocrx_word' id='word_1_279' title='bbox 3491 4073 3762 4165; x_wconf 88' lang='lat' dir='ltr'><strong>singula</strong></span> 
     </span>
     <span class='ocr_line' id='line_1_29' title="bbox 948 4192 3763 4293; baseline 0.002 -32"><span class='ocrx_word' id='word_1_280' title='bbox 948 4192 1096 4266; x_wconf 83' lang='lat' dir='ltr'><strong>loca</strong></span> <span class='ocrx_word' id='word_1_281' title='bbox 1128 4215 1267 4266; x_wconf 92' lang='lat' dir='ltr'><strong>non</strong></span> <span class='ocrx_word' id='word_1_282' title='bbox 1302 4205 1697 4289; x_wconf 88' lang='lat' dir='ltr'><strong>poteramus</strong></span> <span class='ocrx_word' id='word_1_283' title='bbox 1735 4197 2182 4292; x_wconf 87' lang='lat' dir='ltr'><strong>personaliter</strong></span> <span class='ocrx_word' id='word_1_284' title='bbox 2216 4196 2664 4293; x_wconf 89' lang='lat' dir='ltr'><strong>pertransire,</strong></span> <span class='ocrx_word' id='word_1_285' title='bbox 2709 4195 2800 4269; x_wconf 90' lang='lat' dir='ltr'><strong>de</strong></span> <span class='ocrx_word' id='word_1_286' title='bbox 2834 4195 3204 4293; x_wconf 87' lang='lat' dir='ltr'><strong>prudentia</strong></span> <span class='ocrx_word' id='word_1_287' title='bbox 3242 4196 3507 4270; x_wconf 89' lang='lat' dir='ltr'><strong>consilii</strong></span> <span class='ocrx_word' id='word_1_288' title='bbox 3546 4197 3763 4268; x_wconf 90' lang='lat' dir='ltr'><strong>nostri</strong></span> 
     </span>
    </p>
   </div>
   <div class='ocr_carea' id='block_1_3' title="bbox 945 4449 3764 4916">
    <p class='ocr_par' dir='ltr' id='par_1_3' title="bbox 945 4449 3764 4625">
     <span class='ocr_line' id='line_1_30' title="bbox 1017 4449 3764 4527; baseline 0.004 -22"><span class='ocrx_word' id='word_1_289' title='bbox 1017 4449 1087 4523; x_wconf 93' lang='grc'><strong>(4)</strong></span> <span class='ocrx_word' id='word_1_290' title='bbox 1124 4450 1210 4507; x_wconf 90' lang='lat' dir='ltr'><strong>De</strong></span> <span class='ocrx_word' id='word_1_291' title='bbox 1239 4449 1343 4508; x_wconf 86' lang='lat' dir='ltr'><strong>hac</strong></span> <span class='ocrx_word' id='word_1_292' title='bbox 1365 4452 1699 4525; x_wconf 87' lang='lat' dir='ltr'><strong>expeditione</strong></span> <span class='ocrx_word' id='word_1_293' title='bbox 1721 4453 1788 4511; x_wconf 92' lang='lat' dir='ltr'><strong>ad</strong></span> <span class='ocrx_word' id='word_1_294' title='bbox 1818 4469 2016 4510; x_wconf 89' lang='lat' dir='ltr'><strong>annum</strong></span> <span class='ocrx_word' id='word_1_295' title='bbox 2036 4455 2175 4510; x_wconf 85' lang='grc'><strong>4229</strong></span> <span class='ocrx_word' id='word_1_296' title='bbox 2203 4468 2389 4510; x_wconf 88' lang='lat' dir='ltr'><strong>mense</strong></span> <span class='ocrx_word' id='word_1_297' title='bbox 2403 4453 2539 4526; x_wconf 90' lang='lat' dir='ltr'><strong>julio</strong></span> <span class='ocrx_word' id='word_1_298' title='bbox 2557 4452 2768 4510; x_wconf 87' lang='lat' dir='ltr'><strong>circiter</strong></span> <span class='ocrx_word' id='word_1_299' title='bbox 2782 4452 3103 4523; x_wconf 89' lang='lat' dir='ltr'><strong>collocanda,</strong></span> <span class='ocrx_word' id='word_1_300' title='bbox 3125 4452 3327 4509; x_wconf 93' lang='lat' dir='ltr'><strong>nullum</strong></span> <span class='ocrx_word' id='word_1_301' title='bbox 3358 4451 3498 4510; x_wconf 90' lang='lat' dir='ltr'><strong>aliud</strong></span> <span class='ocrx_word' id='word_1_302' title='bbox 3515 4460 3764 4527; x_wconf 84' lang='lat' dir='ltr'><strong>superest</strong></span> 
     </span>
     <span class='ocr_line' id='line_1_31' title="bbox 945 4545 3315 4625; baseline 0.001 -23"><span class='ocrx_word' id='word_1_303' title='bbox 945 4545 1340 4619; x_wconf 85' lang='lat' dir='ltr'><strong>documentum,</strong></span> <span class='ocrx_word' id='word_1_304' title='bbox 1374 4548 1516 4605; x_wconf 86' lang='lat' dir='ltr'><strong>sicut</strong></span> <span class='ocrx_word' id='word_1_305' title='bbox 1536 4565 1703 4623; x_wconf 91' lang='lat' dir='ltr'><strong>supra</strong></span> <span class='ocrx_word' id='word_1_306' title='bbox 1725 4551 2049 4608; x_wconf 76' lang='lat' dir='ltr'><strong>monuimuS.</strong></span> <span class='ocrx_word' id='word_1_307' title='bbox 2069 4550 2149 4608; x_wconf 77' lang='lat' dir='ltr'><strong>ct.</strong></span> <span class='ocrx_word' id='word_1_308' title='bbox 2182 4557 2224 4606; x_wconf 93' lang='lat' dir='ltr'><strong>t.</strong></span> <span class='ocrx_word' id='word_1_309' title='bbox 2249 4551 2341 4620; x_wconf 80' lang='grc' dir='ltr'>ΙΙΙ,</span> <span class='ocrx_word' id='word_1_310' title='bbox 2366 4567 2424 4623; x_wconf 89' lang='lat' dir='ltr'><strong>p.</strong></span> <span class='ocrx_word' id='word_1_311' title='bbox 2454 4553 2578 4621; x_wconf 79' lang='grc'><strong>445,</strong></span> <span class='ocrx_word' id='word_1_312' title='bbox 2598 4556 2710 4607; x_wconf 92' lang='lat' dir='ltr'><strong>not.</strong></span> <span class='ocrx_word' id='word_1_313' title='bbox 2731 4553 2786 4621; x_wconf 86' lang='grc'><strong>2,</strong></span> <span class='ocrx_word' id='word_1_314' title='bbox 2815 4556 2940 4625; x_wconf 90' lang='lat' dir='ltr'><strong>etp.</strong></span> <span class='ocrx_word' id='word_1_315' title='bbox 2969 4553 3095 4621; x_wconf 82' lang='lat'><strong>399,</strong></span> <span class='ocrx_word' id='word_1_316' title='bbox 3124 4555 3236 4607; x_wconf 92' lang='lat' dir='ltr'><strong>not.</strong></span> <span class='ocrx_word' id='word_1_317' title='bbox 3262 4555 3315 4606; x_wconf 91' lang='grc'><strong>4.</strong></span> 
     </span>
    </p>

    <p class='ocr_par' dir='ltr' id='par_1_4' title="bbox 1020 4641 2603 4721">
     <span class='ocr_line' id='line_1_32' title="bbox 1020 4641 2603 4721; baseline 0.003 -24"><span class='ocrx_word' id='word_1_318' title='bbox 1020 4641 1089 4714; x_wconf 74' lang='grc'><strong>(2)</strong></span> <span class='ocrx_word' id='word_1_319' title='bbox 1124 4643 1247 4700; x_wconf 88' lang='lat' dir='ltr'><strong>vid.</strong></span> <span class='ocrx_word' id='word_1_320' title='bbox 1268 4659 1453 4717; x_wconf 85' lang='lat' dir='ltr'><strong>supra,</strong></span> <span class='ocrx_word' id='word_1_321' title='bbox 1477 4651 1519 4702; x_wconf 86' lang='lat' dir='ltr'><strong>t.</strong></span> <span class='ocrx_word' id='word_1_322' title='bbox 1543 4646 1636 4716; x_wconf 89' lang='lat'><strong>111,</strong></span> <span class='ocrx_word' id='word_1_323' title='bbox 1661 4664 1716 4720; x_wconf 89' lang='lat' dir='ltr'><strong>p.</strong></span> <span class='ocrx_word' id='word_1_324' title='bbox 1742 4650 1870 4719; x_wconf 83' lang='grc'><strong>224,</strong></span> <span class='ocrx_word' id='word_1_325' title='bbox 1891 4654 2003 4704; x_wconf 93' lang='lat' dir='ltr'><strong>not.</strong></span> <span class='ocrx_word' id='word_1_326' title='bbox 2025 4652 2077 4716; x_wconf 85' lang='grc'><strong>4,</strong></span> <span class='ocrx_word' id='word_1_327' title='bbox 2101 4654 2231 4721; x_wconf 89' lang='lat' dir='ltr'><strong>etp.</strong></span> <span class='ocrx_word' id='word_1_328' title='bbox 2261 4650 2385 4716; x_wconf 77' lang='lat'><strong>399,</strong></span> <span class='ocrx_word' id='word_1_329' title='bbox 2407 4652 2519 4704; x_wconf 91' lang='lat' dir='ltr'><strong>not.</strong></span> <span class='ocrx_word' id='word_1_330' title='bbox 2548 4649 2603 4704; x_wconf 93' lang='grc'><strong>2.</strong></span> 
     </span>
    </p>

    <p class='ocr_par' dir='ltr' id='par_1_5' title="bbox 1018 4740 3276 4820">
     <span class='ocr_line' id='line_1_33' title="bbox 1018 4740 3276 4820; baseline 0.002 -26"><span class='ocrx_word' id='word_1_331' title='bbox 1018 4740 1092 4811; x_wconf 82' lang='grc'><strong>(3)</strong></span> <span class='ocrx_word' id='word_1_332' title='bbox 1129 4740 1405 4799; x_wconf 68' lang='lat' dir='ltr'><strong>mensibus</strong></span> <span class='ocrx_word' id='word_1_333' title='bbox 1430 4741 1635 4799; x_wconf 89' lang='lat' dir='ltr'><strong>scilicet</strong></span> <span class='ocrx_word' id='word_1_334' title='bbox 1654 4750 1880 4816; x_wconf 83' lang='lat' dir='ltr'><strong>augusto</strong></span> <span class='ocrx_word' id='word_1_335' title='bbox 1896 4751 1954 4801; x_wconf 90' lang='lat' dir='ltr'><strong>et</strong></span> <span class='ocrx_word' id='word_1_336' title='bbox 1976 4744 2270 4820; x_wconf 85' lang='lat' dir='ltr'><strong>septembri</strong></span> <span class='ocrx_word' id='word_1_337' title='bbox 2293 4747 2453 4802; x_wconf 80' lang='grc'><strong>4233.</strong></span> <span class='ocrx_word' id='word_1_338' title='bbox 2483 4744 2605 4803; x_wconf 85' lang='lat' dir='ltr'><strong>vid.</strong></span> <span class='ocrx_word' id='word_1_339' title='bbox 2633 4759 2818 4816; x_wconf 86' lang='lat' dir='ltr'><strong>supra,</strong></span> <span class='ocrx_word' id='word_1_340' title='bbox 2845 4761 2903 4817; x_wconf 93' lang='lat' dir='ltr'><strong>p.</strong></span> <span class='ocrx_word' id='word_1_341' title='bbox 2929 4745 3032 4800; x_wconf 86' lang='grc'><strong>649</strong></span> <span class='ocrx_word' id='word_1_342' title='bbox 3050 4748 3105 4800; x_wconf 91' lang='lat' dir='ltr'><strong>et</strong></span> <span class='ocrx_word' id='word_1_343' title='bbox 3123 4758 3276 4819; x_wconf 88' lang='lat' dir='ltr'><strong>seqq.</strong></span> 
     </span>
    </p>

    <p class='ocr_par' dir='ltr' id='par_1_6' title="bbox 1023 4832 2185 4916">
     <span class='ocr_line' id='line_1_34' title="bbox 1023 4832 2185 4916; baseline 0.008 -27"><span class='ocrx_word' id='word_1_344' title='bbox 1023 4832 1092 4907; x_wconf 83' lang='lat' dir='ltr'><strong>(t)</strong></span> <span class='ocrx_word' id='word_1_345' title='bbox 1127 4835 1420 4893; x_wconf 82' lang='lat' dir='ltr'><strong>Februario</strong></span> <span class='ocrx_word' id='word_1_346' title='bbox 1448 4839 1620 4910; x_wconf 69' lang='grc' dir='ltr'><strong>4234ς</strong></span> <span class='ocrx_word' id='word_1_347' title='bbox 1649 4838 1760 4898; x_wconf 83' lang='lat' dir='ltr'><strong>vid.</strong></span> <span class='ocrx_word' id='word_1_348' title='bbox 1789 4856 1954 4914; x_wconf 83' lang='lat' dir='ltr'><strong>supra</strong></span> <span class='ocrx_word' id='word_1_349' title='bbox 1977 4857 2038 4916; x_wconf 93' lang='lat' dir='ltr'><strong>p.</strong></span> <span class='ocrx_word' id='word_1_350' title='bbox 2060 4844 2185 4899; x_wconf 78' lang='grc'><strong>630.</strong></span> 
     </span>
    </p>
   </div>
  </div>
 </body>
</html>
