4842 5802
1210 666 1334 728 822
2213 661 2642 723 tammum
2692 661 3043 743 SECUNDJ
3671 666 3833 744 [Asu.
3872 666 4044 729 1236.

1213 796 1445 907 hujus
1499 794 1856 878 ecclesiae
1911 820 1958 877 a
2012 819 2093 877 se
2141 793 2511 903 suscepit,
2570 819 2791 900 eum,
2854 818 3326 877 successores
3378 794 3583 905 ejus,
3626 796 4050 905 capitulum

1212 929 1881 1040 possessionesque
1932 937 2007 1009 et
2060 926 2240 1037 jura
2293 925 2652 1009 ecclesiae
2711 925 2859 1008 sub
2897 929 3359 1035 protectione
3419 952 3562 1009 sua
3620 938 3698 1010 et
3749 927 4048 1038 imperii

1213 1062 1519 1170 recipit,
1561 1060 1808 1142 eidem
1853 1058 2209 1141 ecclesiae
2245 1057 2450 1141 bona
2493 1058 2752 1142 omnia
2797 1084 3130 1167 quorum
3175 1058 3557 1168 quaedam
3593 1060 4050 1143 nominatim

1214 1194 1769 1304 exprimuntur,
1811 1190 2299 1274 confirmans

1382 1403 1578 1483 (Edid.
1601 1419 1682 1462 ns
1699 1402 2436 1478 WsmmnnstWmm
2456 1400 2664 1465 incdit.
2678 1419 2791 1464 rer.
2820 1404 3090 1464 German.
3107 1403 3420 1484 praecipue
3435 1401 3878 1483 Cimb-icarum,
3899 1412 4046 1482 etc„

1458 1516 1502 1570 t.
1535 1510 1618 1581 11,
1648 1527 1711 1587 p.
1739 1518 1846 1570 207
1859 1508 1941 1588 ο.)

1317 1699 1391 1769 In
1431 1696 1713 1770 nomine
1755 1706 1987 1770 sancte
2038 1707 2107 1771 et
2148 1696 2516 1772 individue
2559 1697 2928 1771 Trinitatis.
2977 1697 3366 1772 Fridericus
3405 1697 3756 1772 secundus
3802 1697 4047 1773 divina

1224 1821 1496 1893 favente
1533 1819 1894 1893 clementia
1933 1818 2399 1894 Romanorum
2439 1820 2804 1917 imperator
2849 1842 3122 1917 semper
3153 1830 3526 1917 augustus,
3564 1820 3938 1893 Jerusalem
3976 1830 4050 1893 et

1220 1942 1455 2017 Sicilie
1511 1964 1663 2016 rex.
1726 1942 1835 2018 Ad
1881 1945 2432 2041 promovendum
2477 1956 2548 2019 et
2593 1946 3145 2019 conservandum
3196 1944 3560 2019 salubriter
3605 1943 4048 2018 ecclesiarum

1223 2078 1513 2158 statum,
1552 2067 1739 2140 illius
1777 2067 2031 2140 intuitu
2064 2070 2266 2162 cujus
2305 2070 2569 2142 nomini
2606 2079 2768 2142 sunt
2804 2069 3063 2162 dicate,
3111 2069 3202 2142 de
3241 2069 3441 2162 cnjus
3490 2069 3847 2142 clementia
3887 2069 4049 2142 feli-

1223 2193 1393 2264 citer
1427 2192 1881 2286 imperamnS,
1927 2213 2192 2264 necnon
2225 2202 2303 2264 ut
2341 2192 2415 2264 in
2452 2193 2653 2266 bonis
2688 2215 2926 2266 earum
2966 2195 3206 2267 favore
3250 2205 3483 2267 nostro
3515 2202 3831 2266 servetur
3871 2193 4050 2265 inte·

1224 2317 1473 2411 grim,
1539 2323 1727 2387 tanto
1790 2315 2240 2387 favorabilius
2301 2314 2696 2388 inducimur
2752 2326 2821 2388 et
2873 2326 3187 2389 tenemur
3240 2324 3500 2410 quanto
3548 2316 3621 2387 in
3674 2326 4048 2412 conspectu

1227 2438 1480 2512 summi
1516 2437 1699 2533 regis
1726 2438 2057 2532 gratiores
2089 2438 2451 2529 efficimur,
2485 2437 2575 2513 de
2610 2442 2812 2533 cujus
2841 2440 3183 2514 bonorum
3211 2440 3639 2537 plenitudine
3664 2443 4053 2537 recepimus

1226 2563 1575 2637 universa.
1610 2561 1788 2633 Hinc
1820 2570 1922 2634 est
1950 2562 2185 2656 itaque
2212 2562 2402 2658 quod
2436 2564 2773 2659 presentis
2801 2562 3036 2659 scripti
3066 2563 3243 2637 serie
3271 2573 3511 2638 notum
3548 2562 3697 2638 fieri
3728 2565 4053 2637 volumus

1225 2685 1570 2762 universis
1606 2685 1797 2781 quod
1834 2708 1993 2758 cum
2041 2688 2280 2759 Petrus
2327 2685 2876 2782 Raceburgensis
2913 2684 3015 2786 (l)
3051 2689 3440 2784 episcopus»,
3488 2687 3781 2761 dilectus
3821 2684 4054 2761 fidelis

1226 2820 1482 2901 noster,
1525 2809 1597 2881 in
1636 2820 2004 2906 conspectu
2040 2820 2274 2883 nostro
2318 2833 2392 2883 se
2423 2810 2957 2908 presentaverit‚
3004 2812 3307 2906 regalem
3349 2811 3823 2885 investituram
3872 2822 4053 2885 tem—

1231 2936 1565 3032 poralium
1622 2933 1964 3006 bonorum
2036 2934 2323 3006 ecclesie
2372 2956 2534 3027 sne,
2597 2934 2778 3007 sicut
2836 2935 3047 3008 moris
3091 2946 3233 3029 est,
3282 2958 3410 3032 pro
3449 2945 3644 3032 parte
3698 2945 3930 3009 nostra
3983 2945 4055 3007 et

1226 3060 1500 3157 imperii
1550 3058 1638 3130 de
1679 3057 2045 3152 largitione
2093 3057 2519 3131 celsitudinis
2552 3070 2782 3132 nostre
2823 3058 3242 3154 suscipienS,
3277 3069 3513 3132 nostro
3547 3058 3825 3132 culmini
3877 3080 4057 3154 snp-

1230 3184 1515 3282 plicavit
1550 3191 1894 3277 quatenns
1942 3203 2308 3278 personam
2351 3205 2577 3274 suam,
2624 3203 3052 3256 successores
3095 3204 3285 3273 snos,
3327 3181 3733 3280 capitulum,
3774 3202 4058 3278 posses-

1233 3310 1501 3400 sioneS‚
1556 3306 1859 3381 decimas
1900 3314 1969 3379 et
2011 3306 2245 3379 omnia
2285 3306 2470 3380 bona
2519 3315 2587 3380 et
2628 3308 2786 3401 jura
2838 3305 3124 3379 ecclesie
3168 3315 3307 3378 tam
3355 3306 3426 3377 in
3467 3305 3667 3401 aquis
3718 3328 3930 3401 qnam
3979 3306 4054 3378 in

1232 3433 1432 3508 terris
1479 3453 1619 3526 que
1656 3429 1727 3502 in
1779 3431 2275 3527 presentiarum
2311 3431 2500 3523 justo
2535 3429 2734 3502 titulo
2772 3428 3080 3526 possidet
3112 3432 3223 3503 vel
3269 3431 3343 3502 in
3390 3441 3590 3505 antea
3636 3431 3885 3526 poterit
3927 3452 4058 3504 ra—

1232 3556 1649 3631 tionabiliter
1684 3554 2015 3650 adipisci,
2073 3552 2204 3626 sub
2237 3564 2537 3626 nostram
2588 3562 2660 3626 et
2698 3550 2970 3649 imperii
3006 3553 3369 3649 specialem
3411 3553 3905 3650 protectionem
3946 3574 4058 3626 re-

1234 3683 1463 3779 cipere
1493 3690 1562 3753 et
1597 3679 1687 3752 de
1714 3686 1947 3751 nostra
1976 3677 2423 3773 dignaremur
2467 3678 2684 3771 gratia
2732 3675 3160 3751 confirmare.
3211 3680 3353 3752 Nos
3399 3679 3633 3772 itaque
3676 3679 3819 3751 suis
3850 3678 4058 3771 justis

1232 3801 1850 3901 supplicationibus
1882 3802 2279 3874 clementius
2315 3811 2722 3894 annuenteS,
2762 3801 3002 3876 divine
3044 3799 3510 3875 retributionis
3546 3801 3798 3874 intuitu
3833 3810 3903 3874 et
3931 3820 4058 3896 pro

1236 3940 1466 4004 nostre
1510 3926 1750 4001 salutis
1793 3934 2204 4021 augmento,
2246 3923 2568 3999 eumdem
2604 3924 3040 4021 episcopum,
3078 3946 3506 3999 successores
3550 3946 3746 4018 51103,
3784 3924 4062 4020 capitu-

1236 4058 1408 4146 lum,
1452 4051 1947 4146 possessiones,
1990 4046 2319 4140 decimaS,
2354 4047 2587 4122 omnia
2620 4048 2804 4121 bona
2839 4057 2908 4121 et
2936 4051 3095 4142 jura
3133 4049 3456 4139 ecclesie,
3493 4049 3672 4120 sicut
3702 4069 3785 4120 ea
3825 4051 4060 4121 omnia

1240 4188 1380 4250 tam
1418 4175 1490 4247 in
1540 4173 1738 4267 aquis
1782 4194 1992 4267 quam
2032 4171 2104 4243 in
2156 4172 2354 4244 terris
2401 4171 2475 4243 in
2520 4172 2814 4267 presenti
2852 4174 3040 4264 juste
3084 4173 3390 4245 noscitur
3430 4168 3777 4266 possidere
3821 4172 3934 4243 vel
3986 4171 4059 4242 in

1237 4310 1440 4374 antea
1465 4298 1653 4390 justo
1691 4295 1886 4368 titulo
1922 4294 2166 4390 poterit
2199 4293 2532 4390 adipisci,
2569 4296 2701 4366 sub
2737 4305 2966 4367 nostra
3005 4304 3074 4368 et
3111 4295 3379 4392 imperii
3412 4294 3829 4389 protectione
3867 4294 4063 4367 reci-

1241 4424 1474 4518 pimus
1506 4420 1812 4516 speciali,
1860 4429 1927 4491 et
1971 4418 2215 4491 eadem
2255 4417 2345 4490 de
2381 4417 2614 4490 innata
2650 4417 2782 4490 sibi
2828 4428 3056 4491 nostre
3088 4415 3461 4510 majestatis
3487 4417 3844 4488 clementia
3886 4438 4063 4489 con-

1314 4702 1384 4776 (l)
1423 4701 1715 4774 Baalim-9,
1756 4701 1889 4758 urbs
1918 4700 2187 4774 quondam
2219 4699 2560 4774 episcopalis,
2596 4698 2830 4773 quinque
2867 4699 3034 4757 leucis
3078 4705 3190 4757 tum
3222 4698 3512 4770 Lubeckio‚
3547 4704 3663 4754 tum
3696 4697 4067 4771 Lavvenburgo

1241 4797 1462 4857 distans.
