4842 5802
859 665 1055 724 Iunior.
1090 663 1179 738 7.]
1757 656 2156 717 HISTORIA
2193 650 2782 713 DIPLOMATICA.
3554 651 3679 712 629

1289 941 1529 952 --——

972 1216 1344 1299 Henricus
1361 1276 1384 1321 ‚
1423 1213 1944 1297 Romanorum
1977 1237 2148 1315 rex,
2192 1211 2621 1320 principum
2665 1210 2992 1292 dictante
3029 1213 3393 1295 sententia
3416 1274 3440 1320 ‚
3481 1239 3679 1321 pos-

3844 1240 3969 1293 Apud

3773 1295 4009 1338 karurt
4020 1325 4031 1345 ,

873 1351 1282 1432 sessionem
1320 1348 1613 1458 argenti
1659 1347 2097 1429 fodinarum
2132 1355 2207 1427 et
2241 1345 2663 1426 fossionum
2718 1346 3093 1427 montium
3129 1372 3263 1453 per
3298 1346 3679 1458 Brisgau-
3769 1352 3814 1392 ¹·
3838 1347 4059 1391 amau.

871 1482 1102 1588 viam,
1148 1507 1374 1590 super
1418 1507 1574 1589 qua
1608 1480 1807 1560 inter
1843 1478 2362 1559 marchionem
2398 1478 2493 1558 de
2526 1475 2785 1558 Baden
2823 1489 2898 1558 et
2932 1478 3284 1559 comitem
3309 1480 3406 1560 de
3443 1480 3685 1562 Urach

871 1614 968 1695 lis
1009 1614 1469 1717 vertebatur,
1521 1614 1622 1695 ad
1665 1611 2075 1693 Henricum
2129 1611 2566 1719 episcopum
2621 1620 2695 1692 et
2753 1608 3145 1692 ecclesiam
3198 1611 3688 1695 Basiliensem

875 1747 1247 1855 pertinere
1281 1746 1643 1828 decernit.

1037 1958 1230 2037 (Edit.
1260 1976 1357 2037 ap.
1386 1960 1758 2029 Taoumu,
1788 1958 2050 2018 Monum-
2083 1955 2152 2015 de
2178 1952 2413 2016 l’eveclae
2440 1953 2510 2015 de
2535 1953 2714 2035 Βᾶῖι,
2743 1962 2785 2016 t.
2823 1958 2876 2030 1,
2907 1976 2968 2034 p.
3000 1966 3150 2031 530,
3178 1968 3246 2018 11⁰
3273 1967 3420 2033 356,
3450 1977 3525 2021 ex
3553 1961 3684 2023 cod.

1115 2067 1422 2143 diplomat.
1452 2066 1662 2127 eccles.
1691 2064 1900 2138 Basil„
1931 2063 2036 2124 fol.
2067 2070 2141 2122 49
2172 2061 2255 2140 b.)

974 2262 1050 2332 In
1082 2260 1360 2331 nomine
1388 2269 1622 2332 sancte
1651 2269 1719 2331 et
1756 2256 2119 2330 individue
2150 2255 2524 2330 Trinitatis,
2579 2256 2934 2328 Heinricus
2967 2255 3207 2329 divina
3241 2260 3516 2334 favente
3552 2264 3692 2337 cle·

882 2384 1135 2456 mentia
1155 2405 1286 2455 rex
1317 2384 1779 2455 Romanorum
1806 2403 2076 2476 semper
2102 2392 2471 2474 augustus,
2519 2381 2860 2452 universis
2879 2382 3145 2473 imperii
3169 2381 3493 2456 fidelibus
3515 2385 3695 2461 hanc

880 2503 1174 2581 litteram
1214 2505 1621 2601 inspecturis
1668 2505 1957 2597 gratiam
2002 2526 2198 2576 suam
2240 2515 2308 2576 et
2346 2526 2552 2576 omne
2586 2506 2871 2577 bonum.
2916 2505 3199 2576 Noverit
3232 2515 3368 2577 tam
3418 2531 3694 2602 presens

882 2639 1029 2701 etas
1067 2651 1276 2722 quam
1305 2649 1706 2700 successura
1733 2628 2096 2722 posteritas
2117 2628 2308 2722 quod
2342 2649 2501 2698 cum
2526 2624 2611 2699 lis
2643 2637 2712 2700 et
2747 2625 3092 2699 contentio
3119 2638 3496 2703 verteretur
3521 2634 3696 2706 inter

885 2755 1348 2824 Hermannum
1380 2752 1846 2823 marchionem
1875 2750 1966 2823 de
1982 2752 2217 2823 Baden
2247 2761 2315 2822 et
2347 2753 2660 2824 comitem
2698 2753 3091 2845 Egenonem
3119 2752 3208 2824 de
3231 2753 3451 2825 Urach
3489 2778 3697 2851 super

883 2876 1146 2970 argenti
1177 2872 1430 2948 fodinis
1457 2883 1525 2947 et
1556 2874 1967 2947 fossionibus
1996 2875 2333 2947 montium
2372 2897 2493 2969 per
2515 2871 2993 2967 Brisgauviam
3015 2876 3427 2970 constitutis,
3469 2900 3697 2953 coram

885 3000 1083 3070 nobis
1114 3008 1183 3070 et
1212 2997 1677 3093 principibus,
1724 2998 2041 3070 videlicet
2078 3001 2147 3070 S.
2184 2999 2565 3070 venerabili
2604 2999 3108 3091 Moguntinensi
3145 3001 3690 3099 archiepiscop0‚

887 3123 1272 3195 Ekenberto
1314 3121 1854 3213 Babinbergensi
1888 3121 2244 3216 episcopo,
2287 3123 2357 3192 S.
2405 3121 2880 3214 Ratisponensi
2921 3123 3277 3217 episcopo,
3329 3125 3701 3221 imperialis

887 3245 1042 3317 aule
1085 3244 1523 3334 cancellario,
1571 3243 1646 3314 C.
1681 3243 1929 3316 abbate
1951 3245 2182 3316 Sancti
2218 3244 2390 3316 Galli
2428 3255 2495 3315 et
2525 3244 2802 3316 Alberto
2839 3245 3015 3316 duce
3042 3249 3364 3334 Saxonie,
3412 3248 3702 3344 aliisque

889 3368 1418 3461 quampluribus
1453 3367 1889 3460 magnatibus
1918 3368 2234 3461 imperii,
2288 3376 2357 3440 et
2390 3367 2747 3438 hincinde
2774 3367 3006 3438 multis
3029 3366 3703 3465 discep[ta]tionibus

894 3490 1355 3582 dissentirent,
1370 3490 1663 3563 dilectus
1675 3491 1997 3585 princeps
2009 3500 2237 3562 noster
2245 3491 2418 3562 Hein
2426 3491 2610 3562 ricus
2624 3491 3014 3562 Basiliensis
3029 3492 3395 3587 episcopus
3412 3517 3704 3587 surgens

897 3613 1181 3685 emedio
1206 3635 1326 3707 per
1351 3615 1696 3687 sufficiens
1716 3614 2182 3687 testimonium
2210 3614 2726 3708 privilegiorum
2751 3635 3060 3702 suorum,
3092 3615 3362 3686 testium
3381 3617 3698 3711 aliorum,

895 3733 1244 3829 predictas
1288 3737 1552 3830 argenti
1605 3736 1876 3809 fodinas
1925 3744 1994 3807 et
2045 3736 2373 3808 fossiones
2407 3736 2764 3806 Basiliensi
2809 3733 3095 3807 ecclesie
3118 3735 3206 3808 de
3232 3739 3705 3815 collationibus

898 3859 1382 3953 imperatorum
1420 3881 1502 3932 ac
1532 3882 1777 3953 regum
1814 3859 2020 3954 pleno
2049 3860 2206 3950 jure
2240 3858 2527 3930 attinere
2563 3855 2860 3930 obtinuit
2899 3869 2969 3930 et
3003 3859 3244 3952 evicit3
3289 3885 3508 3957 usque
3531 3865 3708 3939 adeo

896 3983 1085 4076 quod
1122 3984 1279 4054 talis
1320 3984 1459 4055 lata
1503 3992 1606 4054 est
1654 3984 1989 4056 sententia
2034 3991 2104 4054 et
2144 3982 2235 4053 ab
2267 3982 2587 4053 omnibus
2629 3981 3041 4075 approbata,
3088 3985 3290 4055 etiam
3328 3989 3707 4063 astantibus

897 4106 1351 4197 adversariis,
1395 4127 1624 4178 coram
1668 4107 1870 4178 nobis
1905 4115 1974 4178 et
2023 4105 2452 4201 principibus
2490 4107 2862 4199 prenotatis
2900 4106 3090 4200 quod
3134 4106 3462 4202 deinceps
3499 4133 3709 4205 super

898 4230 1158 4303 eisdem
1185 4229 1492 4323 gaudere
1516 4228 1797 4302 deberet
1823 4229 2250 4324 possessione
2278 4226 2562 4322 pacifica
2587 4238 2654 4300 et
2686 4227 3081 4323 tranquilla,
3126 4239 3196 4301 et
3226 4252 3269 4302 a
3297 4233 3484 4304 nullo
3503 4256 3709 4329 super

898 4354 1308 4449 proprietate
1349 4353 1751 4425 earumdem
1801 4351 2065 4447 argenti
2111 4353 2502 4424 fodinarum
2529 4362 2597 4424 et
2630 4354 3004 4426 fossionum
3025 4356 3184 4446 jure
3223 4356 3457 4447 previo
3495 4360 3712 4452 possit

902 4478 1011 4547 vel
1051 4475 1335 4548 deberet
1379 4476 1470 4547 ab
1520 4477 1753 4570 aliquo
1798 4475 2233 4570 postmodum
2278 4476 2654 4570 impulsari.
2706 4475 2813 4548 Ad
2851 4479 3047 4568 cujus
3087 4479 3420 4550 sententie
3457 4491 3710 4553 certam

904 4598 1322 4671 evidentiam
1381 4608 1452 4671 et
1494 4599 1708 4672 robur
1751 4600 1823 4669 in
1875 4609 2224 4695 posterum
2291 4600 2697 4692 valiturum,
2762 4622 3043 4695 presens
3098 4601 3428 4697 scriptum
3487 4604 3712 4699 sigillo

906 4733 1135 4794 nostro
1151 4723 1487 4814 jussimus
1507 4723 1939 4796 communiri.
