4842 5802
1804 663 2060 724 INDEX
2112 660 2803 724 DOGUMENTORUM.
3604 662 3730 724 997-

923 865 1144 942 1254

889 972 1167 1056 ’is-7212?
1329 988 1507 1067 Apud
1664 1020 1747 1035 -
1784 990 2038 1050 Hem-ico
2082 989 2389 1050 Basiliensi
2434 991 2710 1066 episcopo
2752 988 3038 1065 probante
3079 989 3402 1066 Eginonem
3448 993 3722 1052 comitem

1219 1087 1614 1149 Frankeufort
1741 1086 1817 1146 de
1842 1085 2094 1164 Friburg
2119 1085 2195 1146 de
2225 1086 2677 1164 argentifodinis
2701 1091 2763 1145 et
2788 1086 3068 1146 custodiis
3092 1088 3398 1164 sylvarum
3424 1104 3526 1165 per
3548 1089 3720 1150 Bris-

1251 1186 1314 1244 in
1340 1185 1589 1244 solemni
1742 1186 2019 1261 gauviam
2060 1184 2319 1261 legitime
2351 1182 2428 1243 ab
2457 1185 2587 1259 ipso
2610 1181 2983 1243 infeudatum
3020 1200 3176 1258 esse,
3215 1185 3488 1245 eumdem
3523 1189 3721 1247 comi-

1330 1284 1516 1344 curia.
1741 1286 1865 1341 tem
1907 1283 1972 1341 in
2009 1283 2436 1357 possessiouem
2482 1280 2913 1356 praedictorum
2948 1279 3241 1342 bonorum
3281 1284 3465 1342 mittit
3481 1324 3501 1361 ,
3535 1299 3721 1360 eaque

1742 1379 1930 1440 eidem
1958 1378 2294 1439 confirmat.
3600 1389 3719 1443 639

908 1485 980 1538 15
1011 1475 1166 1539 febr.
1324 1474 1503 1551 Apud
1665 1510 1740 1524 —
1780 1478 2141 1539 Sententiam
2167 1477 2244 1539 ab
2270 1476 2522 1553 Hugone
2547 1475 2759 1537 abbate
2783 1475 3157 1537 Murbacensi
3197 1475 3379 1536 latam
3419 1478 3624 1538 inserit
3660 1485 3721 1540 et

1210 1570 1616 1633 Fraukinlort.
1739 1574 2050 1636 confirmat
2087 1592 2261 1651 super
2293 1576 2687 1634 controversia
2722 1590 2874 1651 quae
2907 1573 3243 1634 vertebatur
3275 1576 3428 1634 iuter
3472 1592 3719 1653 praepo·

1740 1674 1921 1733 situm
1945 1679 2007 1734 et
2038 1672 2367 1749 capitulum
2390 1670 2773 1731 Solodoreuse
2808 1688 2885 1732 ex
2920 1687 3043 1732 una
3063 1678 3231 1748 parte
3256 1675 3316 1731 et
3349 1673 3510 1732 cives
3543 1672 3714 1733 Soio·

1741 1767 2017 1828 dorenses
2042 1784 2115 1828 ex
2145 1767 2351 1829 altera.
3601 1776 3710 1829 641

912 1872 983 1925 17
1012 1863 1164 1926 febr.
1328 1857 1508 1936 Apud
1665 1897 1743 1911 -
1783 1866 2052 1926 Testatur
2077 1870 2139 1926 et
2163 1872 2358 1924 ratum
2391 1865 2571 1923 habet
2596 1864 2758 1941 quod
2785 1863 3094 1924 Cuuradus
3128 1864 3411 1940 pincerna
3437 1865 3513 1925 de
3538 1867 3715 1927 Win-

1216 1956 1614 2020 Frankini'ort.
1741 1967 2020 2021 tersteten
2045 1964 2318 2037 episcopo
2345 1962 2756 2039 Ratisponensi
2791 1961 2865 2020 de
2890 1961 3128 2038 praedio
3155 1977 3264 2021 suo
3289 1963 3354 2021 in
3384 1962 3586 2022 Husen
3612 1980 3718 2024 sex

1742 2057 1922 2119 libras
1947 2059 2340 2137 Augustensis
2368 2065 2641 2118 monetae
2681 2059 3095 2135 resignaverit,
3131 2058 3209 2119 de
3242 2074 3424 2118 manu
3464 2061 3717 2136 episcopi

1738 2172 1845 2234 pro
1871 2155 2047 2216 feudo
2073 2154 2455 2232 recipiendas.
3602 2164 3717 2216 642

893 2258 967 2311 15
989 2257 1166 2313 mart.
1219 2248 1335 2324 Ap.
1365 2248 1629 2310 Lutram.
1661 2284 1744 2298 —
1780 2251 2174 2312 Abbatissam'
2202 2258 2262 2311 et
2304 2257 2660 2312 conventum
2700 2252 2976 2312 ecclesiae
3010 2251 3086 2312 de
3120 2251 3428 2330 Kitzingen
3472 2251 3721 2315 diversis

1739 2348 2184 2427 gravaminibus
2217 2364 2530 2425 oppressae
2562 2348 2675 2408 sub
2714 2350 2943 2425 imperii
2981 2355 3042 2409 et
3077 2365 3188 2410 sua
3224 2351 3582 2425 protectione
3620 2368 3717 2411 re-

1738 2448 1902 2522 cipit.
3597 2456 3712 2508 643

893 2546 965 2601 18
985 2546 1160 2602 mart.
1210 2537 1327 2617 Ap.
1356 2540 1626 2602 Lutram.
1657 2576 1738 2589 —
1776 2542 1874 2603 Ad
1913 2544 2343 2620 querimoniam
2384 2543 2803 2603 canonicorum
2844 2541 3122 2604 ecclesiae
3160 2543 3319 2603 beati
3360 2543 3609 2604 Servatii
3651 2548 3718 2606 in

1737 2639 2029 2716 Trajecto‚
2058 2654 2136 2698 ex
2162 2640 2452 2698 sententia
2476 2639 2808 2715 principum
2845 2637 3152 2699 denuntiat
3184 2640 3523 2715 episcopum
3561 2642 3714 2702 Leo-

1738 2735 2001 2795 diensem
2047 2734 2276 2794 nuliam
2323 2734 2793 2811 jurisdictionem
2838 2732 3058 2793 habere
3082 2735 3147 2792 in
3181 2735 3386 2794 eadem
3435 2736 3714 2815 ecclesia,

1735 2848 1889 2911 quae
1918 2848 2077 2891 mere
2102 2835 2165 2891 et
2188 2829 2370 2891 libere
2405 2832 2486 2892 ad
2516 2831 2830 2906 imperium
2856 2831 3267 2891 tantummodo
3291 2833 3584 2909 pertinere
3610 2834 3714 2893 di-

1732 2932 2017 2991 noscitur.
3598 2941 3716 2993 644

877 3023 1160 3109 [martio.]
1212 3027 1329 3104 Ap.
1355 3026 1623 3088 Lutram.
1655 3056 1738 3071 —
1774 3026 1868 3088 Ad
1893 3027 2381 3104 supplicationem
2411 3024 2643 3085 abbatis
2669 3031 2729 3086 et
2754 3030 3076 3086 conventus
3107 3024 3184 3085 de
3209 3024 3557 3107 Otterburg,
3589 3032 3715 3106 pri-

1732 3126 2012 3203 vilegium
2038 3125 2116 3185 ab
2143 3124 2357 3186 Ottone
2384 3123 2471 3185 IV
2497 3124 2688 3183 eidem
2714 3123 3067 3183 monasterio
3093 3122 3390 3183 indultum
3414 3124 3618 3186 inserit
3652 3134 3714 3187 et

1733 3223 2073 3294 coufirmat,
2113 3221 2390 3299 idemque
2431 3237 2570 3282 cum
2602 3220 2878 3281 omuibus
2918 3222 3099 3281 curiIs
3143 3226 3203 3280 et
3245 3224 3712 3298 possessionibus

1732 3320 1860 3396 ejus
1884 3319 1949 3376 in
1975 3332 2085 3376 sua
2111 3318 2473 3392 protectione
2499 3317 2727 3391 recipit.
3591 3327 3707 3379 646

899 3420 935 3471 5
962 3414 1134 3490 april.
1289 3410 1516 3487 Spirae.
1651 3446 1731 3459 —
1771 3414 1858 3473 De
1883 3414 2128 3473 consilio
2164 3414 2501 3489 principum
2543 3412 2807 3471 decernit
2841 3415 2910 3470 ut
2945 3409 3109 3471 Geba
3154 3411 3365 3471 mulier
3409 3411 3484 3472 de
3515 3412 3709 3473 Dure-

1728 3508 1892 3568 keim
1917 3514 1976 3568 ct
2001 3522 2208 3573 omues
2232 3507 2501 3585 ejusdem
2527 3506 2878 3567 conditionis
2912 3506 3178 3566 homiues
3203 3505 3478 3567 Voimaro
3505 3507 3706 3569 abbati

1730 3604 1807 3664 de
1833 3602 2118 3680 Limburg
2160 3609 2222 3662 et
2257 3605 2387 3679 ejus
2423 3603 2855 3664 successoribus
2890 3605 2988 3681 jus
3026 3603 3186 3681 quod
3229 3603 3449 3663 dicitur
3482 3604 3707 3666 budteii

1729 3700 1871 3761 dare
1895 3705 2225 3760 teneantur.
3591 3711 3706 3763 648

882 3801 957 3855 26
985 3793 1159 3870 april.
1318 3790 1497 3866 Apud
1652 3830 1733 3843 —
1773 3797 2044 3858 Ministro
2080 3803 2140 3857 et
2183 3796 2521 3859 hominibus
2563 3795 2822 3859 Uraniae
2863 3794 3110 3855 mandat
3145 3801 3215 3856 ut
3255 3795 3333 3856 ab
3372 3797 3706 3859 hominibus

1224 3888 1587 3968 Hagenovve.
1730 3894 1969 3954 claustri
1996 3893 2073 3952 de
2093 3894 2444 3973 Wettingen
2467 3894 2695 3955 nuliam
2720 3908 2961 3970 prorsus
2986 3896 3351 3955 exactionem
3376 3893 3470 3955 vei
3497 3913 3705 3973 preca-

1730 3992 1879 4051 riam
1906 3992 2230 4067 requirant.
3589 4000 3695 4054 651

885 4091 956 4143 io
988 4085 1151 4145 maii.
1320 4082 1498 4159 Apud
1652 4117 1734 4134 -
1770 4087 1991 4147 Notum
2028 4086 2169 4147 facit
2203 4085 2365 4164 quod
2405 4088 2735 4164 prindpum
2769 4086 3030 4147 dictante
3064 4089 3383 4160 sententia,
3415 4088 3705 4152 Heuricus

1207 4180 1607 4258 Wimpinam·
1730 4185 2194 4247 wormaciensis
2219 4186 2531 4261 episcopus
2553 4184 2759 4244 villam
2783 4183 3144 4244 Neckerowe
3178 4199 3317 4244 cum
3342 4189 3706 4261 pertinentiis

1731 4281 2015 4358 obtinuit,
2041 4283 2106 4341 in
2142 4283 2316 4357 cujus
2354 4281 2779 4357 possessionem
2823 4279 3096 4340 eumdem
3140 4296 3245 4355 per
3289 4281 3605 4341 scultetum
3632 4282 3706 4342 de

1729 4378 1912 4438 Lutra
1935 4376 2292 4437 mittendum
2308 4375 2561 4453 judicat.
3589 4387 3704 4439 652

880 4479 907 4531 1
922 4480 948 4533 i
985 4472 1149 4533 maii.
1211 4471 1578 4548 Wimpinae.
1651 4504 1733 4517 —-
1770 4470 2166 4549 BurgensIbus
2208 4477 2270 4531 et
2312 4472 2607 4530 universis
2645 4469 2986 4530 consulibus
3027 4475 3089 4529 et
3131 4470 3359 4531 civibus
3405 4471 3706 4536 Goslariae

1726 4569 1969 4630 mandat
2010 4575 2081 4630 ut
2120 4569 2544 4629 monasterium
2580 4566 2655 4626 de
2693 4566 3082 4628 Walkenried
3127 4568 3389 4628 immune
3434 4578 3706 4631 manute-
3723 4580 3738 4589 ’

1728 4668 1911 4724 neant
1941 4680 1979 4725 a
2002 4664 2290 4725 theloneis
2324 4669 2386 4724 et
2425 4663 2829 4723 exactionibus
2855 4678 3007 4741 quae
3038 4662 3116 4723 ab
3149 4665 3291 4739 ipsis
3317 4666 3561 4741 imperio
3597 4667 3703 4727 de-

1727 4759 1965 4836 bentur,
1994 4766 2104 4821 etc.
3589 4771 3704 4826 653
