4842 5802
1905 609 2159 670 mnssx
2206 607 2607 670 nummum.

712 740 843 798 ouo
867 739 932 797 de
955 738 1333 813 Lenyinbach,
1361 740 1485 797 547.

712 824 844 882 Otto
873 824 935 880 de
959 823 1408 894 Montebeliardo,
1431 821 1582 896 regni
1601 822 2034 898 lerosolymitani
2057 841 2148 883 oo-

782 908 1133 976 mestabulus,
1166 909 1290 965 279.

716 992 844 1050 Otto
866 992 930 1049 de
956 991 1364 1065 Stuzzelinyen‚
1397 993 1520 1048 488.

716 1075 844 1131 Otto
868 1075 1190 1147 Belmostus,
1215 1075 1442 1134 Rubaldi
1465 1074 1625 1145 filius,
1654 1077 1780 1146 958,
1805 1081 1916 1134 not.
1946 1079 2000 1132 4.

714 1159 843 1215 Otto
870 1161 1218 1232 Buryonyia,
1251 1163 1375 1215 349.

714 1242 1093 1301 Oudelhardus
1121 1243 1187 1301 do
1221 1243 1448 1311 Vivicis,
1479 1245 1582 1298 833
1611 1247 1669 1300 et
1692 1247 1804 1299 not.
1835 1245 1887 1299 4.

711 1328 798 1398 Ρ.,
830 1327 970 1384 filius
998 1328 1082 1398 C.,
1110 1327 1359 1384 Clusinus
1382 1327 1566 1399 judex,
1597 1328 1688 1392 55,
1716 1331 1827 1383 not.
1856 1331 1909 1381 4.

713 1412 967 1483 Payanus
993 1412 1227 1479 Burrus,
1251 1409 1392 1466 filius
1420 1410 1627 1478 Uberti,
1656 1410 1783 1466 707.

712 1496 970 1566 Ραραηιιε
995 1493 1057 1551 de
1090 1492 1146 1549 la
1173 1496 1367 1562 Turre,
1398 1495 1526 1561 707,
1556 1495 1682 1550 798.

711 1578 1023 1635 Palmerius
1045 1577 1108 1633 de
1133 1577 1361 1648 Anpelo,
1392 1576 1516 1634 429.
1678 1589 1687 1598 ·

714 1661 949 1730 Paulus,
983 1660 1156 1717 abbas
1183 1661 1363 1717 Sancti
1391 1658 1605 1731 Georgii
1632 1659 1700 1716 de
1727 1661 1987 1732 venetiis,
2019 1664 2143 1717 345.

715 1746 1073 1816 Peregrinus,
1099 1742 1282 1814 judex,
1315 1744 1436 1813 447,
1470 1744 1591 1798 448.

718 1828 1044 1898 Ροτορνὶηυε
1066 1826 1236 1882 Sutor
1257 1825 1322 1882 de
1346 1827 1544 1896 flocco,
1574 1827 1697 1883 429.

719 1911 1026 1983 Perfectus,
1060 1912 1183 1967 429.

717 1994 951 2051 Perinus
973 1993 1266 2051 Incoarclus
1280 2036 1295 2061 ‚
1325 1992 1452 2049 707.

717 2074 1096 2146 Pernhardus,
1127 2079 1254 2132 546.

718 2158 1095 2229 Pernhardus,
1125 2173 1336 2230 comes,
1374 2160 1498 2215 545.

716 2240 1060 2312 Pertholdus‚
1081 2257 1287 2311 comes,
1312 2242 1438 2298 546.

718 2328 991 2395 Petrissa,
1026 2329 1150 2384 544.

717 2408 1050 2465 Petrobellus
1075 2408 1139 2465 de
1163 2407 1433 2464 Contu-ata
1458 2409 1521 2465 de
1546 2408 1854 2465 Comaredo
1869 2450 1884 2479 ,
1909 2408 2036 2465 707.

716 2493 1052 2565 Petronilla‚
1083 2493 1358 2550 abbatissa
1386 2493 1559 2550 Casti-i
1588 2492 1789 2563 Caroli,
1824 2495 1947 2549 374.

718 2580 943 2648 Petrus,
985 2577 1410 2651 Raceburgensis
1451 2579 1763 2651 episcopus,
1796 2581 1922 2649 824,
1963 2582 2066 2638 822
2093 2586 2150 2637 et

792 2666 901 2717 not.
936 2665 989 2716 4.

719 2747 915 2801 Petrus
930 2789 944 2814 ,
973 2741 1309 2801 Rebellensis
1344 2760 1441 2800 seu
1473 2743 1804 2803 Ravellensis
1830 2744 2115 2818 episcopus
2129 2786 2144 2814 ,

793 2830 915 2898 374,
949 2828 1073 2898 444,
1106 2829 1231 2886 942.

720 2915 914 2971 Petrus
941 2913 1004 2970 de
1035 2914 1227 2986 Capua
1244 2956 1258 2982 ,
1288 2913 1467 2971 Sancti
1501 2912 1717 2984 Georgii
1744 2912 1811 2969 ad
1829 2911 2009 2969 velum
2034 2928 2145 2969 au-

790 3014 944 3054 reum
965 2997 1222 3054 diaeonus
1244 2996 1561 3066 cardinalis,
1592 2997 1714 3066 465,
1746 2997 1870 3065 466,
1898 2998 2024 3052 844.
2172 3068 2177 3075 ἱ

717 3085 910 3141 Petrus
929 3126 943 3154 ,
965 3083 1129 3156 judex
1145 3124 1159 3152 ,
1190 3082 1444 3154 magister
1468 3082 1764 3152 rationum,
1795 3082 1920 3137 247.
2235 3104 2245 3141 ι

719 3169 939 3238 Petrus,
970 3167 1154 3235 miles,
1184 3167 1315 3223 244.

720 3251 941 3318 Petrus,
970 3249 1213 3305 notarius
1239 3248 1308 3305 de
1334 3248 1530 3305 Sancto
1556 3247 1794 3315 Matheo,
1828 3247 1952 3316 428,
1983 3247 2109 3304 429.

720 3334 942 3398 Petrus,
970 3329 1124 3385 urbis
1149 3329 1350 3387 Romae
1378 3329 1707 3404 praefectus,
1735 3330 1830 3385 754
1847 3371 1861 3386 .

720 3415 912 3470 Petrus
939 3413 1134 3484 Albus,
1163 3412 1284 3469 470.

720 3497 911 3552 Petrus
935 3496 1247 3565 Avisanus,
1277 3496 1401 3551 469.

723 3580 914 3634 Petrus
940 3578 1229 3635 Calvenese
1250 3619 1265 3646 ,
1297 3579 1423 3633 470.

720 3664 914 3718 Petrus
940 3660 1005 3718 de
1030 3659 1283 3730 Abunza,
1312 3662 1435 3718 429.

722 3749 918 3803 Petrus
945 3745 1009 3802 de
1036 3745 1345 3815 Actenasio,
1383 3745 1506 3801 429.

722 3831 916 3885 Petrus
944 3828 1008 3885 de
1041 3829 1267 3897 Amata,
1289 3829 1414 3884 470.

722 3916 914 3971 Petrus
940 3913 1004 3970 de
1030 3911 1364 3984 Bubenberq,
1390 3910 1648 3968 scultetus
1693 3911 1762 3967 de
1800 3910 1989 3980 neruo,
2016 3911 2144 3981 749,

793 4002 903 4053 not.
931 4000 984 4053 4.

722 4082 916 4138 Petrus
939 4080 1002 4138 de
1035 4080 1260 4149 Furino,
1289 4081 1411 4135 469.

720 4168 916 4222 Petrus
933 4165 996 4222 de
1012 4165 1307 4233 Guartino,
1335 4179 1432 4220 seu
1457 4163 1708 4235 Varcino,
1730 4177 1828 4220 seu
1848 4160 2142 4233 Guarcino,

789 4249 1018 4322 scriptor
1041 4262 1216 4321 papae
1234 4290 1248 4317 ,
1276 4248 1399 4318 440,
1429 4247 1552 4303 444.

722 4334 916 4389 Petrus
941 4333 1004 4389 de
1031 4333 1304 4402 Lanzano,
1349 4331 1585 4389 notarius
1611 4332 1680 4388 de
1704 4330 1988 4400 Placentia,
2021 4330 2143 4387 434.

723 4415 916 4471 Petrus
941 4415 1005 4472 de
1025 4417 1319 4486 Mayistro,
1352 4414 1476 4471 470.

721 4499 914 4553 Petrus
941 4497 1005 4553 cle
1030 4496 1316 4567 Palomba,
1339 4499 1460 4553 429.

724 4582 916 4637 Petrus
939 4580 1003 4636 de
1031 4580 1290 4648 Romano,
1316 4580 1555 4638 notarius
1574 4622 1589 4651 ,
1615 4581 1740 4637 348.

723 4665 914 4721 Petrus
957 4663 1020 4719 de
1065 4663 1269 4719 Sancto
1319 4664 1606 4736 Germano,
1631 4664 1827 4737 judex,
1860 4663 2150 4722 advocatus

796 4745 943 4815 fisci,
977 4746 1101 4815 364,
1133 4747 1258 4801 447.

921 4845 1027 4907 1v.
1047 4861 1161 4905 rm
1176 4864 1223 4908 8.

3607 610 3764 672 1025

2329 743 2524 798 Petrus
2548 739 2612 796 de
2637 738 2843 795 Sancto
2866 738 3046 807 Petro,
3075 739 3203 794 705.

2330 828 2524 882 Petrus
2552 824 2616 879 de
2644 821 2852 878 Sancto
2878 820 3162 891 Severino,
3198 822 3320 876 470.

2329 912 2526 967 Petrus
2556 908 2620 964 de
2646 907 2865 977 Seryio,
2898 907 3022 961 470.

2332 995 2524 1050 Petrus
2551 991 2614 1048 de
2640 990 2791 1061 Sico,
2817 989 2948 1045 alias
2971 988 3035 1045 de
3060 988 3252 1058 Senis,
3272 988 3615 1061 justitiarius,
3634 993 3757 1062 433,

2404 1083 2519 1134 not.
2553 1080 2609 1130 4.
2791 1123 2794 1128 .

2333 1162 2525 1216 Petrus
2545 1158 2610 1215 de
2643 1160 2822 1227 Toeco,
2853 1156 3173 1225 advocatus,
3204 1158 3330 1213 470.

2330 1246 2523 1300 Petrus
2549 1244 2612 1300 de
2637 1244 2832 1312 Vinea,
2864 1257 3089 1315 magnae
3128 1242 3308 1299 curiae
3338 1243 3629 1318 imperialis
3661 1246 3760 1316 ju·-

2398 1326 2536 1396 dex,
2583 1327 2683 1382 476
2721 1331 2777 1383 et
2811 1331 2925 1381 not.
2949 1329 2999 1394 4,
3033 1326 3136 1381 402
3166 1332 3222 1381 et
3247 1332 3358 1383 not.
3387 1330 3443 1397 2,
3476 1330 3598 1398 409,
3634 1331 3757 1400 440,

2402 1413 2529 1479 w,
2556 1413 2679 1479 445,
2706 1410 2827 1475 448,
2858 1409 2979 1477 449,
3013 1409 3137 1477 428,
3167 1410 3289 1480 450,
3320 1415 3444 1481 508,
3476 1415 3602 1483 504,
3632 1415 3758 1484 545,

2399 1495 2664 1562 522,523,
2687 1493 2814 1562 524,
2842 1493 2965 1560 544,
2988 1494 3115 1563 774,
3138 1495 3261 1564 776,
3290 1497 3415 1566 876,
3437 1500 3754 1567 904,004.2.

2326 1578 2519 1632 Petrus
2562 1575 2914 1648 Franjapane
2940 1618 2955 1644 ,
2998 1575 3304 1649 praefectus
3343 1580 3542 1637 Romae
3564 1623 3578 1650 ,
3631 1584 3755 1653 924,

2399 1668 2513 1716 not.
2546 1664 2596 1714 4.

2327 1745 2521 1800 Petrus
2552 1743 2923 1813 Franziqena‚
2950 1741 3188 1799 notarius
3209 1743 3277 1799 de
3300 1743 3493 1817 Cayro,
3523 1749 3646 1805 434.

2329 1830 2523 1885 Petrus
2548 1826 2753 1883 Odonis
2775 1868 2789 1896 ,
2815 1827 2944 1892 782,
2977 1827 3100 1881 783.

2333 1912 2527 1967 Petrus
2551 1909 2841 1983 Teupolus,
2870 1913 2993 1966 925.

2327 1993 2637 2067 Philippus,
2662 1991 2989 2050 coloniensis
3007 1991 3459 2066 archiepiscopus,
3482 1998 3539 2050 34
3552 1998 3606 2062 7,
3627 1999 3752 2066 547,

2400 2077 2528 2144 740,
2561 2078 2688 2142 754,
2724 2077 2850 2132 752.

2326 2158 2639 2232 Philippus,
2666 2174 2759 2215 rex
2783 2159 3166 2228 Romanorum,
3188 2163 3314 2230 509,
3334 2164 3458 2232 540,
3486 2166 3544 2219 54
3556 2167 3610 2232 2,
3626 2165 3752 2230 679,

2399 2243 2528 2310 734,
2561 2247 2672 2297 not.
2706 2245 2772 2310 33
2806 2243 2930 2296 849.

2327 2325 2616 2399 Philippus
2651 2324 2715 2381 de
2743 2324 2980 2382 Bolland
3002 2339 3097 2382 seu
3120 2324 3440 2397 Bollandia,
3467 2330 3595 2399 277,
3626 2331 3753 2401 294,

2399 2411 2525 2478 544,
2555 2411 2680 2477 057,
2712 2411 2838 2479 868,
2872 2411 2998 2464 sss.
3126 2411 3130 2415 ’

2326 2491 2619 2566 Philippus
2657 2493 2720 2549 de
2760 2491 3086 2549 Hohenvelse
3109 2509 3207 2550 seu
3231 2494 3547 2568 Hohenfels,
3576 2504 3748 2570 pater,

2398 2579 2526 2646 844,
2553 2580 2677 2646 863,
2712 2577 2836 2645 864,
2868 2578 2993 2646 865,
3025 2581 3150 2634 893.

2326 2660 2619 2734 Philippus
2646 2659 2710 2715 de
2738 2659 3096 2730 Hohenvelse,
3130 2659 3296 2732 filius,
3324 2664 3450 2733 864,
3480 2665 3602 2720 865.

2326 2743 2619 2819 Philippus
2646 2744 2709 2800 de
2746 2742 3113 2816 Rychenberc,
3142 2746 3266 2800 890.

2327 2827 2619 2901 Philippus
2647 2826 2710 2882 de
2742 2828 2950 2897 Trecis,
2975 2827 3101 2896 774,
3134 2833 3246 2883 not.
3276 2830 3325 2884 4.

2326 2913 2618 2987 Philippus
2641 2912 2704 2968 de
2717 2911 3088 2968 Valkensteine
3108 2927 3207 2967 seu
3223 2911 3602 2985 Wallenslein,
3623 2916 3718 2972 844
3735 2958 3749 2986 ,

2402 2998 2526 3052 893.

2327 3080 2618 3154 Philippus
2648 3080 2711 3136 de
2744 3077 3102 3151 Virnenburgy,
3128 3080 3254 3135 726.

2326 3165 2615 3238 Philippus
2646 3164 2845 3235 Rufus,
2877 3164 3001 3219 793.

2325 3248 2613 3319 Pilyrinus
2635 3247 2698 3303 de
2724 3248 3085 3317 Emerinyen,
3112 3247 3236 3302 556.

2323 3331 2638 3404 Pili9rinus
2666 3329 2729 3386 de
2760 3330 3089 3395 Palisheim,
3119 3332 3244 3385 586.

2325 3417 2558 3472 Poncius
2589 3412 2654 3469 de
2682 3413 2961 3482 Astoaldo,
2986 3414 3111 3467 955.

2322 3497 2616 3555 Probusde
2647 3537 2661 3551 .
2701 3538 2714 3551 .
2753 3539 2766 3551 .
2802 3538 2847 3564 .,
2877 3498 3005 3552 783.

2322 3581 2615 3652 Procopius
2637 3577 2701 3634 de
2723 3580 2970 3647 Matera,
2994 3575 3233 3633 notarius
3255 3576 3469 3647 curiae,
3498 3579 3753 3650 magister

2396 3665 2693 3734 rationum,
2725 3667 2848 3732 249,
2880 3666 3062 3731 004..4;
3093 3665 3216 3733 389,
3248 3665 3372 3732 390,
3401 3664 3522 3719 394.

2322 3746 2654 3804 Prudentius
2678 3746 2741 3802 de
2761 3747 2958 3816 Roma,
2987 3747 3109 3801 324.

2318 3829 2546 3899 Quallia
2565 3829 2628 3885 de
2648 3831 2916 3900 Gorzano,
2939 3829 3055 3885 sive
3078 3828 3263 3886 Gailla
3284 3829 3347 3887 de
3369 3830 3608 3901 Gurzan,
3627 3832 3743 3889 sive

2390 3913 2677 3970 Galeatius
2700 3913 2763 3969 de
2789 3913 3060 3983 Gur-cano,
3083 3916 3206 3983 386,
3224 3914 3348 3985 403,
3366 3915 3469 3971 404
3487 3922 3543 3972 et
3560 3922 3668 3972 not.
3687 3921 3707 3971 4
3725 3958 3738 3970 .

2318 4001 2404 4067 R„
2437 4000 2667 4056 Sanctae
2687 3998 2883 4054 Mariae
2907 3997 2963 4052 in
2985 3996 3268 4054 Cosmedin
3294 3998 3596 4070 cardinaliS,
3617 4004 3741 4069 884,

2323 4083 2770 4234 afgfooitronsis
2790 4163 3095 4236 episeopus,
3110 4161 3455 4222 cancellarius
3475 4165 3618 4237 regis
3637 4167 3744 4224 An-

2323 4248 2817 4401 R.,ghl}3no?1‡1{nsis
2843 4329 3156 4403 episcopua,
3184 4331 3308 4387 542.

2327 4418 2413 4486 R„
2439 4431 2623 4472 comes
2649 4413 2975 4484 cornubiae,
3001 4414 3126 4470 542.

2325 4498 2593 4556 Raboldus
2607 4541 2622 4569 ,
2659 4512 2842 4555 comes
2866 4497 2934 4553 de
2956 4496 3336 4566 Ortemberch,
3362 4501 3458 4556 754
3474 4540 3489 4555 .

2324 4585 2650 4653 Rainerius,
2675 4581 2849 4640 abbas
2887 4582 2955 4638 de
2992 4583 3174 4639 Monte
3203 4582 3410 4639 Amiate
3436 4584 3493 4640 in
3515 4585 3704 4643 Tuscia
3726 4631 3742 4657 ,

2324 4668 2616 4805 10318ιὲ4008
2652 4749 2833 4819 Zeni,
2864 4750 2988 4819 798,
3020 4750 3145 4819 904,
3176 4754 3283 4805 not.
3311 4752 3366 4808 2.

3329 4857 3439 4910 129
