4842 5802
898 628 1093 688 lame-r.
1128 629 1219 705 7.]
1803 626 2196 688 HISTORIA
2246 624 2828 687 D1PLOMATch.
3595 622 3718 685 689

1001 1194 1372 1278 Henricus
1388 1255 1413 1302 ,
1453 1194 1973 1277 Romanorum
2018 1218 2149 1276 rex
2166 1257 2189 1301 ,
2232 1192 2525 1275 civibus
2561 1192 2658 1275 de
2696 1192 3169 1300 Oppenheim
3210 1191 3594 1275 libertates
3637 1200 3715 1273 et
3767 1212 4070 1320 mmm

898 1327 1225 1411 honores
1260 1353 1456 1438 quos
1489 1326 1721 1410 habet
1754 1327 2015 1410 civitas
2048 1326 2581 1431 Frankenfort,
2621 1326 2893 1429 donat,
2936 1324 3354 1433 specialiter
3388 1326 3484 1407 de
3518 1351 3713 1407 con-
3753 1320 3803 1362 ²¹
3831 1295 4113 1374 „pumma

899 1459 1180 1543 ditione
1216 1484 1482 1543 eorum
1518 1458 1654 1568 qui
1696 1458 1821 1540 hic
1854 1468 1929 1541 et
1962 1457 2119 1540 illic
2163 1467 2415 1540 sturas
2459 1457 2642 1538 dare
2683 1457 2801 1539 vel
2848 1456 3078 1539 sturis
3126 1457 3507 1540 immunes
3549 1482 3714 1540 esse

898 1592 1200 1676 debent.
1294 1666 1298 1671 ,

1059 1828 1251 1909 (Edit.
1282 1848 1376 1908 ap.
1412 1832 1737 1904 Bonum,
1772 1828 1911 1892 Cod.
1942 1826 2174 1909 diplom
2206 1826 2811 1908 Moeno-stamqfurt.
2831 1871 2849 1903 ,
2877 1846 2937 1906 p.
2972 1838 3081 1903 593
3109 1829 3246 1890 coll.
3277 1845 3415 1891 eum
3439 1831 3713 1908 originali

1132 1938 1198 1996 in
1244 1937 1485 1997 archivo
1529 1936 1995 1998 Darmstadensl.
2044 1936 2189 1998 Fllls
2231 1938 2432 1996 sericis
2474 1935 2679 1995 viridis
2726 1935 2936 1996 eoloris
2974 1936 3265 2012 appendet
3300 1936 3563 2014 sigillum
3605 1951 3711 1997 seu

1135 2045 1330 2119 potius
1354 2044 1532 2122 sigilli
1567 2042 1995 2121 fragmentum,
2023 2043 2130 2104 ubl
2166 2043 2245 2105 ad
2281 2045 2586 2103 sinistrum
2629 2042 2826 2103 sedilis
2869 2042 3027 2103 latus
3067 2043 3478 2103 discernuntur
3516 2041 3710 2103 adhuc

1140 2150 1369 2210 litterae
1393 2150 1495 2209 ET
1520 2148 1690 2210 Dvx
1714 2148 1757 2209 S
1762 2188 1888 2211 .....
1893 2146 1916 2226 )

993 2363 1387 2454 Heinricus,
1438 2364 1563 2435 Dei
1620 2363 1842 2457 gratia
1875 2364 2339 2435 Romanorum
2378 2382 2511 2433 rex
2551 2371 2622 2434 et
2650 2383 2921 2457 semper
2954 2370 3291 2456 angustus
3311 2419 3328 2448 ,
3387 2360 3712 2436 fidelibus

897 2487 1043 2558 suis
1079 2487 1421 2561 universis
1457 2487 1727 2559 civibus
1766 2487 1857 2560 de
1893 2486 2325 2582 oppenheim
2356 2487 2644 2579 gratiam
2678 2508 2874 2559 suam
2908 2495 2976 2559 et
3007 2506 3212 2558 omne
3245 2486 3529 2558 bonum.
3568 2489 3712 2560 De-

899 2610 1243 2684 votionem
1282 2621 1578 2683 vestram
1606 2611 1930 2706 prosequi
1962 2611 2270 2683 volentes
2293 2610 2675 2683 serenitatis
2698 2623 2927 2683 nostre
2954 2610 3172 2702 gratia
3201 2610 3508 2705 speciali,
3547 2631 3734 2684 ecee·

898 2756 1136 2806 omnes
1160 2734 1506 2807 libertates
1536 2735 1791 2829 pariter
1825 2743 1894 2806 et
1920 2732 2221 2806 honores
2249 2754 2427 2828 quos
2457 2732 2669 2805 habet
2695 2732 2938 2805 civitas
2959 2742 3192 2805 nostra
3217 2732 3709 2809 Frankenvord

897 2858 1096 2932 vobis
1115 2879 1197 2931 ac
1220 2858 1481 2932 civitati
1514 2856 1942 2954 oppenheim
1966 2879 2089 2953 per
2110 2877 2392 2953 presens
2417 2856 2859 2952 privilegium
2886 2856 3223 2930 tradimus
3248 2865 3316 2931 et
3337 2857 3703 2948 donamus,

898 2990 975 3053 ut
1007 2981 1101 3054 ad
1136 2981 1351 3054 instar
1387 2982 1644 3054 civium
1669 2981 1760 3054 de
1789 2981 2284 3054 Frankenvord
2313 2990 2646 3076 perpetuo
2667 2980 3038 3073 'gaudeatis
3065 2982 3367 3073 eisdem;
3400 2983 3492 3055 ita
3519 2983 3713 3056 vide·

899 3105 1054 3178 licet
1102 3106 1291 3200 quod
1330 3106 1510 3179 sicut
1548 3106 1687 3177 illic
1720 3114 1944 3178 sturas
1979 3116 2048 3179 et
2082 3106 2426 3201 precarias
2466 3104 2631 3178 dare
2666 3107 2922 3196 solent,
2960 3106 3058 3179 sic
3096 3106 3307 3179 ethic
3342 3107 3714 3182 existentes

898 3227 1312 3300 conditionis
1339 3228 1650 3320 ejusdem
1680 3229 1991 3301 similiter
2018 3229 2184 3302 dent
2204 3229 2591 3303 vobiscum.
2622 3228 2755 3313 Qui
2791 3238 3022 3301 autem
3047 3230 3183 3301 illic
3205 3241 3394 3303 sture
3411 3233 3523 3304 vel
3552 3253 3710 3328 pre·

898 3350 1077 3424 carie
1102 3360 1265 3423 sunt
1288 3362 1638 3447 expertes,
1665 3352 1921 3425 debent
1943 3362 2013 3425 et
2044 3352 2403 3425 vobiscum
2434 3373 2584 3425 esse
2617 3352 2886 3423 illarum
2913 3353 3109 3424 liberi
3141 3362 3210 3425 et
3235 3354 3600 3428 immunes,
3623 3357 3711 3429 Ut

900 3474 1109 3568 igitur
1147 3474 1278 3547 hec
1308 3475 1527 3568 gratia
1567 3476 1772 3548 vobis
1797 3477 1976 3549 facta
2019 3475 2233 3548 robur
2267 3475 2575 3549 obtineat
2617 3475 2851 3548 debite
2889 3474 3259 3568 firmitatiS,
3319 3488 3707 3572 presentem

899 3597 1218 3690 paginam
1250 3598 1415 3671 inde
1442 3599 1894 3694 conscriptam
1922 3598 2124 3692 sigilli
2151 3600 2362 3670 nostri
2387 3598 2768 3670 munimine
2796 3597 3085 3670 fecimus
3119 3598 3460 3692 insigniri.

994 3721 1242 3793 Datum
1275 3721 1463 3817 apud
1499 3721 1949 3817 Bopardiam,
1989 3742 2172 3795 anno
2208 3721 2426 3815 gratie
2457 3721 2823 3794 millesimo
2849 3721 2976 3795 CC⁰
3000 3722 3378 3813 XXX11110,
3421 3724 3513 3794 111
3549 3723 3709 3798 idus

900 3845 1340 3939 septembris,
1379 3846 1756 3920 indictione
1785 3845 2103 3940 septima.

997 4423 1406 4529 Hem'issusa
1448 4426 1967 4512 Romanorum
2004 4455 2166 4537 rex,
2211 4430 2545 4513 scultetis
2581 4439 2655 4512 et
2688 4430 3129 4513 hominibus
3160 4432 3452 4538 Leodii,
3495 4433 3700 4514 Tra-
3829 4429 4031 4539 sssffi,

889 4553 1105 4664 jecti,
1147 4558 1404 4641 Sancti
1451 4545 1860 4667 TrudoniS,
1902 4562 2150 4673 Hoyii,
2195 4565 2679 4673 Tungrorum
2717 4573 2792 4646 et
2835 4563 3167 4645 Dinantii
3216 4567 3530 4649 mandat
3583 4576 3695 4669 ut²
3747 4536 3804 4581 ²⁰
3829 4539 4110 4593 amensa..

898 4712 1073 4769 cum
1107 4691 1505 4800 episcopus
1550 4693 1984 4777 Leodiensis
2029 4696 2476 4779 sententiam
2521 4695 2949 4803 principum
2996 4695 3230 4777 latam
3275 4698 3371 4779 de
3414 4698 3709 4781 immu-

1087 4824 1195 4887 IV.
1238 4842 1349 4885 rm
1373 4842 1416 4884 2.
3309 4841 3383 4891 87
