4842 5802
860 532 1059 593 uma.
1100 526 1184 611 7.]
1765 526 2162 591 HISTORIA
2209 522 2798 587 DIPLOMATICA.
3569 526 3683 587 631

1606 1040 1613 1045 .
1984 1039 2031 1079 s.
3095 1064 3100 1071 ι
3397 1038 3400 1045 ,

974 1102 1382 1204 HenricuS,
1426 1099 1948 1219 Romanorum
2003 1126 2173 1208 rex,
2214 1100 2294 1187 in
2328 1100 2873 1207 protectionem
2920 1123 3138 1180 suam
3174 1099 3488 1207 suscipit
3521 1126 3699 1183 mo-
3769 1118 4084 1225 „nffffim

868 1235 1290 1316 nasterium
1342 1232 2035 1343 sanctimonialium
2086 1231 2579 1339 Himrnelthal
2599 1293 2623 1338 ,
2667 1230 3087 1339 specialiter
3137 1233 3556 1314 concedens
3611 1246 3696 1316 ut
3786 1229 3816 1271 ⁶
3840 1229 4061 1272 rmum.

869 1390 1400 1475 quaecumque
1453 1366 1689 1471 bona,
1741 1391 1786 1445 a
1822 1364 2448 1446 ministerialibus
2485 1364 2641 1447 sive
2693 1362 3248 1447 inbeneficiatis·
3269 1375 3403 1446 aut
3456 1368 3689 1449 servis

871 1498 1100 1608 regiis
1145 1498 1541 1607 acquisita.
1566 1506 1643 1581 et
1693 1496 2047 1605 deinceps
2100 1496 2563 1605 acquirenda
2589 1558 2613 1604 ,
2661 1496 2908 1578 eidem
2951 1506 3117 1578 rata
3169 1509 3686 1605 permaneant.

1034 1737 1268 1810 (Edidit
1295 1736 1608 1811 Gnnnnns,
1634 1735 1776 1799 Cod.
1803 1733 2101 1817 diplomat.
2130 1702 2432 1816 Maqunt„
2453 1714 2599 1797 tom.
2620 1736 2703 1811 II,
2722 1752 2783 1813 p.
2816 1745 2917 1811 64,
2947 1744 3016 1795 n⁰
3043 1746 3146 1812 43,
3169 1754 3247 1799 ex
3271 1739 3679 1820 autographo.)

966 1949 1327 2033 HenricuS,
1355 1949 1479 2021 Dei
1498 1950 1718 2043 gratia
1735 1951 2194 2023 Romanorum
2209 1971 2337 2021 rex
2349 1958 3068 2043 etsemperaugustus.
3100 1951 3306 2044 Regie
3315 1953 3686 2043 majestatis

871 2081 1103 2144 nostre
1139 2074 1368 2145 titulos
1401 2083 1632 2146 eterne
1667 2074 1809 2146 vite
1835 2073 2099 2168 premio
2132 2083 2201 2144 et
2236 2073 2626 2167 temporalis
2662 2073 2877 2165 glorie
2920 2073 3337 2146 incremento
3382 2096 3690 2150 crescere

874 2195 1221 2267 credimus
1256 2204 1326 2269 et
1357 2197 1594 2288 augeri
1614 2250 1633 2285 ‚
1674 2198 1732 2268 si
1764 2195 2240 2290 religiosarum
2290 2216 2735 2291 personarum
2778 2193 3139 2268 desideriis
3187 2198 3491 2270 favorem
3518 2221 3690 2293 pre—

872 2317 1228 2391 buerimus
1252 2320 1638 2411 efficacem,
1677 2329 1747 2392 et
1786 2341 1916 2392 nec
1950 2342 2070 2392 eas
2105 2340 2477 2415 pravorum
2521 2318 2876 2391 hominum
2924 2320 3250 2392 molestiis
3282 2322 3528 2413 agitari
3562 2345 3690 2396 nec

874 2441 945 2511 in
978 2441 1181 2513 bonis
1217 2444 1319 2515 eis
1344 2426 1794 2515 attinentibus
1816 2444 2002 2538 ipsas
2029 2445 2371 2538 patiamur
2400 2442 2843 2538 dispendium
2870 2444 3229 2515 sustinere.
3264 2444 3691 2540 Quapropter

876 2566 1146 2638 noverit
1178 2587 1460 2661 presens
1490 2576 1635 2639 etas
1667 2577 1734 2638 et
1780 2567 2002 2640 omnis
2035 2576 2355 2640 secutura
2391 2567 2748 2662 posteritas
2777 2588 2903 2638 nos
2939 2568 3311 2639 claustrum
3346 2570 3537 2662 quod
3573 2569 3692 2642 di-

877 2689 1054 2760 citu'r
1068 2690 1406 2763 Himeldal
1434 2686 1494 2784 (⁴
1512 2689 1541 2785 )
1561 2713 1720 2762 cum
1747 2690 2071 2763 omnibus
2084 2693 2145 2782 ej
2157 2712 2236 2761 us
2256 2689 2590 2786 personis,
2614 2690 2818 2763 rebus
2848 2700 2916 2761 et
2940 2690 3281 2762 universis
3305 2693 3684 2786 possessio-

876 2812 1084 2884 nibus
1120 2822 1263 2884 tam'
1292 2814 1495 2886 cultis
1524 2837 1734 2910 quam
1764 2815 2041 2887 incultis
2074 2838 2248 2911 quas
2282 2817 2428 2889 Deo
2462 2814 2872 2911 propitiante
2902 2835 3087 2885 nunc
3120 2814 3422 2911 possidet
3458 2825 3579 2886 aut
3612 2817 3685 2886 in

875 2939 1182 3010 futurum
1211 2939 1570 3032 largitione
1603 2962 1844 3034 regum
1878 2942 1992 3014 vel
2027 2939 2460 3036 principum,
2513 2941 2952 3012 concessione
3007 2938 3445 3033 pontificum,
3486 2941 3692 3013 obla-

877 3061 1058 3134 tione
1088 3061 1402 3134 fidelium
1438 3085 1563 3136 seu
1592 3064 1746 3135 aliis
1769 3065 1979 3155 justis
2009 3063 2235 3137 modis
2270 3072 2613 3159 prestante
2642 3063 2933 3135 Domino
2969 3064 3217 3158 poterit
3246 3065 3573 3158 adipisci,
3616 3065 3689 3135 in

878 3196 1179 3259 nostram
1241 3187 1601 3259 tuitionem
1660 3186 2270 3281 defensionemque
2311 3186 2777 3260 omnimodam
2839 3187 3247 3281 suscepisse.
3299 3188 3696 3281 Specialiter

876 3319 1104 3383 antem
1135 3320 1634 3407 prememorato
1662 3310 2077 3384 monasterio
2113 3320 2183 3382 et
2234 3332 2430 3384 sacro
2478 3310 3100 3382 sanctimonialium
3146 3309 3433 3401 collegio
3465 3311 3535 3380 in
3574 3311 3695 3381 Hi-

878 3432 1130 3506 meldal
1165 3434 1380 3528 regali
1421 3434 1821 3507 anctoritate
1863 3433 2306 3507 concedimus
2345 3442 2426 3504 ut
2477 3454 2917 3528 quecumque
2956 3433 3174 3524 bona,
3219 3455 3697 3527 quascumque

878 3557 1344 3650 possessiones
1388 3579 1430 3629 a
1476 3558 2038 3632 ministerialibus
2078 3557 2229 3630 sive
2278 3557 2776 3630 inbeneficiatis
2820 3566 2940 3628 aut
2995 3556 3213 3629 servis
3268 3557 3517 3629 nostris
3568 3579 3695 3652 per

879 3679 1373 3772 coemptionem
1404 3682 1535 3753 .vel
1586 3680 2069 3756 concambium
2110 3690 2517 3773 receperunt
2557 3681 2673 3752 vel
2727 3700 3049 3774 processu
3098 3679 3422 3773 temporis
3464 3681 3697 3774 aliquo

879 3800 1247 3896 emptionis
1300 3804 1414 3876 vel
1452 3783 2011 3878 commutationis
2062 3812 2226 3875 sunt
2262 3803 2463 3875 titulo
2515 3811 2903 3897 receptum,
2959 3812 3082 3874 aut
3124 3804 3184 3874 si
3223 3802 3698 3878 ministeriales

877 3926 991 3996 vel
1028 3915 1488 3999 inbeneficiati
1538 3950 1660 4000 seu
1715 3929 1899 4000 servi
1940 3928 2159 4000 nostri
2203 3928 2440 4021 aliqua
2492 3926 2705 3997 eis-in
2744 3926 3154 4000 monasterio
3186 3937 3543 4021 pretaxato
3572 3950 3696 4021 pro

879 4051 1023 4121 Deo
1058 4050 1241 4122 bona
1271 4051 1679 4123 contulerint
1722 4052 1832 4124 vel
1869 4051 2169 4147 presenti
2205 4061 2513 4145 tempore
2560 4052 3016 4140 contulerunt,
3051 4061 3196 4123 rata
3233 4053 3333 4123 eis
3363 4061 3432 4123 et
3464 4054 3700 4123 incon-

957 4349 1032 4424 (⁴)
1067 4354 1225 4409 Anno
1256 4356 1417 4424 ⁴232,
1450 4355 1518 4410 ⁴7
1543 4356 1846 4428 novembr„
1871 4356 2193 4414 Ludewicus
2209 4372 2390 4414 comes
2416 4357 2484 4413 de
2506 4356 2740 4413 Rieneck
2762 4356 2986 4414 dederat
3004 4357 3270 4414 Salomoni
3294 4357 3546 4413 canonico
3574 4356 3704 4414 Her-

882 4443 1154 4520 bipolensi
1176 4451 1587 4522 monasterium,
1604 4452 1802 4524 villam,
1823 4453 2187 4510 molendinum
2205 4459 2260 4509 et
2281 4458 2494 4509 caetera
2515 4453 2796 4509 attinentia
2823 4454 2878 4509 in
2903 4453 3207 4526 Wollberg,
3236 4468 3301 4510 ea
3324 4453 3625 4510 conditione
3647 4458 3709 4510 ut

882 4539 1090 4600 ibidem
1135 4546 1456 4603 coenobium
1506 4547 1819 4606 monialium
1870 4549 2239 4607 Cisterciensis
2279 4549 2483 4607 ordinis
2528 4549 2902 4620 constitueret3
2954 4550 3098 4622 quod
3135 4556 3322 4623 postea
3364 4549 3705 4607 Himmelthal

884 4635 1066 4709 (vallis
1091 4640 1264 4715 Coeli)
1293 4648 1546 4702 vocatum
1570 4652 1672 4702 est.
1702 4646 1783 4703 Cf.
1813 4645 2061 4721 Gutum„
2094 4647 2227 4706 cod.
2251 4646 2501 4721 diplom„
2531 4653 2570 4702 t.
2591 4647 2633 4718 1,
2660 4663 2715 4719 p.
2744 4649 2869 4704 5⁴5.
2937 4675 2964 4682 --
3473 4639 3478 4648 '
