4842 5802
907 520 1102 579 lamet.
1138 516 1224 592 7.]
1801 511 2195 573 HISTORIA
2243 510 2829 572 DIPLOMATICA.
3608 511 3724 575 681

899 771 1544 994 qrss'g'ozgnradus
1575 892 1951 987 imperialis
1983 894 2143 965 aule
2178 891 2624 965 cancellarius
2647 893 3043 987 recognovi.

1000 1022 1173 1095 Acta
1203 1028 1370 1094 sunt
1394 1019 1526 1091 hec
1555 1026 1891 1111 regnante
1933 1016 2216 1089 domino
2254 1016 2572 1111 Philippo
2604 1018 2909 1091 secundo
2955 1018 3444 1112 gloriosissimo
3474 1020 3725 1093 Roma-

905 1167 1150 1219 norum
1180 1166 1380 1239 rege,
1423 1163 1607 1215 anno
1641 1140 1731 1213 ab
1760 1140 2229 1213 incarnatione
2259 1140 2535 1213 Domini
2558 1140 2765 1232 MCC,
2817 1163 3001 1214 anno
3033 1142 3231 1237 regni
3261 1144 3414 1234 ejus
3449 1143 3669 1215 tertio.

968 1314 971 1317 >
1000 1272 1248 1341 Datum
1279 1290 1403 1363 per
1439 1288 1684 1339 manus
1712 1265 1947 1337 Sifridi
1976 1266 2227 1359 regalis
2256 1267 2413 1339 aule
2440 1266 2969 1360 prothonotarii,
3032 1269 3223 1362 apud
3260 1268 3564 1360 Ulmam,
3606 1268 3725 1338 1111

904 1391 1239 1465 kalendas
1275 1390 1662 1465 decembris
1684 1445 1700 1476 ‚
1736 1389 2112 1462 indictione
2134 1390 2247 1460 III.

998 1517 1139 1587 Nos
1165 1514 1398 1608 itaque
1429 1511 1862 1588 attendentes
1892 1520 2364 1607 paupertatem
2388 1513 2784 1585 monasterii
2826 1512 3175 1605 prelibati,
3216 1513 3546 1607 prelibato
3570 1535 3727 1608 pre-

905 1638 1126 1733 posito
1156 1647 1226 1711 et
1247 1637 1571 1709 fratribus
1596 1635 1881 1710 vivifice
1911 1635 2146 1707 Crucis
2181 1635 2369 1729 apud
2400 1635 2785 1731 Augustam
2811 1636 3302 1728 obligationem
3337 1640 3408 1709 'et
3446 1659 3726 1710 conces-

906 1762 1165 1834 sionem
1192 1763 1440 1834 factam
1474 1759 1739 1833 eisdem
1791 1761 2199 1833 auctoritate
2247 1762 2439 1854 regia
2487 1758 2973 1832 confirmamus
3008 1771 3079 1832 et
3126 1761 3460 1856 presentis
3491 1762 3726 1857 scripti

905 1884 1283 1980 patrocinio
1313 1884 1847 1957 communimus.
1886 1886 2276 1956 Statuentes
2310 1893 2386 1955 ut
2416 1886 2608 1957 nulla
2633 1906 2962 1977 umquam
2988 1905 3287 1979 persona
3306 1886 3590 1958 humilis
3611 1886 3724 1958 vel

903 2010 1064 2097 alta,
1106 2007 1564 2080 ecclesiastica
1598 2008 1709 2082 vel
1746 2007 2137 2096 mundana,
2179 2006 2524 2103 predictos
2563 2007 2985 2102 prepositum
3037 2016 3106 2079 et
3151 2011 3391 2081 fratres
3436 2010 3725 2083 ecclesie

904 2142 1253 2225 prenotate
1279 2139 1629 2225 presumat
1656 2152 1869 2224 super
1896 2132 2316 2222 obligatione
2346 2141 2415 2204 et
2448 2130 2891 2204 concessione
2930 2152 3013 2202 ac
3047 2139 3278 2203 nostra
3316 2130 3720 2223 hujusmodi

904 2254 1417 2327 confirmatione
1448 2254 1561 2327 vel
1598 2253 1849 2326 audeat
1901 2254 2265 2350 impedire.
2309 2253 2513 2339 Quod
2563 2253 2684 2347 qui
2730 2254 2964 2325 fecerit
3006 2252 3551 2347 indignationem
3601 2256 3723 2328 Dei

903 2387 1270 2471 nostreque
1319 2375 1748 2449 celsitudinis
1794 2378 2274 2471 gravissimam
2322 2378 2652 2450 offensam
2693 2398 2770 2450 se
2813 2378 3080 2450 noverit
3128 2377 3589 2451 incursurum.
3636 2379 3726 2451 Ut

904 2512 1134 2574 autem
1171 2523 1457 2596 presens
1486 2503 1741 2597 pagina
1776 2502 2200 2576 inviolabilis
2224 2511 2703 2590 conservetur,
2745 2501 2967 2597 ipsam
3002 2501 3227 2593 sigillo
3261 2511 3491 2576 nostre
3515 2503 3722 2575 celsi-

902 2623 1166 2697 tudinis
1202 2626 1492 2698 fecimus
1525 2627 1856 2700 roborari.

999 2750 1232 2823 Testes
1243 2758 1407 2822 sunt
1421 2747 1520 2820 bii
1542 2774 1559 2819 ε
1585 2802 1602 2820 .
1617 2804 1634 2821 .
1648 2804 1664 2821 .
1691 2750 2256 2845 archiepiscopus
2274 2751 2478 2843 Magn
2486 2750 2744 2840 utinus,
2763 2748 3189 2843 Eggebertus
3205 2747 3725 2844 Babenbergen·

905 2872 1036 2964 sis,
1074 2874 1438 2947 Heinricus
1474 2874 1878 2949 Eistetensis
1909 2874 2248 2969 episcopi,
2283 2873 2645 2947 Heinricus
2668 2872 2973 2946 marchio
2997 2872 3087 2946 de
3119 2874 3462 2967 Burgove,
3496 2894 3725 2947 comes

901 2997 1135 3092 Egeno
1170 2999 1259 3073 de
1287 3001 1626 3094 Vriburg,
1667 3000 2401 3073 comes'Hartmannus
2435 2999 2526 3072 de
2555 2999 2900 3093 Quiburg‚
2960 3019 3190 3072 comes
3219 2997 3600 3072 Ruodolfus
3634 2998 3726 3072 de

901 3121 1474 3217 Raprehtswilar,
1520 3124 1883 3197 Heinricus
1920 3122 2012 3196 de
2044 3123 2304 3214 Nissen,
2346 3131 2416 3197 et
2448 3122 2563 3194 alii
2601 3123 3068 3217 quamplures,

904 3372 1347 3464 nom-amma.)

998 3492 1168 3563 Acta
1207 3502 1369 3564 sunt
1418 3492 1549 3564 hec
1590 3513 1776 3565 anno
1820 3492 2170 3566 dominice
2219 3494 2706 3566 incarnationis
2726 3495 2820 3567 M.
2856 3493 2981 3565 CC.
3010 3493 3356 3585 xxxnll,
3395 3503 3725 3586 regnante

905 3613 1160 3686 domno
1210 3614 1529 3688 Heinrico
1556 3672 1572 3703 ‚
1639 3617 2142 3710 gloriosissimo
2174 3620 2639 3691 Romanorum
2683 3639 2849 3709 rege
2870 3671 2890 3708 ,
2939 3617 3148 3689 tercio
3186 3615 3516 3689 kalendas
3553 3640 3726 3713 sep-

906 3737 1211 3828 tembris,
1246 3738 1620 3813 indictione
1645 3740 1962 3835 septima.

999 3861 1243 3933 Datum
1274 3862 1462 3958 apud
1483 3865 1985 3960 Nuoerinberg,
2022 3887 2231 3958 anuo,
2269 3886 2530 3958 mense,
2565 3864 2943 3939 indictione
2971 3865 3368 3961 prenotatis,
3404 3864 3715 3939 feliciter.

902 3983 1144 4057 Amen.

1006 4461 1372 4547 Henricus
1396 4526 1419 4573 ‚
1487 4466 2010 4552 Romanorum
2072 4495 2207 4552 rex
2222 4532 2246 4577 ‚
2307 4469 2662 4554 Conrado
2715 4470 3065 4579 episcopo
3117 4470 3716 4555 Hildeshemeusi

3822 4495 4079 4605 ΕΔΜ

908 4593 1159 4678 scribit
1213 4599 1601 4707 quomodo
1648 4626 1946 4710 semper
1998 4602 2381 4687 mandatis
2436 4603 2674 4712 patris
2710 4603 2829 4685 sui
2864 4601 3229 4686 obedierit
3270 4613 3346 4685 et
3394 4628 3536 4711 pro
3580 4604 3716 4713 ip-
3784 4605 3813 4648 ²
3831 4564 4113 4659 “mmm'-

1057 4730 1163 4793 IV·
1205 4751 1388 4798 Pana.
3325 4745 3400 4797 86
