4842 5802
867 620 1062 676 Iunior.
1096 612 1180 696 7.]
1760 609 2153 670 HISTORIA
2208 610 2793 673 D1PLOMATch.
3563 614 3684 675 673

964 747 1048 817 H.
1075 798 1095 836 ,
1134 745 1260 817 Dei
1295 742 1519 835 gratia
1555 742 2178 819 Romanornmfrex
2218 754 2287 814 et
2319 765 2593 837 semper
2626 752 2995 836 augustus,
3036 745 3375 817 universis
3412 745 3682 841 imperii

875 870 1193 943 fidelihus
1225 867 1482 962 quibus
1518 887 1806 960 presens
1845 866 2041 938 litera
2072 867 2278 938 fuerit
2325 877 2600 939 ostensa
2639 868 2928 959 gratiam
2969 890 3167 940 suam
3204 878 3273 940 et
3307 889 3509 940 omne
3560 871 3683 942 bo·

876 1018 1067 1068 num.
1110 995 1281 1066 C'um
1322 992 1500 1064 inter
1531 991 1890 1063 ecclesiam
1921 1000 2220 1063 nostram
2253 992 2743 1063 Halisbrunnin
2785 1000 2854 1063 et
2884 992 3187 1063 relictam
3220 992 3560 1065 Cuonradi
3596 994 3687 1066 de

875 1118 1218 1192 Anindorf
1259 1138 1384 1212 pro
1426 1115 1846 1209 quibusdam
1885 1113 2087 1185 bonis
2135 1114 2285 1185 sitis
2339 1113 2687 1185 Anindorf
2725 1115 2809 1185 lis
2857 1123 2926 1186 et
2960 1116 3231 1208 questio
3277 1124 3684 1206 verteretur,

878 1264 1104 1317 coram
1131 1241 1332 1314 nobis
1376 1248 1445 1311 et
1486 1238 1806 1310 Heinrico
1839 1237 1930 1309 de
1961 1236 2169 1308 Niffin
2205 1259 2413 1330 quem
2451 1238 2542 1310 ad
2575 1238 3124 1331 cognoscendam
3149 1260 3427 1311 causam
3461 1238 3692 1335 depu-

883 1377 1304 1453 taveramnS,
1349 1363 1450 1435 sic
1486 1362 1749 1435 exstitit
1782 1360 2150 1433 diffinitum
2180 1360 2371 1455 quod
2404 1360 2589 1432 filius
2625 1364 2774 1454 ejus
2829 1417 2845 1432 .
2912 1417 2928 1432 .
2993 1417 3009 1432 .
3066 1364 3213 1457 ipsa
3257 1364 3439 1435 bona
3471 1373 3697 1436 teneat

883 1491 974 1562 ad
1010 1499 1315 1584 tempora
1352 1486 1495 1560 vite
1523 1507 1675 1575 sue,
1706 1494 1774 1557 et
1809 1484 1961 1590 ipsa
1988 1485 2275 1556 ecclesia
2306 1485 2599 1577 singulis
2625 1485 2826 1556 annis
2862 1485 2953 1557 de
2987 1487 3153 1579 ipsis
3181 1488 3381 1559 bonis
3417 1489 3488 1559 in
3528 1491 3698 1562 festo

885 1613 1151 1684 Martini
1195 1611 1484 1705 recipiat
1534 1608 1650 1680 LX
1697 1607 2017 1680 denarios
2072 1629 2198 1702 pro
2242 1609 2712 1702 possessione,
2771 1617 2840 1678 et
2877 1608 2976 1679 sic
3014 1609 3339 1681 defuncto
3370 1612 3518 1706 ipso
3556 1612 3698 1684 filio

888 1738 1037 1832 ipsa
1072 1738 1255 1808 bona
1305 1755 1465 1805 cum
1514 1732 1902 1825 integritate
1939 1730 2226 1803 redeant
2261 1733 2354 1804 ad
2400 1754 2572 1803 usus
2620 1731 2905 1802 ecclesie
2951 1745 3337 1826 prenotate,
3382 1746 3449 1808 et
3486 1737 3546 1807 si
3577 1737 3701 1809 ha-

887 1861 1115 1932 buerit
1146 1857 1463 1946 heredeS,
1505 1856 1674 1950 ipsis
1709 1855 1908 1928 bonis
1936 1877 2074 1927 non
2109 1855 2506 1927 succedant.
2534 1854 2647 1925 Ad
2678 1854 2807 1925 hec
2843 1865 3291 1949 protestamur
3319 1859 3510 1952 quod
3547 1882 3703 1955 pre-

892 1985 1141 2057 libatus
1195 2038 1212 2054 .
1278 2036 1296 2052 .
1359 2036 1374 2051 .
1434 1982 1581 2075 ipsa
1614 1981 1797 2053 bona
1825 2001 1965 2052 non
2014 1980 2220 2051 habet
2251 1979 2726 2050 auctoritatem
2754 1979 3107 2071 obligandi
3141 1980 3253 2053 vel
3303 1981 3702 2056 infeodandi

892 2131 1014 2181 seu
1047 2105 1395 2180 alienandi
1431 2107 1522 2177 ab
1556 2105 1843 2177 ecclesia
1883 2105 2222 2193 antefata,
2259 2111 2328 2174 et
2360 2103 2417 2173 si
2452 2103 2708 2173 factum
2740 2102 2968 2191 fuerit,
3012 2111 3248 2175 tenore
3270 2107 3705 2198 presencium

896 2253 1301 2304 revocamus
1332 2241 1401 2303 et
1431 2228 1866 2301 decernimus
1902 2249 2040 2300 non
2071 2228 2324 2300 valere.

990 2357 1213 2446 Hujus
1262 2355 1497 2447 itaque
1545 2354 1706 2424 facti
1758 2361 1963 2425 testes
2009 2359 2171 2422 sunt
2222 2377 2239 2421 z
2296 2347 2737 2422 Eberhardus
2781 2347 2868 2420 de
2906 2350 3170 2439 Monte,
3230 2351 3586 2423 Heinricus
3618 2353 3710 2426 de

899 2480 1159 2566 Monte,
1200 2474 1639 2548 Burchardus
1671 2474 1762 2546 de
1786 2473 2248 2562 Witansdorf,
2297 2471 2698 2545 Cuonradus
2751 2471 2838 2543 de
2873 2471 3300 2562 Festinberc,
3351 2474 3710 2548 Heinricus

901 2603 989 2675 de
1020 2600 1418 2693 Gisilingin,
1474 2598 1836 2670 Heinricns
1883 2596 1974 2670 de
2009 2596 2448 2686 Vendibach,
2503 2595 2577 2667 C.
2635 2594 3045 2688 butiglarius
3091 2593 3181 2667 de
3234 2597 3657 2670 Nuorinberc
3685 2652 3705 2686 ,

903 2724 1304 2819 Cuonradus
1331 2724 1640 2816 Biginot,
1682 2723 2114 2795 Hermannus
2151 2719 2334 2792 filius
2367 2742 2574 2810 suus,
2630 2719 3039 2793 Bertholdus
3068 2721 3460 2811 Scuteloch‚
3502 2732 3569 2795 et
3594 2724 3711 2795 alii

905 2850 1371 2943 quamplures.

999 2972 1247 3044 Actum
1279 2971 1467 3067 apud
1491 2969 1937 3060 Nuorinberc,
1972 2989 2157 3040 anno
2190 2967 2459 3039 Domini
2491 2967 2849 3040 millesimo
2883 2968 3352 3045 ducentesimo
3379 2972 3718 3046 tricesimo

908 3110 1185 3190 quarto,
1223 3095 1439 3169 XVIII
1469 3094 1803 3167 kalendas
1836 3092 2278 3188 septembris,
2320 3088 2694 3162 indictione
2720 3093 2887 3164 vl1·.

1341 3404 1391 3414 ..-

1026 3669 1390 3753 Hem-icus
1406 3732 1430 3776 ,
1475 3671 1997 3755 Romanorum
2052 3695 2183 3751 rex
2208 3731 2232 3776 ,
2290 3694 2433 3778 pro
2486 3668 2820 3751 remedio
2876 3671 3176 3753 animae
3231 3697 3410 3754 suae
3462 3673 3726 3755 domui

921 3934 1081 4016 thal
1125 3960 1301 4016 cum
1345 3934 1519 4044 jure
1564 3945 2011 4044 patronatus
2048 3944 2122 4016 et
2166 3933 2376 4014 omni
2410 3932 2757 4014 libertate
2792 3943 3154 4042 perpetuo
3190 3935 3725 4042 possidendam

924 4066 1241 4151 confert.

1083 4278 1272 4352 (Edit.
1304 4279 1369 4338 ln
1395 4274 1727 4341 Solotlturn.
1757 4273 2165 4354 Woclzenblatt,
2195 4292 2336 4337 ann.
2373 4285 2549 4352 1827,
2579 4285 2649 4337 n⁰
2678 4286 2783 4351 39,
2813 4295 2874 4356 p.
2909 4281 3073 4353 376.)

1020 4464 1379 4536 Heinricus
1395 4466 1754 4559 septimus,
1796 4463 2029 4538 divina
2056 4465 2332 4536 favente
2348 4464 2708 4536 clementia
2723 4465 3179 4537 Romanorum
3211 4489 3337 4538 rex
3358 4477 3427 4541 et
3460 4492 3732 4566 semper

931 4598 1263 4681 angustus
1289 4644 1310 4681 ,
1355 4591 1697 4663 universis
1732 4590 2001 4685 imperii
2040 4589 2359 4662 fidelibus
2391 4591 2648 4683 quibus
2668 4611 2952 4685 presens
2989 4592 3206 4665 littera
3237 4594 3435 4666 fuerit
3461 4608 3734 4671 ostensa

937 4713 1220 4806 gratiam
1246 4735 1444 4786 suam
1479 4724 1548 4788 et
1568 4736 1771 4787 omne
1794 4715 2078 4787 bonum.
2116 4714 2286 4786 Cum
2327 4714 2586 4805 fragilis
2614 4714 2703 4786 sit
2739 4715 2882 4787 vita
2907 4716 3204 4788 hominis
3230 4726 3297 4789 et
3326 4729 3542 4793 morte
3565 4722 3737 4796 nihil

1090 4839 1197 4902 IV.
1242 4847 1356 4895 Pm
1382 4855 1426 4897 2.
3345 4851 3418 4903 85

3896 3702 4023 3758 Apud

3809 3759 4058 3803 Nurember

924 3802 1178 3885 Sancti
1232 3803 1491 3885 Lazari
1554 3803 1950 3886 ecclesiam
2006 3827 2226 3884 suam
2283 3801 2718 3912 Meyringen
2777 3801 3000 3882 sitam
3072 3803 3150 3883 in
3223 3803 3391 3886 loco
3455 3805 3723 3887 Hasil-
3825 3813 3876 3855 1⁸
3895 3814 4096 3865 ⁸⁰⁸⁰&-

4061 3769 4115 3810 8.
