4842 5802
876 613 1070 673 lunxcr.
1106 612 1194 689 7.]
1770 612 2162 676 HISTORIA
2211 608 2797 673 DIPLOMATICA.
3575 611 3690 674 651

875 746 1340 819 Frankenvort
1388 767 1549 818 cum
1600 746 2133 844 archiepiscopis
2174 757 2247 820 et
2294 746 2641 843 episcopis
2687 768 2910 840 usque
2962 746 3056 821 ad
3110 748 3299 821 XXV
3345 758 3430 821 et.
3451 748 3694 821 multis

873 868 1150 965 imperii
1210 868 1648 964 principibus
1707 868 1770 967 (l
1787 869 1811 966 )
1825 923 1848 963 ,
1919 870 2178 945 deinde
2244 871 2591 946 dominica
2633 872 2868 942 Letare
2924 873 3293 944 Jerusalem
3347 869 3454 967 (2)
3502 871 3697 967 apud

873 992 1303 1086 Mognntiam
1345 993 1905 1067 examinavimus
1943 996 2263 1068 comitem
2297 993 2696 1068 Seinensem
2731 1003 2800 1067 et
2837 994 3008 1068 alios
3043 994 3134 1068 de
3168 996 3426 1088 quibus
3458 994 3696 1069 habita

874 1123 978 1190 est
1011 1115 1311 1210 questio,
1347 1125 1419 1190 et
1462 1117 1889 1193 restituimus
1931 1140 2053 1193 eos
2099 1120 2281 1191 fame
2330 1126 2399 1191 et
2447 1118 3017 1214 possessionibus.
3068 1117 3519 1192 Mendacibus
3569 1140 3696 1214 pro

874 1240 1177 1336 perjurio
1227 1240 1537 1333 injuncta
1576 1251 1681 1314 est
1713 1242 2097 1336 penitentia
2127 1243 2576 1338 septennalis3
2615 1263 2736 1315 eos
2777 1242 2900 1337 qui
2950 1243 3351 1316 innocentes
3398 1264 3695 1315 accusa-

877 1370 1150 1451 verant,
1191 1363 1285 1436 ad
1328 1363 1543 1459 pedes
1578 1363 1844 1438 domini
1878 1388 2057 1463 pape
2101 1366 2643 1456 transmisimus3
2688 1368 2811 1461 qui
2839 1368 3244 1461 magistrum
3268 1366 3692 1440 Conrardum

872 1486 1273 1561 occiderant
1301 1489 1893 1563 excommunicati
1921 1499 2117 1579 sunt,
2161 1488 2251 1562 de
2282 1489 2520 1584 pueris
2562 1489 2988 1562 scholaribus
3034 1490 3166 1583 qui
3204 1511 3363 1562 cum
3406 1490 3558 1563 aliis
3601 1490 3693 1563 ad

856 1612 1104 1705 ‘ignem
1139 1621 1656 1704 concurrerunt,
1694 1612 2055 1706 inquisitio
2089 1614 2151 1685 si
2185 1614 2324 1684 sint
2351 1613 2796 1707 irregulares3
2847 1613 2938 1686 de
2969 1614 3366 1687 innocenter
3405 1615 3694 1687 mortuis

869 1737 1182 1831 queritur
1223 1738 1584 1809 consilium
1619 1757 1823 1832 pape.
1856 1761 1894 1806 »
2951 1750 2954 1759 ·

969 1858 1156 1943 Quid
1208 1858 1299 1931 ad
1335 1859 1468 1932 hoc
1524 1859 1848 1932 dominus
1896 1878 2079 1954 papa
2138 1860 2563 1953 rescripserit
2619 1859 2954 1931 nondum·
2982 1860 3280 1951 scimus,·
3321 1860 3456 1932 nisi
3499 1861 3691 1955 quod

873 1983 1175 2079 poenitet
1209 2004 1371 2055 eum
1405 1983 1570 2056 satis
1598 1983 1792 2077 quod
1827 1991 2087 2056 tantam
2114 1983 2303 2057 dicto
2340 1983 2670 2076 magistro
2713 1982 3059 2055 Conrardo
3097 1993 3497 2078 potestatem
3525 2008 3693 2080 per-

869 2108 1161 2199 miserit,
1205 2106 1396 2179 unde
1443 2108 1598 2179 talis
1635 2108 1948 2180 eonfusio
2003 2107 2355 2179 emerserit
2399 2106 2532 2199 (3).
2579 2107 2868 2202 Insuper
2916 2106 3094 2178 visio
3137 2106 3483 2200 quaedam
3527 2109 3683 2182 visa

871 2239 973 2306 est
1006 2233 1076 2303 in
1106 2230 1516 2304 Alemannia
1556 2229 1649 2304 de
1693 2251 1898 2322 novo,
1933 2250 2057 2325 per
2090 2251 2302 2323 quam
2334 2229 2697 2321 conjicitur
2728 2229 2919 2323 quod
2955 2230 3140 2303 idem
3177 2229 3567 2303 Conrardus
3598 2231 3687 2303 sit

870 2354 1234 2428 damnatus
1252 2413 1269 2443 ,
1307 2363 1439 2429 etc.

858 2961 869 2970 ‚
972 2844 1381 2978 Henricus,
1458 2867 1983 2964 Romanorum
2024 2895 2178 2953 ‚rex
2200 2931 2224 2979 ,
2281 2846 2633 2952 ministro
2705 2878 2780 2952 et
2854 2867 3294 2953 hominibus
3366 2854 3686 2953 Uraniae
3777 2875 4031 2982 „32¹2ss

870 3003 1186 3086 mandat
1239 3010 1326 3085 ut
1378 3000 1477 3084 ab
1528 3001 1967 3085 hominibus
2020 3001 2333 3085 claustri
2386 3003 2483 3083 de
2532 3001 2969 3110 Wettingen
3022 3001 3318 3126 nullam
3371 3028 3684 3112 prorsus

866 3137 1326 3219 exactionem
1363 3135 1481 3220 vel
1517 3136 1938 3244 precariam
1973 3137 2392 3244 requirant.

1024 3376 1219 3455 (Edit.
1250 3394 1347 3454 ap.
1375 3377 1673 3456 Tscuunr,
1705 3373 1969 3437 chronic.
1997 3372 2254 3450 Helvet„
2284 3381 2332 3436 t.
2360 3376 2430 3454 Ι,
2458 3391 2522 3452 p.
2560 3372 2725 3455 130.)

939 3661 1010 3736 (t)
1047 3662 1128 3720 Cf.
1161 3677 1344 3735 supra,
1372 3681 1429 3737 p.
1454 3667 1588 3732 630,
1618 3668 1675 3718 et
1700 3662 1916 3719 nomina
1933 3661 2146 3718 testium
2175 3678 2232 3735 p.
2267 3663 2370 3718 632
2390 3665 2448 3716 et
2463 3662 2589 3716 634.

923 3759 998 3833 (2)
1036 3759 1250 3816 Scilicet
1272 3766 1462 3835 quarta
1485 3760 1923 3834 quadragesimae
1949 3759 2213 3817 dominica
2240 3760 2304 3831 (2
2328 3757 2560 3832 aprilis),
2592 3772 2758 3830 quum
2785 3756 2889 3814 hoc
2913 3772 3054 3815 anno
3077 3757 3318 3816 Paschae
3340 3759 3396 3815 in
3417 3757 3504 3816 die
3534 3758 3675 3816 vice-

859 3857 990 3913 sima
1013 3858 1171 3914 tertia
1198 3856 1376 3931 aprilis
1402 3858 1715 3918 inciderent.

926 3955 999 4029 (3)
1036 3955 1177 4025 Quid
1214 3971 1356 4031 papa
1399 3971 1564 4029 super
1600 3956 1687 4016 his
1723 3954 2054 4024 decreverit,
2096 3969 2165 4012 ex
2200 3950 2498 4011 Annalibus
2537 3950 3016 4010 warmatiensibus
3057 3952 3251 4027 partim
3292 3953 3673 4027 comperimus.

860 4054 1154 4126 Postquam
1178 4052 1406 4112 conradi
1432 4053 1503 4110 de
1531 4053 1783 4125 marburg
1808 4057 1863 4118 et
1893 4051 2161 4110 sociorum
2186 4051 2302 4124 ejus
2328 4065 2518 4108 necem
2545 4049 2836 4120 audiverit,
2873 4049 2930 4105 in
2970 4048 3272 4123 praesentia
3308 4049 3616 4107 nuntiorum
3640 4066 3676 4107 a

852 4151 1181 4226 principibus
1199 4150 1547 4208 Alemanniae
1576 4151 1644 4207 ad
1666 4150 1869 4206 curiam
1895 4150 2187 4212 Romanam
2217 4147 2519 4218 missorum,
2546 4147 2679 4204 dixit
2704 4164 2720 4202 ε
2753 4167 2780 4201 α
2804 4146 2945 4204 Ecce
2970 4147 3249 4205 Alemanni
3284 4161 3497 4221 semper
3523 4153 3676 4204 erant

852 4247 1067 4319 furiosi,
1097 4253 1157 4322 et
1190 4248 1311 4306 ideo
1345 4262 1489 4304 nunc
1525 4229 1800 4304 habebant
1818 4246 2026 4319 judices
2062 4246 2307 4304 furiosos.
2332 4267 2358 4300 »
2394 4268 2420 4300 α
2442 4245 2511 4302 Bt
2535 4245 2716 4303 statim
2741 4245 3000 4318 expeditis
3030 4245 3293 4303 nuntiis...
3310 4245 3546 4316 jocunde
3577 4259 3674 4304 eos

855 4346 1086 4417 remisit,
1116 4346 1343 4403 firmiter
1386 4341 1675 4403 inhibendo
1708 4357 1795 4404 ne·
1815 4333 2112 4403 sententiae
2143 4345 2279 4402 tales
2311 4359 2555 4418 unquam
2588 4347 2952 4413 servarentur,
2989 4343 3084 4400 sed
3115 4347 3430 4400 sanctorum.
3454 4343 3673 4400 Petrum

859 4449 915 4501 et
937 4459 1127 4502 sacrae
1148 4441 1469 4519 scripturae
1488 4444 1658 4506 series
1687 4449 1744 4506 et
1777 4443 2021 4502 instituta
2047 4458 2285 4517 unquam
2308 4443 2364 4500 in
2393 4448 2715 4516 perpetuum
2737 4455 2900 4514 super
2924 4438 3116 4498 talibus
3135 4440 3362 4513 negotiis
3388 4456 3529 4514 quae
3546 4446 3671 4499 tan-

854 4546 986 4614 gunt
1023 4540 1425 4614 inquisitionem
1467 4541 1859 4602 haereticorum
1875 4582 1891 4613 ,
1944 4541 2168 4600 firmiter
2212 4540 2645 4599 observarentur.
2685 4538 3001 4595 Affirmabat
3041 4538 3204 4595 etiam
3248 4537 3494 4597 dominus
3530 4554 3672 4615 papa

855 4654 1040 4698 omnes
1080 4641 1304 4698 clericos
1348 4655 1470 4697 esse
1513 4641 1851 4715 irregulares,
1896 4641 1990 4716 qui
2028 4640 2156 4696 huic
2195 4639 2339 4696 sacto
2380 4637 2761 4708 interfuerunt,
2797 4640 3181 4694 consenserunt
3215 4635 3303 4693 vel
3338 4636 3603 4696 viderunt.
3637 4657 3666 4692 n

855 4736 956 4808 Ap.
984 4738 1276 4809 nomm
1307 4738 1521 4808 Fontes,
1550 4743 1591 4794 t.
1620 4731 1690 4809 11,
1714 4754 1771 4811 p.
1795 4719 1921 4809 4'77,
1949 4740 2071 4794 ⁴78.

3788 2984 3844 3025 26
3871 2962 4057 3037 aptius)
