4842 5802
1149 604 1274 665 784
2149 601 2580 663 anssmct
2629 599 2982 661 SECUNDI
3603 602 3766 683 [Auru.
3803 604 3980 669 1235.

1390 736 1612 798 branae
1640 734 1851 796 infima
1895 735 2162 797 succisus
2200 741 2326 809 est,
2373 735 2470 795 vel
2513 737 2709 813 potius
2753 733 3104 795 mandatum
3147 732 3310 811 quod
3352 732 3432 795 ab
3468 734 3709 797 exordio
3749 753 3986 817 semper

1394 843 1589 922 sigillo
1616 843 1828 918 caruit,
1852 842 2023 903 alteri
2040 844 2206 920 justo
2231 844 2626 903 instrumento
2651 846 2832 919 atque
2856 839 3048 919 sigtllo
3073 840 3304 900 munito
3329 838 3627 902 inclusum
3652 841 3833 923 erat.)

1255 1026 1734 1128 Fr[idericus],
1774 1029 1898 1102 Dei
1932 1029 2152 1124 gratia
2178 1031 2638 1102 Romanorum
2674 1027 3045 1122 imperator
3074 1047 3341 1122 semper
3372 1038 3734 1123 augustae,
3763 1032 3984 1104 Jeru-

1157 1155 1373 1226 salem
1408 1163 1475 1226 et
1504 1153 1733 1225 Sicilie
1768 1175 1935 1244 rex,
1993 1152 2353 1227 buticlario
2394 1151 2485 1226 de
2519 1151 3005 1224 Nuorenberch
3050 1149 3238 1224 fideli
3283 1174 3411 1224 suo
3456 1154 3746 1245 gratiam
3784 1160 3984 1235 suam

1157 1287 1226 1350 et
1271 1299 1476 1351 omne
1524 1276 1813 1348 bonum.
1873 1277 2233 1361 Querelam
2288 1276 2615 1372 prepositi
2669 1285 2738 1347 et
2783 1283 3167 1348 conventus
3219 1273 3310 1347 de
3361 1276 3760 1371 Speinsbart
3807 1278 3984 1353 fide-

1159 1401 1328 1473 lium
1379 1409 1766 1473 nostrorum
1823 1401 2210 1498 recepimus
2265 1400 2728 1473 continentem
2783 1398 2974 1493 quod
3032 1398 3389 1472 lantcravii
3441 1400 3531 1474 de
3576 1394 4010 1495 Waltekke,'

1162 1524 1252 1598 de
1288 1521 1763 1597 Luikenberch
1792 1533 1860 1596 et
1903 1525 2241 1596 Henricus
2276 1523 2365 1596 de
2410 1523 2778 1613 Turndorf,
2814 1523 3173 1596 occasione
3206 1523 3566 1597 advocatie
3601 1549 3812 1621 quam
3848 1527 3989 1601 ha-

1160 1647 1326 1720 bere
1366 1668 1441 1719 se
1476 1655 1792 1720 asserunt
1839 1647 1913 1719 in
1961 1647 2379 1741 quibusdam
2418 1647 2602 1720 villis
2650 1645 2871 1743 ipsius
2906 1647 3226 1738 ecclesie,
3262 1646 3589 1722 videlicet
3625 1651 3978 1745 Wolawe,

1160 1768 1668 1863 Curbansdorf,
1724 1772 2033 1862 Prissen,
2089 1770 2553 1864 Curbenseze,
2605 1770 3040 1859 Mukenrott,
3100 1769 3445 1843 Aldinriut
3493 1781 3564 1845 et
3614 1775 3978 1869 Tunpach,

1161 1916 1320 1967 cum
1361 1896 1622 1967 nullam
1673 1894 1769 1965 ibi
1806 1894 2242 1969 advocatiam
2276 1893 2612 1986 habeant,
2654 1894 2842 1991 ipsos
2876 1894 3300 1990 prepositum
3334 1905 3404 1968 et
3450 1907 3874 1970 conventum
3911 1898 4015 1969 in'

1163 2018 1426 2092 eisdem
1468 2018 1652 2090 villis
1699 2029 2087 2112 aggravant
2118 2029 2186 2093 et
2221 2018 2716 2115 dapmnificare
2766 2040 2903 2091 nou
2941 2027 3232 2105 cessant,
3282 2041 3558 2093 omnem
3595 2022 3695 2094 eis
3736 2021 3988 2095 moles-

1162 2143 1328 2215 tiam
1382 2150 1449 2214 et
1492 2143 1828 2234 jacturam
1888 2144 2168 2217 assidue
2230 2143 2610 2216 inferendo,
2670 2142 2842 2214 Cum
2902 2141 3113 2236 igitur
3157 2144 3600 2217 ecclesiarum
3648 2148 3807 2239 jura
3863 2168 3989 2220 ve-

1155 2265 1364 2338 limus
1399 2265 1588 2339 illesa
1630 2267 1934 2359 servari,
1982 2266 2289 2340 fidelitati
2330 2277 2450 2340 tue
2487 2267 2770 2340 firmiter
2815 2266 3257 2362 precipiendo
3298 2267 3709 2341 mandamus
3733 2324 3753 2360 ,
3804 2293 3980 2365 qua-

1159 2391 1345 2464 tinus
1386 2391 1713 2487 inquisita
1756 2392 1847 2466 de
1900 2392 2035 2465 hiis
2083 2393 2483 2483 diligentius
2537 2392 2862 2484 veritate,
2924 2391 2982 2463 si
3041 2391 3164 2463 tibi
3221 2393 3596 2501 constiterit
3653 2394 3746 2466 ita
3797 2416 3986 2485 esse,

1168 2515 1515 2610 predictos
1590 2518 1974 2590 lancravios
2045 2527 2113 2589 et
2173 2518 2543 2590 Henricum
2607 2516 2832 2588 taliter
2897 2515 2988 2588 ab
3062 2515 3462 2590 eorumdem
3537 2518 3863 2614 prepositi
3923 2526 3998 2590 et

1163 2649 1549 2712 conventus
1599 2639 1906 2712 indebita
1941 2641 2407 2713 molestatione
2444 2660 2862 2733 compescaS,
2902 2647 2970 2709 et
3006 2659 3213 2731 cogas
3259 2650 3463 2733 prout
3483 2641 3748 2732 justum
3787 2641 3997 2713 suerit

1160 2773 1241 2835 ut
1276 2763 1502 2835 ablata
1538 2763 1926 2853 restituant,
1969 2773 2046 2834 ut
2079 2785 2289 2859 super
2326 2763 2461 2834 hiis
2500 2763 2746 2835 iterum
2787 2762 3044 2835 nullam
3081 2763 3585 2856 querimoniam
3622 2764 3995 2838 audiamus

1165 2894 1235 2959 et
1270 2895 1389 2958 tua
1428 2884 1717 2980 proinde
1752 2885 2031 2979 devotio
2065 2885 2608 2959 commendetur.

1266 3010 1517 3081 Datum
1548 3008 1890 3102 Auguste,
1928 3010 2118 3083 XXV
2146 3009 2470 3100 octobris,
2511 3006 2908 3081 indictionis
2932 3009 3164 3081 V1111‘.

1616 3305 3473 3321 mmm—”—
3487 3306 3523 3316 ι-

813 3616 1067 3669 inzu-220,
1276 3577 1706 3662 Fridericus
1734 3641 1757 3685 ,
1830 3576 2354 3659 Romanorum
2435 3574 2879 3682 imperator,
2945 3570 3340 3653 ecclesiam
3409 3570 3492 3652 in
3562 3571 3949 3681 Kitzingen
3974 3632 4001 3677 ,

850 3669 1037 3714 ‘mm'
1176 3737 1355 3795 cum
1408 3710 1753 3821 personis
1817 3722 1892 3792 et
1933 3706 2542 3818 possessionibus
2595 3705 2954 3788 omnibus
2978 3766 3002 3812 ,
3042 3704 3120 3785 in
3186 3703 3493 3812 speclali
3540 3705 4006 3812 protectione

1182 3870 1321 3928 sua
1356 3853 1431 3926 et
1464 3842 1760 3951 imperii
1797 3841 2083 3949 recipit.

1348 4060 1529 4140 (Edit.
1562 4060 1626 4118 in
1652 4057 1873 4131 Jnenn,
1910 4054 2108 4118 Gesclz.
2139 4050 2622 4127 Frankenlands,
2651 4058 2699 4113 t.
2731 4051 2842 4125 111,
2871 4068 2933 4129 p.
2982 4059 3118 4122 880,
3161 4065 3330 4111 num.
3364 4058 3471 4122 853
3513 4053 3572 4108 et
3605 4064 3704 4125 ap.
3738 4049 4002 4107 Monam.

1426 4166 1620 4240 Boia,
1651 4170 1699 4225 t.
1730 4163 1925 4242 XXX,
1954 4181 2017 4240 p.
2054 4171 2194 4242 243,
2231 4178 2393 4222 num.
2426 4156 2922 4231 DCCXXXVIII,
2959 4173 3035 4217 ex
3060 4156 3333 4232 orlgmali
3358 4154 3517 4214 unde
3551 4154 3813 4232 sigillum
3839 4170 4010 4215 non-

1419 4272 1569 4333 nihil
1598 4269 1819 4331 laesum
1854 4266 2150 4345 appendet
2168 4283 2244 4327 ex
2282 4264 2398 4326 filis
2424 4266 2624 4326 sericis
2647 4264 2791 4325 flavi
2817 4268 2877 4323 et
2903 4261 3067 4322 rubri
3090 4258 3350 4339 coloris.)

1278 4455 1752 4559 Fr[idericus],
1789 4456 1916 4529 Dei
1947 4455 2166 4550 gratia
2191 4455 2656 4526 Romanorum
2691 4450 3062 4545 imperator
3092 4466 3363 4541 semper
3406 4452 3770 4538 augustus,
3807 4444 4010 4516 Jeru-

1181 4589 1393 4662 salem
1432 4594 1501 4659 et
1533 4584 1761 4656 Sicilie
1796 4605 1948 4656 rex.
1990 4580 2400 4674 Religiosam
2438 4578 2654 4650 vitam
2691 4572 3108 4647 habentibus
3140 4567 3490 4666 imperiale
3523 4567 3731 4645 debet
3766 4568 4015 4642 adesse

1181 4710 1563 4807 presidium
1610 4731 1700 4783 ne
1734 4707 2045 4802 cujusvis
2081 4703 2486 4779 temeritatis
2521 4701 2839 4774 incursus
2882 4706 3005 4770 aut
3050 4717 3170 4771 eos
3210 4718 3254 4769 a
3298 4695 3483 4769 bono
3514 4690 3866 4791 proposito
3901 4714 4017 4766 re-
