4842 5802
1143 621 1265 683 800
2145 626 2574 689 FRIDERICI
2623 627 2970 690 sEctmm
3592 628 3753 713 [Anu.
3789 630 3967 694 1235.

1237 754 1411 827 Acta
1442 764 1604 828 sunt
1632 754 1763 830 hec
1796 779 1981 832 anno
2014 756 2359 833 dominice
2392 761 2885 835 incarnationis
2919 760 3278 836 millesimo
3323 760 3796 837 ducentesimo
3839 764 3975 836 tri-

1140 876 1394 951 cesimo
1440 878 1722 973 quinto,
1770 902 2006 955 mense
2063 882 2482 975 decembris,
2545 905 2730 956 none
2783 883 3213 976 indictionis,
3262 884 3643 980 imperante
3687 881 3972 957 domino

1139 1009 1372 1073 nostro
1403 1000 1748 1076 Friderico
1771 1003 1856 1095 11,
1885 1004 2009 1078 Dei
2038 1006 2257 1099 gratia
2289 1007 2724 1080 serenissimo
2745 1008 3206 1081 Romanorum
3231 1007 3667 1104 imperatore,
3696 1028 3971 1102 semper

1138 1132 1471 1217 augusto,
1509 1125 1883 1199 Jerusalem
1930 1136 1999 1199 et
2033 1128 2262 1200 Sicilie
2306 1149 2471 1223 rege
2494 1182 2513 1218 ,
2572 1150 2755 1201 anno
2805 1129 3074 1225 imperii
3122 1130 3274 1222 ejus
3320 1129 3614 1226 septimo
3658 1128 3960 1221 decimo,

1138 1247 1332 1340 regni
1368 1247 1741 1320 Jerusalem
1777 1248 2171 1345 undecimo,
2216 1252 2411 1346 regni
2460 1274 2626 1325 vero
2660 1253 2888 1325 Sicilie
2919 1252 3268 1348 trigesimo
3295 1252 3615 1349 septimo.

1230 1371 1482 1442 Datum
1512 1371 1940 1467 Hagenovve,
1978 1396 2188 1465 anno,
2226 1397 2461 1449 mense
2490 1384 2560 1447 et
2591 1374 2968 1450 indictione
2999 1376 3416 1473 prescriptis.

1560 1652 3522 1668 ..Q—nmmo——MU

766 1905 1050 2015 εὲὲἒίιῗᾶη,
1235 1900 1293 1983 F
1296 1899 1660 1982 ridericus
1677 1961 1701 2007 ,
1740 1901 2262 1985 Romanorum
2310 1902 2752 2010 imperator,
2791 1900 3246 2011 Raymundo
3280 1902 3540 1984 comiti
3576 1901 3958 1986 Tolosano

789 2010 1028 2058 eamn.
1126 2030 1337 2114 affini
1369 2042 1445 2114 et
1478 2031 1683 2115 fideli
1738 2059 1879 2116 suo
1923 2034 2278 2117 dominos
2310 2033 2537 2116 villae
2571 2032 2914 2136 Insulae,
2973 2032 3292 2115 civitatis
3347 2034 3945 2143 Carpentoratis,

1127 2164 1354 2245 castri
1408 2165 1507 2246 de
1558 2165 1984 2274 Interaquis
2046 2175 2121 2249 et
2177 2165 2507 2249 aliorum
2577 2165 2925 2249 locorum
2994 2173 3358 2274 perpetuo
3428 2166 3508 2247 in
3579 2167 3952 2251 vassallos

1120 2296 1489 2380 concedit.

1283 2510 1506 2584 (min,
1535 2510 1639 2571 sed
1667 2510 1969 2584 mendose,
1996 2512 2061 2570 in
2086 2506 2317 2569 Bullar.
2349 2510 2508 2570 civit.
2536 2508 2847 2588 Avenion„
2873 2526 2937 2587 p.
2968 2518 3111 2582 137;
3141 2541 3219 2554 —
3245 2526 3339 2587 ap.
3374 2511 3657 2583 Boucmz,
3687 2510 3843 2572 Hist.
3875 2511 3948 2572 de

1357 2616 1670 2690 Promea,
1712 2620 1759 2677 t.
1789 2616 1881 2688 11,
1912 2631 1967 2692 p.
2004 2623 2183 2693 1065,
2220 2631 2296 2675 ex
2324 2615 2490 2676 arch.
2525 2616 2727 2675 comit.
2766 2616 3039 2676 Venatss.
3069 2645 3146 2659 —
3174 2614 3492 2689 Kmsm,
3520 2614 3808 2696 Anzeiqer
3825 2614 3948 2696 fiir

1352 2718 1567 2781 Kunde
1605 2717 1708 2779 der
1740 2717 2054 2780 Teutsclzen
2078 2719 2314 2793 vorzeit,
2348 2728 2499 2779 1835
2518 2762 2535 2793 ,
2567 2735 2621 2794 p.
2665 2726 2800 2778 133.
2831 2718 3007 2779 Nunc
3036 2718 3385 2781 exhibemus
3417 2737 3495 2781 ex
3531 2723 3802 2800 originali
3842 2738 3938 2800 ap.

1361 2824 1568 2885 Trdsor
1616 2822 1714 2885 des
1756 2822 2019 2900 charles,
2060 2826 2122 2884 in
2176 2824 2418 2884 archivo
2462 2823 2694 2896 imperii
2740 2822 3094 2896 Parislensi,
3131 2840 3267 2884 arca
3303 2825 3364 2884 J.
3405 2833 3554 2904 309,
3585 2834 3655 2884 n⁰
3701 2835 3804 2905 13,
3835 2827 3940 2887 ubi

1347 2932 1515 2991 adest
1540 2932 1800 3009 sigillum
1827 2933 2119 3008 integrum
2144 2929 2262 2989 filis
2287 2929 2485 2990 sericis
2505 2927 2670 2987 rubri
2695 2927 2905 2988 coloris
2931 2943 3274 3004 appensum.
3301 2930 3484 2991 Extat
3509 2947 3743 3010 quoque
3769 2936 3944 3009 copia

1354 3032 1594 3109 ibidem,
1623 3051 1760 3095 area
1788 3036 1845 3095 J.
1880 3043 2021 3106 277,
2052 3043 2117 3092 n⁰
2151 3037 2236 3106 1.)

1203 3218 1595 3291 Fridericus
1628 3217 2012 3305 secundus,
2056 3217 2297 3290 divina
2335 3218 2611 3289 favente
2646 3216 3019 3289 clemencia
3062 3217 3523 3290 Romanorum
3567 3219 3937 3314 imperator

1106 3363 1379 3438 semper
1413 3349 1788 3434 augustuS,
1846 3342 2221 3415 Jerusalem
2271 3349 2341 3414 et
2369 3339 2596 3412 Sicilie
2631 3361 2788 3413 rex.
2842 3340 2914 3412 Si
2958 3339 3361 3413 dilectorum
3418 3338 3727 3413 fidelium
3773 3365 3939 3417 nos—

1107 3476 1366 3539 trorum
1398 3464 1934 3560 supplicationes
1978 3475 2310 3540 eteorum
2345 3463 2675 3559 precipue
2699 3485 2874 3556 quos
2903 3472 2972 3536 et
2998 3473 3192 3558 grate
3227 3463 3615 3538 devotionis
3645 3467 3937 3540 affectus

1106 3599 1176 3662 et
1210 3590 1505 3662 servicia
1540 3589 1837 3683 gratiora
1874 3590 1948 3661 in
1979 3597 2348 3684 conspectu
2390 3598 2623 3661 nostre
2658 3587 3084 3660 celsitudinis
3136 3589 3649 3681 recomendant,
3680 3588 3934 3662 admit-

1105 3715 1314 3786 timus
1348 3713 1719 3785 liberaliter
1750 3722 1820 3785 et
1852 3715 2244 3805 clementer,
2279 3734 2362 3786 eo
2404 3714 2654 3784 nostris
2689 3720 2758 3784 et
2793 3712 3060 3806 imperii
3098 3712 3506 3785 utilitatibus
3553 3714 3932 3787 consultius

1101 3838 1553 3932 providemus
1582 3859 1723 3932 quo
1751 3838 1942 3932 quod
1974 3838 2097 3909 uni
2131 3836 2222 3910 de
2249 3838 2483 3910 innata
2514 3835 2985 3932 impendimus
3013 3836 3271 3930 gracia,
3309 3836 3404 3909 ad
3435 3838 3667 3932 plures
3707 3847 3932 3911 trans-

1104 3959 1416 4033 funditur
1450 3981 1573 4053 per
1608 3961 2033 4054 exemplum,
2064 3970 2134 4033 et
2167 3960 2269 4032 sic
2301 3961 2555 4032 multos
2594 3959 2687 4032 ad
2725 3970 3023 4031 nostram
3062 3967 3131 4032 et
3172 3959 3442 4055 imperii
3477 3957 3927 4034 devocionem

1101 4107 1225 4179 per
1268 4084 1690 4157 liberalitatis
1736 4083 2073 4157 desteram
2115 4105 2514 4156 evocamus,
2559 4083 2727 4156 Inde
2770 4092 2875 4156 est
2919 4083 3111 4178 quod
3147 4104 3271 4155 nos
3306 4082 3737 4155 attendentes
3781 4083 3929 4154 sin-

1101 4230 1325 4281 ceram
1369 4218 1436 4280 et
1481 4229 1722 4302 puram
1770 4206 2220 4280 devocionem
2270 4227 2483 4300 quam
2547 4204 3004 4301 Raymundus
3063 4204 3344 4276 illustris
3402 4226 3632 4277 comes
3671 4204 3930 4277 Tholo-

1099 4353 1340 4423 sanuS,
1386 4330 1679 4408 dilectus
1723 4329 1948 4402 affinis
1986 4338 2054 4402 et
2091 4328 2311 4402 fidelis
2345 4336 2600 4419 noster,
2637 4350 2802 4421 erga
2837 4328 3325 4400 excellenciam
3355 4336 3657 4398 nostram
3688 4327 3923 4415 habet,

1095 4476 1361 4528 necnon
1413 4462 1605 4548 grata
1655 4453 1821 4526 satis
1872 4463 1941 4526 et
1988 4463 2266 4548 accepta
2299 4450 2591 4525 servicia
2632 4472 2769 4544 que
2812 4450 3012 4523 nobis
3049 4459 3118 4523 et
3149 4450 3439 4546 imperio
3473 4449 3720 4523 devote
3763 4472 3930 4545 pre-

1087 4578 1259 4650 stitit
1290 4578 1623 4651 hactenus
1660 4592 1729 4649 et
1763 4586 2066 4672 prestare
2097 4574 2344 4671 poterit
2386 4574 2459 4645 in
2485 4581 2687 4646 antea
2718 4572 3043 4666 gratiora,
3066 4572 3160 4647 de
3197 4572 3666 4646 munificentie
3694 4582 3929 4645 nostre

1085 4701 1307 4797 gratia
1346 4726 1485 4798 qua
1528 4702 1987 4777 benemeritos
2033 4699 2275 4774 fideles
2331 4706 2600 4773 nostros
2646 4697 2948 4792 benigne
3002 4721 3275 4796 semper
3328 4710 3398 4775 et
3456 4699 3925 4774 favorabiliter
