4842 5802
1804 610 2308 673 DOCUMENTA
2360 611 2679 672 SPURIA.
3531 608 3650 669 957

826 758 1055 822 nostra
1102 750 1374 820 Xaccae
1420 749 1737 819 salutem.
1780 749 1953 819 Cum
1990 768 2129 819 non
2167 746 2536 820 laudabilis
2575 767 2686 819 res
2717 746 2846 818 erit
2896 746 2966 814 111
3011 745 3378 816 serenitate
3421 754 3652 816 nostra

824 872 1308 967 augustissima
1345 880 1463 943 tua
1495 871 1708 943 multa
1741 879 1811 943 et
1846 881 2119 943 tuorum
2151 873 2662 966 quamplurima
2698 879 3169 941 antenatorum
3206 869 3483 940 servitia
3513 890 3649 942 non

824 1011 1349 1085 recognoscere,
1393 988 1552 1062 ideo
1601 989 1836 1062 habita
1879 988 2426 1064 consideratione
2465 990 2556 1062 ad
2602 990 2841 1061 merita
2890 999 3163 1060 tuorum
3201 988 3648 1081 Burgentium

824 1124 1300 1187 antenatorum
1350 1113 1685 1208 acquisita
1722 1135 1848 1208 pro
1899 1123 1999 1186 tot
2040 1112 2335 1185 servitiis
2372 1114 2675 1207 prestitis
2720 1111 3204 1183 Northmannis
3252 1110 3501 1203 nostris
3542 1111 3649 1181 in-

822 1238 1220 1310 victissimis
1264 1237 1811 1310 antecessoribus
1855 1237 2172 1330 regibuS,
2220 1246 2288 1307 et
2325 1236 2680 1331 presertim
2723 1260 2765 1308 a
2808 1236 3109 1307 Ruberto
3155 1244 3224 1306 et
3267 1234 3650 1328 Guglielmo

826 1371 946 1433 tuo
983 1370 1176 1456 patre
1220 1371 1290 1434 et
1322 1382 1483 1453 avo,
1527 1382 1826 1455 quorum
1859 1361 2321 1454 Guglielmus,
2366 1370 2603 1455 utpote
2649 1382 2827 1431 unus
2869 1381 2961 1431 ex
3005 1358 3253 1429 nostris
3289 1358 3483 1449 regni
3525 1358 3649 1429 ba-

825 1486 1147 1573 ronibus,
1190 1486 1262 1558 in
1315 1486 1750 1558 coronatione
1791 1486 2003 1558 nostri
2040 1481 2549 1582 [antecessoris]
2589 1484 2771 1577 regis
2811 1481 3180 1577 Guglielmi
3222 1483 3511 1555 secundi
3545 1484 3650 1553 in-

826 1609 1055 1681 terfuit
1083 1610 1500 1682 Panormum
1545 1630 1729 1681 anno
1778 1610 1967 1678 4466
2016 1617 2085 1680 et
2129 1609 2308 1681 inter
2339 1630 2458 1681 eos
2494 1608 2843 1702 ripartitus
2873 1607 2996 1701 qui
3047 1627 3470 1700 purpureum
3499 1607 3649 1702 pal-

826 1732 995 1803 lium
1030 1755 1245 1828 super
1269 1733 1495 1827 regios
1522 1732 1848 1804 humeros
1880 1732 2379 1826 imposuerunt,
2412 1739 2491 1801 ut
2522 1731 2592 1801 in
2623 1730 2792 1802 rollo
2822 1730 3099 1823 legitur,
3136 1726 3321 1800 etde
3345 1729 3647 1803 Ruberto

823 1856 948 1949 qui
983 1857 1154 1928 mihi
1187 1857 1460 1929 oblatus
1503 1864 1606 1926 est
1644 1855 1968 1949 quamvis
2000 1856 2071 1925 in
2107 1852 2455 1948 decrepita
2497 1862 2675 1926 etate
2711 1874 2980 1924 mecum
3020 1853 3091 1923 in
3125 1852 3303 1924 bello
3331 1853 3646 1925 Hieroso·

826 1978 1157 2071 lymitano
1210 2000 1364 2051 sese
1410 1980 1807 2063 transferre,
1858 1978 2073 2049 veluti
2129 1998 2427 2070 sequens
2480 1977 2773 2070 vestigia
2828 1976 3229 2048 Ferrandini
3270 1986 3341 2049 et
3392 1978 3645 2048 Nicasii

827 2096 993 2170 dicti
1041 2098 1409 2194 Guglielmi
1462 2103 1747 2173 fratrum
1775 2154 1795 2190 ,
1827 2100 1899 2171 111
1939 2100 2336 2194 supradicto
2382 2100 2699 2195 hospitali
2740 2098 3195 2191 crucesignati
3248 2099 3318 2169 in
3374 2121 3646 2172 eorum·

823 2243 963 2315 que
999 2222 1341 2295 consortio
1391 2226 1778 2317 aggregati,
1823 2233 1901 2295 ut
1937 2224 2006 2293 in
2053 2224 2267 2296 literis
2300 2224 2589 2295 rectoris
2632 2232 2702 2295 et
2744 2223 3052 2316 magistri
3103 2223 3411 2313 ejusdem
3461 2222 3647 2298 dicto

827 2346 970 2440 regi
1017 2346 1396 2440 Guglielmo
1440 2348 1711 2442 scriptis
1757 2346 1828 2418 in
1875 2346 2151 2419 laudem
2198 2345 2541 2418 dictorum
2589 2346 2871 2417 fratrum
2905 2345 3180 2441 legitur,
3227 2347 3350 2439 qui
3390 2347 3461 2417 in
3514 2348 3647 2419 hu-

768 2483 772 2491 ·
825 2491 1074 2541 manae
1109 2479 1175 2542 et
1212 2469 1490 2542 divinae
1533 2470 1906 2561 majestatis
1957 2470 2313 2541 servitium
2366 2470 2778 2562 sanguinem
2824 2468 3304 2559 effunderunt3
3364 2468 3454 2541 de
3510 2471 3645 2541 tuis

825 2604 1064 2689 postea
1087 2595 1578 2688 augustissimo
1607 2594 1892 2665 culmini
1916 2604 2147 2666 nostro
2174 2594 2520 2689 praestitis
2535 2592 2960 2688 superfluum
2983 2594 3109 2664 erit
3137 2594 3441 2687 loquere,
3475 2594 3647 2667 dum

825 2718 957 2789 mei
998 2718 1131 2813 ipsi
1160 2718 1343 2790 oculi
1384 2727 1590 2790 testes
1618 2738 1770 2790 esse
1801 2728 2090 2813 possunt
2118 2717 2209 2791 de
2236 2718 2373 2789 tuis
2404 2717 2771 2812 prodigiiS,
2811 2739 2969 2788 cum
3011 2724 3128 2788 tuo
3169 2726 3477 2791 extremo
3522 2741 3644 2792 va·

826 2842 967 2915 lore
1023 2864 1181 2915 cum
1226 2839 1538 2939 periculo
1588 2843 1777 2916 vitae
1823 2852 2124 2916 castrum
2172 2842 2761 2916 Calataieronense
2797 2863 2839 2914 a
2875 2840 3158 2914 rubellis
3192 2839 3292 2938 (a)
3325 2843 3645 2917 invasum

823 2964 1266 3061 expugnasti.
1299 2967 1464 3041 Ideo
1494 2990 1621 3041 nos
1657 2978 2224 3062 recognoscentes
2263 2978 2383 3040 tua
2421 2976 2835 3060 tuorumque
2865 2967 3143 3061 egregia
3171 2968 3475 3060 servitia,
3519 2969 3642 3041 tibi

822 3100 1053 3163 nostro
1085 3090 1335 3164 dilecto
1370 3101 1440 3164 et
1464 3102 1803 3165 extrenuo
1830 3091 2028 3163 militi
2061 3089 2447 3184 Guglielmo
2488 3090 2579 3163 de
2608 3090 3018 3183 Burgiorum
3053 3090 3312 3163 familia
3346 3100 3644 3164 castrum

822 3237 864 3287 a
911 3225 978 3289 te
1023 3224 1501 3311 expugnatum
1554 3214 2146 3288 Calataieronense
2211 3213 2553 3287 donamus
2606 3213 3059 3307 ejusdemque
3115 3224 3334 3287 terrae
3386 3218 3641 3310 guber-

821 3338 1016 3409 nium
1042 3340 1491 3412 concedimus
1528 3348 1646 3410 tua
1685 3340 1826 3410 vita
1859 3338 2153 3409 durante
2191 3338 2327 3409 tuis
2362 3337 2717 3409 laboribus
2745 3336 3086 3427 debitum,
3120 3359 3279 3408 cum
3322 3341 3643 3413 omnibus

822 3461 959 3531 illis
978 3460 1253 3551 juribus
1283 3470 1354 3532 et
1395 3461 1824 3556 pertinentiis
1848 3461 2107 3554 quibus
2137 3460 2444 3554 gaudere
2485 3482 2653 3532 usus
2685 3461 2813 3531 fuit
2846 3470 3078 3533 noster
3112 3462 3304 3533 miles
3339 3462 3429 3535 de
3463 3464 3644 3536 Lan-

824 3581 1096 3670 dolina3
1135 3591 1205 3654 et
1234 3590 1313 3653 ut
1342 3583 1563 3676 magis
1604 3590 1877 3655 nostrae
1910 3580 2347 3675 gratitudinis
2393 3582 2881 3675 largitudinem
2930 3592 3371 3678 nostramque
3416 3587 3645 3658 muni·

823 3704 1171 3779 licentiam
1213 3726 1588 3799 agnoscas,
1642 3705 1768 3777 tibi
1816 3704 2066 3778 dilecto
2107 3715 2338 3778 nostro
2387 3705 2588 3777 militi
2631 3703 3014 3798 Guglielmo
3057 3728 3193 3779 non
3244 3709 3464 3780 solum
3511 3734 3641 3805 gu·

823 3832 1142 3904 bernium
1175 3831 1378 3904 castri
1407 3840 1475 3904 et
1506 3840 1723 3903 terrae
1743 3830 2230 3904 Calataieronis
2261 3839 2378 3903 tua
2415 3831 2558 3902 vita
2586 3829 2880 3902 durante
2902 3832 3370 3925 concedimus,
3400 3856 3641 3907 verum

821 3956 1029 4028 etiam
1072 3965 1142 4028 et
1186 3956 1393 4028 totius
1431 3956 1635 4027 vallis
1680 3955 1832 4026 Neti
1879 3955 1949 4025 in
1990 3963 2221 4027 nostro
2258 3953 2534 4025 Siciliae
2576 3954 2755 4025 ultra
2787 3953 3038 4025 Farum
3093 3976 3307 4047 regno
3361 3957 3637 4053 vicege-

824 4090 1086 4152 rentem
1143 4081 1501 4170 volumnS,
1573 4100 1886 4152 creamus
1937 4087 2008 4151 et
2055 4076 2646 4171 recognoscimus,
2703 4097 2829 4171 per
2876 4076 3067 4171 quod
3130 4087 3396 4151 nostras
3452 4082 3643 4154 vices

826 4204 1118 4277 durante
1163 4212 1394 4276 nostra
1441 4203 1751 4275 absentia
1794 4224 2032 4296 gerere
2080 4203 2313 4275 valeas
2361 4211 2433 4274 et
2491 4200 2770 4275 debeas.
2832 4201 3187 4295 Propterea
3231 4204 3642 4279 officialibus

822 4329 1145 4401 omnibus
1176 4328 1424 4401 nostris
1456 4328 1957 4421 cujuscumque
1982 4325 2239 4420 gradus
2261 4327 2331 4397 in
2369 4334 2603 4398 nostro
2634 4324 2910 4397 Siciliae
2941 4326 3115 4398 ultra
3144 4327 3393 4399 Farum
3424 4349 3639 4422 regno

823 4453 1206 4525 constitutis
1253 4463 1391 4526 tam
1433 4453 1772 4546 supremis
1805 4473 2015 4545 quam
2059 4449 2315 4522 infimis
2365 4449 2700 4540 dicimus,
2742 4449 3194 4544 precipimus,
3241 4450 3642 4523 ordinamus

905 4731 993 4813 (a)
1034 4734 1152 4809 sle,
1183 4734 1571 4797 verisimiliter
1596 4750 1704 4812 pro
1729 4729 2053 4796 rebellibus.
