4842 5802
1234 663 1356 725 898
1751 660 1756 663 ’
2232 664 2658 730 anssmcl
2705 664 3045 727 SECUNDI
3670 668 3831 746 [Anu.
3870 669 4042 732 1236.

1241 808 1311 871 et
1348 799 1523 870 lator
1547 800 1814 892 justitie
1842 823 1980 875 non
2013 802 2319 894 adesset,
2353 800 2666 874 canonici
2701 820 2979 893 quoque
3008 807 3079 871 et
3105 798 3580 875 ministeriales
3606 804 4047 877 Brixinenses

1240 922 1678 995 omissionem
1724 924 1986 1015 jurium
2039 926 2324 999 ecclesie
2375 925 2780 1018 allegarent,
2831 944 2960 996 nos
3007 922 3269 996 dictum
3308 924 3709 1020 episcopum
3756 925 3851 998 ad
3889 949 4045 1020 pre·

1238 1046 1529 1117 sentiam
1559 1056 1862 1120 nostram
1894 1050 2300 1122 vocavimus
2339 1056 2409 1120 et
2440 1046 2929 1142 requisivimus
2967 1044 3162 1140 quod
3203 1068 3363 1119 cnm
3395 1046 3546 1119 dux
3575 1056 3754 1121 esset
3787 1058 3856 1121 et
3878 1051 4044 1140 Jus-

1239 1168 1533 1239 titiarius
1577 1178 1782 1260 terre,
1828 1172 2122 1264 qualiter
2161 1171 2585 1265 contingeret
2623 1170 2737 1241 hic
2779 1168 3121 1261 defectus3
3171 1179 3240 1241 et
3276 1166 3490 1268 [cum]
3525 1171 3672 1264 ipse
3711 1172 4045 1245 malefac-

1234 1301 1461 1363 torum
1495 1292 1888 1365 instantiam
1938 1315 2020 1366 ac
2068 1294 2486 1368 debilitatem
2529 1292 2834 1388 corporis
2873 1313 2956 1363 ac
2987 1311 3113 1365 sue
3160 1290 3629 1388 impotentiam
3674 1294 4044 1366 senectutis

1234 1415 1558 1506 allegaret
1614 1417 2113 1510 presentialiter
2169 1438 2399 1491 coram
2467 1416 2701 1507 nobis,
2748 1410 3035 1511 tam[en]
3082 1416 3484 1488 consulente
3531 1414 3733 1488 nobis
3780 1416 3913 1487 sibi
3967 1427 4043 1488 ut

1235 1537 1573 1613 inveniret
1625 1539 1808 1611 viam
1870 1540 2133 1611 consilii
2201 1561 2326 1635 per
2386 1561 2598 1634 quam
2655 1538 3076 1634 pauperibus
3124 1546 3196 1610 et
3251 1537 3622 1625 divitibus,
3677 1539 3915 1633 parvis
3972 1548 4044 1613 et

1235 1660 1504 1753 magnis
1546 1661 1812 1754 justitia
1850 1672 2244 1736 servaretur
2284 1673 2354 1735 et
2390 1661 2630 1735 fideles
2677 1662 2965 1735 ecclesie
3004 1661 3138 1734 sub
3174 1668 3274 1734 tot
3303 1662 3640 1757 pressuris
3669 1671 3737 1733 et
3782 1684 4042 1756 angus-

1235 1782 1348 1853 tiis
1400 1783 1632 1856 vexati
1677 1783 2015 1878 respirent
2051 1783 2150 1880 (a)
2188 1805 2318 1857 nec
2364 1785 2750 1882 privaretur
2792 1782 3079 1857 ecclesia
3136 1784 3338 1857 bonis
3388 1784 3534 1855 suis
3557 1835 3577 1873 ,
3634 1784 4043 1858 deliberavit

1231 1927 1389 1978 cum
1425 1906 1853 2002 principibus
1892 1908 2015 2001 qui
2062 1916 2408 2005 presentes
2442 1908 2729 1983 aderant
2764 1917 2835 1981 et
2883 1929 3044 1982 cum
3090 1907 3416 1980 fratribus
3447 1908 3595 1980 suis
3638 1909 3938 2002 capitulo
3973 1916 4042 1979 et

1231 2030 1793 2103 ministerialibus
1847 2032 2137 2103 ecclesie
2192 2032 2658 2122 Brixinensis,
2717 2052 2848 2104 nec
2895 2028 3431 2103 commodiorem
3498 2030 3722 2126 potuit
3788 2030 4041 2103 habere

1228 2152 1433 2224 aliam
1487 2151 1618 2247 (b),
1683 2153 1946 2226 eisdem
2012 2154 2312 2249 capitulo
2369 2163 2441 2227 et
2500 2154 3054 2228 ministerialibus
3107 2152 3199 2227 de
3242 2152 3590 2226 communi
3636 2153 3920 2226 consilio
3968 2160 4042 2226 et

1226 2295 1510 2347 assensu
1559 2298 1723 2349 suos
1774 2276 2333 2367 informantibus,
2381 2279 2804 2351 voluntatem
2856 2298 3067 2371 quam
3113 2275 3308 2370 quod
3353 2276 3761 2349 excellentie
3811 2284 4040 2349 nostre

1226 2397 1574 2470 humiliter
1615 2398 1703 2494 (c)
1737 2400 2184 2495 supplicavit,
2224 2401 2539 2495 exposita
2580 2401 2652 2471 in
2695 2410 2925 2473 nostra
2969 2399 3313 2494 presentia
3349 2400 3536 2492 justa
3582 2419 3827 2488 causa,
3869 2419 4039 2491 qua-

1226 2522 1412 2593 tinus
1445 2520 1543 2616 (d)
1584 2518 1727 2620 [de]
1768 2525 2114 2617 regalibus
2148 2524 2434 2596 ecclesie
2466 2522 2752 2614 cedant3
2795 2532 3172 2618 spontanea
3205 2521 3558 2595 voluntate
3604 2522 3672 2592 in
3716 2521 4038 2592 manibus

1223 2645 1473 2717 nostris
1505 2665 1644 2716 una
1680 2667 1838 2718 cum
1876 2648 2331 2720 confratribus
2385 2648 2533 2719 suis
2577 2648 2878 2742 capitulo
2925 2654 2995 2718 et
3027 2644 3118 2718 de
3164 2666 3449 2717 assensu
3491 2654 3561 2718 et
3605 2643 3695 2716 de
3752 2644 4037 2715 consilio

1221 2768 1766 2840 ministerialium
1820 2790 2105 2842 suorum
2157 2771 2536 2866 resignavit
2584 2770 2817 2844 omnia
2872 2772 3031 2862 jura
3085 2769 3342 2860 regalia
3392 2767 3704 2861 ejusdem
3753 2768 4039 2841 ecclesie

1224 2899 1362 2963 tam
1399 2890 1471 2961 in
1507 2893 1745 2964 castris
1781 2916 1993 2987 quam
2026 2894 2098 2966 in
2128 2894 2550 2985 civitatibuS,
2592 2891 2803 2982 villis,
2843 2891 3143 2987 oppidis,
3187 2891 3769 2983 ministerialibus,
3811 2891 4037 2964 homi-

1224 3015 1429 3086 nibus
1465 3023 1534 3089 et
1574 3016 1728 3087 aliis
1773 3019 2156 3090 rationibus
2197 3019 2375 3109 suis;
2418 3019 2489 3090 in
2532 3028 2761 3091 nostra
2789 3025 2859 3091 et
2885 3017 3151 3113 imperii
3184 3015 3521 3103 custodia,
3559 3015 4038 3111 procuratione

1225 3145 1294 3208 et
1343 3137 1702 3211 affectione
1744 3140 2019 3233 singula
2073 3141 2504 3212 committens
2557 3151 2634 3212 ut
2683 3162 2766 3214 ea
2825 3138 3154 3213 custodiri
3200 3139 3291 3212 ad
3347 3138 3862 3212 indemnitatem
3913 3159 4037 3209 ec-

1226 3259 1433 3332 clesie
1477 3260 1808 3335 faciemus
1850 3270 1920 3334 et
1958 3262 2322 3335 efficaciter
2363 3262 2753 3357 procurari,
2791 3271 2860 3335 et
2889 3271 2966 3335 ut
3000 3261 3251 3337 amodo
3286 3260 3711 3353 judiciorum
3762 3270 4038 3332 nostro-

1224 3402 1380 3452 rum
1425 3379 1518 3477 (e)
1567 3392 1950 3456 statuamus
1990 3385 2115 3480 qui
2156 3384 2568 3458 authoritate
2619 3393 2851 3459 nostra
2902 3393 2971 3458 et
3019 3385 3290 3481 imperii
3330 3384 3669 3476 justitiam
3714 3382 4037 3456 omnibus

1223 3501 1546 3577 fidelibus
1588 3507 1874 3580 ecclesie
1924 3509 2130 3581 faciat
2178 3518 2247 3582 et
2296 3518 2679 3583 conservet.
2726 3509 3036 3583 Castrum
3079 3527 3358 3603 quoque
3408 3504 3657 3580 Veldoe
3720 3505 4032 3577 commit·

1225 3628 1433 3700 timus
1465 3628 1714 3701 dilecto
1739 3629 2033 3725 principi
2061 3640 2292 3704 nostro
2330 3631 2494 3704 duci
2522 3630 2878 3704 Karinthie
2921 3631 2993 3701 in
3027 3629 3172 3703 vita
3201 3629 3508 3725 episcopi
3543 3625 3636 3699 ad
3670 3649 3839 3700 usus
3873 3648 4035 3700 suos

1225 3760 1293 3821 et
1323 3752 1611 3823 ecclesie
1643 3754 2222 3827 conservandum.
2255 3755 2658 3829 Nominatus
2685 3775 2852 3828 vero
2885 3754 3248 3849 episcopus
3280 3750 3660 3826 reservavit
3685 3750 3818 3823 sibi
3854 3750 4029 3846 [pro]

1224 3875 1715 3946 sustentatione
1773 3897 1901 3948 sua
1960 3877 2310 3950 redditum
2365 3877 2678 3969 ejusdem
2736 3876 2938 3952 castri
2995 3875 3357 3949 Veldensis
3427 3883 3498 3948 et
3564 3872 3708 3947 duo
3765 3874 4026 3958 officia,

1226 3995 1449 4067 Anras
1491 3996 1748 4069 scilicet
1781 4007 1849 4070 et
1880 3998 2297 4093 Lisaboven,
2343 4022 2485 4093 que
2530 4002 2600 4071 in
2644 4000 2787 4074 vita
2837 4022 2965 4074 sua
2996 3998 3090 4073 ad
3142 4021 3346 4073 usum
3393 4007 3463 4073 et
3497 3995 3859 4072 commoda
3904 4015 4033 4067 sna

1310 4320 1393 4399 (a)
1438 4322 1550 4398 Ap.
1586 4322 1882 4400 Hormayr
1904 4324 2093 4384 nostri
2108 4332 2316 4405 pereat
2347 4323 2495 4404 (ll).

1309 4420 1392 4502 (b)
1433 4422 1660 4483 Ibidem
1687 4421 1891 4483 annad
1917 4421 2065 4502 (ll).

1309 4527 1387 4606 (c)
1429 4527 1653 4588 Ibidem
1678 4525 1965 4604 similiter,
1993 4531 2167 4592 male.

1309 4629 1397 4710 (d)
1439 4631 1664 4693 Ibidem
1682 4650 1877 4712 quam,
1905 4636 2104 4696 minus
2125 4642 2303 4698 recte.

1308 4733 1385 4814 (e)
1427 4736 1768 4818 Legendum
1799 4755 1938 4800 vero
1964 4740 2197 4804 videtur
2219 4737 2470 4822 aliquem
2483 4740 2754 4826 judicum
2776 4749 3124 4807 nostrorum.
