<?xml version="1.0" encoding="UTF-8"?>
<!DOCTYPE html PUBLIC "-//W3C//DTD XHTML 1.0 Transitional//EN"
    "http://www.w3.org/TR/xhtml1/DTD/xhtml1-transitional.dtd">
<html xmlns="http://www.w3.org/1999/xhtml" xml:lang="en" lang="en">
 <head>
  <title>
</title>
<meta http-equiv="Content-Type" content="text/html;charset=utf-8" />
  <meta name='ocr-system' content='tesseract 3.04.00' />
  <meta name='ocr-capabilities' content='ocr_page ocr_carea ocr_par ocr_line ocrx_word'/>
</head>
<body>
  <div class='ocr_page' id='page_1' title='image "./historiadiploma01degoog_0205.png"; bbox 0 0 4842 5802; ppageno 0'>
   <div class='ocr_carea' id='block_1_1' title="bbox 800 609 3615 693">
    <p class='ocr_par' dir='ltr' id='par_1_1' title="bbox 800 609 3615 693">
     <span class='ocr_line' id='line_1_1' title="bbox 800 609 3615 693; baseline 0.003 -25"><span class='ocrx_word' id='word_1_1' title='bbox 800 619 993 680; x_wconf 61' lang='lat' dir='ltr'><strong>imm,</strong></span> <span class='ocrx_word' id='word_1_2' title='bbox 1028 617 1123 693; x_wconf 86' lang='lat'><strong>8·]</strong></span> <span class='ocrx_word' id='word_1_3' title='bbox 1698 609 2088 670; x_wconf 70' lang='lat' dir='ltr'><strong>nisroma</strong></span> <span class='ocrx_word' id='word_1_4' title='bbox 2139 609 2720 675; x_wconf 75' lang='lat' dir='ltr'><strong>DIPLOMATICA.</strong></span> <span class='ocrx_word' id='word_1_5' title='bbox 3495 616 3615 678; x_wconf 84' lang='lat'><strong>697</strong></span> 
     </span>
    </p>
   </div>
   <div class='ocr_carea' id='block_1_2' title="bbox 800 746 3648 4053">
    <p class='ocr_par' dir='ltr' id='par_1_2' title="bbox 800 746 3636 2923">
     <span class='ocr_line' id='line_1_2' title="bbox 800 746 3617 840; baseline -0.001 -14"><span class='ocrx_word' id='word_1_6' title='bbox 800 757 1029 828; x_wconf 90' lang='lat' dir='ltr'><strong>lumus</strong></span> <span class='ocrx_word' id='word_1_7' title='bbox 1065 751 1214 825; x_wconf 85' lang='lat' dir='ltr'><strong>fieri</strong></span> <span class='ocrx_word' id='word_1_8' title='bbox 1250 749 1686 822; x_wconf 75' lang='lat' dir='ltr'><strong>manifestum</strong></span> <span class='ocrx_word' id='word_1_9' title='bbox 1723 746 1914 840; x_wconf 91' lang='lat' dir='ltr'><strong>quod</strong></span> <span class='ocrx_word' id='word_1_10' title='bbox 1964 747 2230 819; x_wconf 91' lang='lat' dir='ltr'><strong>nobiles</strong></span> <span class='ocrx_word' id='word_1_11' title='bbox 2267 747 2403 820; x_wconf 89' lang='lat' dir='ltr'><strong>viri</strong></span> <span class='ocrx_word' id='word_1_12' title='bbox 2449 748 2769 823; x_wconf 87' lang='lat' dir='ltr'><strong>Albertus</strong></span> <span class='ocrx_word' id='word_1_13' title='bbox 2804 761 2875 823; x_wconf 89' lang='lat' dir='ltr'><strong>et</strong></span> <span class='ocrx_word' id='word_1_14' title='bbox 2916 751 3328 824; x_wconf 88' lang='lat' dir='ltr'><strong>Bertboldus</strong></span> <span class='ocrx_word' id='word_1_15' title='bbox 3376 753 3617 824; x_wconf 82' lang='lat' dir='ltr'><strong>fratres</strong></span> 
     </span>
     <span class='ocr_line' id='line_1_3' title="bbox 805 868 3616 971; baseline -0.001 -20"><span class='ocrx_word' id='word_1_16' title='bbox 805 878 893 951; x_wconf 90' lang='lat' dir='ltr'><strong>de</strong></span> <span class='ocrx_word' id='word_1_17' title='bbox 927 877 1175 968; x_wconf 85' lang='lat' dir='ltr'><strong>Alvelt‚</strong></span> <span class='ocrx_word' id='word_1_18' title='bbox 1223 874 1460 947; x_wconf 88' lang='lat' dir='ltr'><strong>fideles</strong></span> <span class='ocrx_word' id='word_1_19' title='bbox 1496 872 1736 962; x_wconf 85' lang='lat' dir='ltr'><strong>nostri,</strong></span> <span class='ocrx_word' id='word_1_20' title='bbox 1772 872 1917 945; x_wconf 92' lang='lat' dir='ltr'><strong>zelo</strong></span> <span class='ocrx_word' id='word_1_21' title='bbox 1954 868 2342 945; x_wconf 87' lang='lat' dir='ltr'><strong>devotionis</strong></span> <span class='ocrx_word' id='word_1_22' title='bbox 2382 875 2686 966; x_wconf 83' lang='lat' dir='ltr'>accensi,</span> <span class='ocrx_word' id='word_1_23' title='bbox 2728 885 3029 949; x_wconf 87' lang='lat' dir='ltr'><strong>montem</strong></span> <span class='ocrx_word' id='word_1_24' title='bbox 3070 876 3194 971; x_wconf 87' lang='lat' dir='ltr'><strong>qui</strong></span> <span class='ocrx_word' id='word_1_25' title='bbox 3236 875 3616 967; x_wconf 80' lang='lat' dir='ltr'>vulgariter</span> 
     </span>
     <span class='ocr_line' id='line_1_4' title="bbox 804 992 3609 1092; baseline -0.002 -17"><span class='ocrx_word' id='word_1_26' title='bbox 804 1001 1059 1075; x_wconf 89' lang='lat' dir='ltr'><strong>dicitur</strong></span> <span class='ocrx_word' id='word_1_27' title='bbox 1076 997 1555 1089; x_wconf 80' lang='lat' dir='ltr'><strong>Belthersberg</strong></span> <span class='ocrx_word' id='word_1_28' title='bbox 1586 1018 1746 1067; x_wconf 92' lang='lat' dir='ltr'><strong>cum</strong></span> <span class='ocrx_word' id='word_1_29' title='bbox 1762 992 1911 1068; x_wconf 91' lang='lat' dir='ltr'><strong>suis</strong></span> <span class='ocrx_word' id='word_1_30' title='bbox 1937 996 2374 1090; x_wconf 81' lang='lat' dir='ltr'><strong>pertinenciis</strong></span> <span class='ocrx_word' id='word_1_31' title='bbox 2410 998 2483 1067; x_wconf 91' lang='lat' dir='ltr'><strong>in</strong></span> <span class='ocrx_word' id='word_1_32' title='bbox 2517 996 2766 1070; x_wconf 90' lang='lat' dir='ltr'><strong>nostris</strong></span> <span class='ocrx_word' id='word_1_33' title='bbox 2792 1000 3110 1072; x_wconf 90' lang='lat' dir='ltr'><strong>manibus</strong></span> <span class='ocrx_word' id='word_1_34' title='bbox 3134 999 3609 1092; x_wconf 83' lang='lat' dir='ltr'><strong>resignarunt,</strong></span> 
     </span>
     <span class='ocr_line' id='line_1_5' title="bbox 805 1118 3617 1216; baseline -0.001 -20"><span class='ocrx_word' id='word_1_35' title='bbox 805 1124 982 1196; x_wconf 88' lang='lat' dir='ltr'><strong>sicut</strong></span> <span class='ocrx_word' id='word_1_36' title='bbox 1010 1144 1092 1195; x_wconf 86' lang='lat' dir='ltr'><strong>ea</strong></span> <span class='ocrx_word' id='word_1_37' title='bbox 1118 1121 1350 1194; x_wconf 93' lang='lat' dir='ltr'><strong>omnia</strong></span> <span class='ocrx_word' id='word_1_38' title='bbox 1376 1120 1448 1190; x_wconf 89' lang='lat' dir='ltr'><strong>in</strong></span> <span class='ocrx_word' id='word_1_39' title='bbox 1474 1141 1712 1191; x_wconf 92' lang='lat' dir='ltr'><strong>eorum</strong></span> <span class='ocrx_word' id='word_1_40' title='bbox 1743 1118 2063 1190; x_wconf 90' lang='lat' dir='ltr'><strong>manibus</strong></span> <span class='ocrx_word' id='word_1_41' title='bbox 2090 1120 2469 1212; x_wconf 83' lang='lat' dir='ltr'><strong>resignarat</strong></span> <span class='ocrx_word' id='word_1_42' title='bbox 2499 1121 2851 1194; x_wconf 90' lang='lat' dir='ltr'><strong>Conradus</strong></span> <span class='ocrx_word' id='word_1_43' title='bbox 2876 1123 3195 1195; x_wconf 92' lang='lat' dir='ltr'><strong>Schuelin</strong></span> <span class='ocrx_word' id='word_1_44' title='bbox 3218 1122 3308 1194; x_wconf 89' lang='lat' dir='ltr'><strong>de</strong></span> <span class='ocrx_word' id='word_1_45' title='bbox 3331 1122 3617 1216; x_wconf 78' lang='lat' dir='ltr'><strong>Byerin·</strong></span> 
     </span>
     <span class='ocr_line' id='line_1_6' title="bbox 806 1241 3619 1342; baseline -0 -25"><span class='ocrx_word' id='word_1_46' title='bbox 806 1269 937 1341; x_wconf 80' lang='lat' dir='ltr'><strong>gen</strong></span> <span class='ocrx_word' id='word_1_47' title='bbox 973 1248 1094 1342; x_wconf 91' lang='lat' dir='ltr'><strong>qui</strong></span> <span class='ocrx_word' id='word_1_48' title='bbox 1128 1247 1312 1317; x_wconf 89' lang='lat' dir='ltr'><strong>bona</strong></span> <span class='ocrx_word' id='word_1_49' title='bbox 1344 1244 1590 1317; x_wconf 90' lang='lat' dir='ltr'><strong>eadem</strong></span> <span class='ocrx_word' id='word_1_50' title='bbox 1624 1243 1696 1312; x_wconf 90' lang='lat' dir='ltr'><strong>in</strong></span> <span class='ocrx_word' id='word_1_51' title='bbox 1734 1241 1944 1314; x_wconf 84' lang='lat' dir='ltr'><strong>feudo</strong></span> <span class='ocrx_word' id='word_1_52' title='bbox 1975 1251 2291 1315; x_wconf 89' lang='lat' dir='ltr'><strong>tenuerat</strong></span> <span class='ocrx_word' id='word_1_53' title='bbox 2315 1245 2405 1315; x_wconf 92' lang='lat' dir='ltr'><strong>ab</strong></span> <span class='ocrx_word' id='word_1_54' title='bbox 2436 1244 2724 1336; x_wconf 89' lang='lat' dir='ltr'><strong>eisdem,</strong></span> <span class='ocrx_word' id='word_1_55' title='bbox 2760 1256 2829 1317; x_wconf 90' lang='lat' dir='ltr'><strong>et</strong></span> <span class='ocrx_word' id='word_1_56' title='bbox 2865 1247 2992 1341; x_wconf 93' lang='lat' dir='ltr'><strong>ipsi</strong></span> <span class='ocrx_word' id='word_1_57' title='bbox 3033 1268 3076 1317; x_wconf 92' lang='lat' dir='ltr'><strong>a</strong></span> <span class='ocrx_word' id='word_1_58' title='bbox 3108 1245 3309 1316; x_wconf 89' lang='lat' dir='ltr'><strong>nobis</strong></span> <span class='ocrx_word' id='word_1_59' title='bbox 3342 1245 3619 1316; x_wconf 89' lang='lat' dir='ltr'><strong>nomine</strong></span> 
     </span>
     <span class='ocr_line' id='line_1_7' title="bbox 809 1364 3620 1462; baseline -0.001 -21"><span class='ocrx_word' id='word_1_60' title='bbox 809 1371 994 1442; x_wconf 82' lang='lat' dir='ltr'><strong>feudi</strong></span> <span class='ocrx_word' id='word_1_61' title='bbox 1025 1371 1383 1458; x_wconf 90' lang='lat' dir='ltr'><strong>tenebant,</strong></span> <span class='ocrx_word' id='word_1_62' title='bbox 1423 1376 1502 1438; x_wconf 92' lang='lat' dir='ltr'><strong>ut</strong></span> <span class='ocrx_word' id='word_1_63' title='bbox 1533 1387 1615 1437; x_wconf 88' lang='lat' dir='ltr'><strong>ea</strong></span> <span class='ocrx_word' id='word_1_64' title='bbox 1651 1365 1934 1438; x_wconf 82' lang='lat' dir='ltr'><strong>ecclesie</strong></span> <span class='ocrx_word' id='word_1_65' title='bbox 1965 1364 2055 1437; x_wconf 90' lang='lat' dir='ltr'><strong>de</strong></span> <span class='ocrx_word' id='word_1_66' title='bbox 2081 1367 2492 1438; x_wconf 89' lang='lat' dir='ltr'><strong>Scbonental</strong></span> <span class='ocrx_word' id='word_1_67' title='bbox 2519 1368 3001 1462; x_wconf 77' lang='lat' dir='ltr'><strong>cysterciensis</strong></span> <span class='ocrx_word' id='word_1_68' title='bbox 3023 1369 3287 1441; x_wconf 89' lang='lat' dir='ltr'><strong>ordinis</strong></span> <span class='ocrx_word' id='word_1_69' title='bbox 3304 1367 3620 1440; x_wconf 86' lang='lat' dir='ltr'><strong>tradere-</strong></span> 
     </span>
     <span class='ocr_line' id='line_1_8' title="bbox 808 1489 3615 1587; baseline -0.002 -19"><span class='ocrx_word' id='word_1_70' title='bbox 808 1520 983 1568; x_wconf 89' lang='lat' dir='ltr'><strong>mus.</strong></span> <span class='ocrx_word' id='word_1_71' title='bbox 1026 1496 1165 1567; x_wconf 90' lang='lat' dir='ltr'><strong>Nos</strong></span> <span class='ocrx_word' id='word_1_72' title='bbox 1188 1494 1400 1586; x_wconf 81' lang='lat' dir='ltr'><strong>igitur</strong></span> <span class='ocrx_word' id='word_1_73' title='bbox 1426 1492 1558 1586; x_wconf 91' lang='lat' dir='ltr'><strong>piis</strong></span> <span class='ocrx_word' id='word_1_74' title='bbox 1595 1489 1954 1562; x_wconf 89' lang='lat' dir='ltr'><strong>desideriis</strong></span> <span class='ocrx_word' id='word_1_75' title='bbox 1987 1490 2384 1562; x_wconf 91' lang='lat' dir='ltr'><strong>eorumdem</strong></span> <span class='ocrx_word' id='word_1_76' title='bbox 2416 1505 2688 1582; x_wconf 83' lang='lat' dir='ltr'><strong>gratum</strong></span> <span class='ocrx_word' id='word_1_77' title='bbox 2728 1493 3193 1587; x_wconf 85' lang='lat' dir='ltr'><strong>impertientes</strong></span> <span class='ocrx_word' id='word_1_78' title='bbox 3230 1514 3615 1580; x_wconf 85' lang='lat' dir='ltr'><strong>assensum,</strong></span> 
     </span>
     <span class='ocr_line' id='line_1_9' title="bbox 810 1613 3623 1708; baseline -0.002 -17"><span class='ocrx_word' id='word_1_79' title='bbox 810 1619 1226 1691; x_wconf 87' lang='lat' dir='ltr'><strong>contulimus</strong></span> <span class='ocrx_word' id='word_1_80' title='bbox 1248 1627 1317 1690; x_wconf 89' lang='lat' dir='ltr'><strong>et</strong></span> <span class='ocrx_word' id='word_1_81' title='bbox 1342 1614 1753 1689; x_wconf 88' lang='lat' dir='ltr'><strong>tradidimus</strong></span> <span class='ocrx_word' id='word_1_82' title='bbox 1778 1613 1929 1708; x_wconf 92' lang='lat' dir='ltr'><strong>ipsa</strong></span> <span class='ocrx_word' id='word_1_83' title='bbox 1960 1613 2140 1686; x_wconf 89' lang='lat' dir='ltr'><strong>bona</strong></span> <span class='ocrx_word' id='word_1_84' title='bbox 2171 1614 2438 1707; x_wconf 88' lang='lat' dir='ltr'><strong>pietatis</strong></span> <span class='ocrx_word' id='word_1_85' title='bbox 2467 1615 2719 1687; x_wconf 87' lang='lat' dir='ltr'><strong>iutuitu</strong></span> <span class='ocrx_word' id='word_1_86' title='bbox 2747 1615 2974 1688; x_wconf 92' lang='lat' dir='ltr'><strong>eidem</strong></span> <span class='ocrx_word' id='word_1_87' title='bbox 3003 1615 3290 1687; x_wconf 83' lang='lat' dir='ltr'><strong>ecclesie</strong></span> <span class='ocrx_word' id='word_1_88' title='bbox 3314 1616 3384 1686; x_wconf 93' lang='lat' dir='ltr'><strong>in</strong></span> <span class='ocrx_word' id='word_1_89' title='bbox 3412 1617 3533 1707; x_wconf 87' lang='lat' dir='ltr'><strong>jus</strong></span> <span class='ocrx_word' id='word_1_90' title='bbox 3554 1624 3623 1688; x_wconf 90' lang='lat' dir='ltr'><strong>et</strong></span> 
     </span>
     <span class='ocr_line' id='line_1_10' title="bbox 812 1736 3616 1836; baseline -0.001 -24"><span class='ocrx_word' id='word_1_91' title='bbox 812 1742 1291 1836; x_wconf 88' lang='lat' dir='ltr'><strong>proprietatem</strong></span> <span class='ocrx_word' id='word_1_92' title='bbox 1312 1792 1333 1831; x_wconf 89' lang='lat'>‚</span> <span class='ocrx_word' id='word_1_93' title='bbox 1369 1748 1446 1809; x_wconf 92' lang='lat' dir='ltr'><strong>ut</strong></span> <span class='ocrx_word' id='word_1_94' title='bbox 1477 1759 1562 1808; x_wconf 86' lang='lat' dir='ltr'><strong>ea</strong></span> <span class='ocrx_word' id='word_1_95' title='bbox 1596 1737 1809 1808; x_wconf 88' lang='lat' dir='ltr'><strong>libere</strong></span> <span class='ocrx_word' id='word_1_96' title='bbox 1832 1743 1900 1807; x_wconf 91' lang='lat' dir='ltr'><strong>et</strong></span> <span class='ocrx_word' id='word_1_97' title='bbox 1941 1736 2252 1807; x_wconf 88' lang='lat' dir='ltr'><strong>absolute</strong></span> <span class='ocrx_word' id='word_1_98' title='bbox 2304 1759 2465 1808; x_wconf 92' lang='lat' dir='ltr'><strong>cum</strong></span> <span class='ocrx_word' id='word_1_99' title='bbox 2520 1738 2709 1809; x_wconf 91' lang='lat' dir='ltr'><strong>omni</strong></span> <span class='ocrx_word' id='word_1_100' title='bbox 2742 1759 3021 1832; x_wconf 89' lang='lat' dir='ltr'><strong>prorsus</strong></span> <span class='ocrx_word' id='word_1_101' title='bbox 3044 1740 3202 1829; x_wconf 90' lang='lat' dir='ltr'><strong>jure</strong></span> <span class='ocrx_word' id='word_1_102' title='bbox 3236 1737 3616 1831; x_wconf 86' lang='lat' dir='ltr'><strong>possideat,</strong></span> 
     </span>
     <span class='ocr_line' id='line_1_11' title="bbox 813 1857 3624 1958; baseline 0 -25"><span class='ocrx_word' id='word_1_103' title='bbox 813 1864 988 1936; x_wconf 89' lang='lat' dir='ltr'><strong>sicut</strong></span> <span class='ocrx_word' id='word_1_104' title='bbox 1015 1863 1363 1958; x_wconf 88' lang='lat' dir='ltr'><strong>predictus</strong></span> <span class='ocrx_word' id='word_1_105' title='bbox 1387 1859 1741 1932; x_wconf 91' lang='lat' dir='ltr'><strong>Conradus</strong></span> <span class='ocrx_word' id='word_1_106' title='bbox 1773 1880 1857 1930; x_wconf 89' lang='lat' dir='ltr'><strong>ea</strong></span> <span class='ocrx_word' id='word_1_107' title='bbox 1888 1857 2268 1929; x_wconf 87' lang='lat' dir='ltr'><strong>dinoscitur</strong></span> <span class='ocrx_word' id='word_1_108' title='bbox 2294 1858 2707 1953; x_wconf 87' lang='lat' dir='ltr'><strong>possedisse.</strong></span> <span class='ocrx_word' id='word_1_109' title='bbox 2738 1862 3179 1933; x_wconf 88' lang='lat' dir='ltr'><strong>Subobteutu</strong></span> <span class='ocrx_word' id='word_1_110' title='bbox 3215 1882 3379 1953; x_wconf 83' lang='lat' dir='ltr'><strong>ergo</strong></span> <span class='ocrx_word' id='word_1_111' title='bbox 3407 1862 3624 1954; x_wconf 78' lang='lat' dir='ltr'><strong>gratie</strong></span> 
     </span>
     <span class='ocr_line' id='line_1_12' title="bbox 813 1983 3622 2075; baseline -0 -18"><span class='ocrx_word' id='word_1_112' title='bbox 813 1997 1040 2059; x_wconf 90' lang='lat' dir='ltr'><strong>nostre</strong></span> <span class='ocrx_word' id='word_1_113' title='bbox 1077 1986 1469 2057; x_wconf 87' lang='lat' dir='ltr'><strong>inhibemus</strong></span> <span class='ocrx_word' id='word_1_114' title='bbox 1501 2006 1591 2056; x_wconf 92' lang='lat' dir='ltr'><strong>ne</strong></span> <span class='ocrx_word' id='word_1_115' title='bbox 1616 1983 1759 2054; x_wconf 89' lang='lat' dir='ltr'><strong>ulla</strong></span> <span class='ocrx_word' id='word_1_116' title='bbox 1792 2001 2082 2075; x_wconf 87' lang='lat' dir='ltr'><strong>persona</strong></span> <span class='ocrx_word' id='word_1_117' title='bbox 2113 1983 2250 2054; x_wconf 89' lang='lat' dir='ltr'><strong>alta</strong></span> <span class='ocrx_word' id='word_1_118' title='bbox 2287 1983 2395 2053; x_wconf 87' lang='lat' dir='ltr'><strong>vel</strong></span> <span class='ocrx_word' id='word_1_119' title='bbox 2433 1983 2752 2072; x_wconf 91' lang='lat' dir='ltr'><strong>humilis,</strong></span> <span class='ocrx_word' id='word_1_120' title='bbox 2792 1985 3250 2057; x_wconf 87' lang='lat' dir='ltr'><strong>ecclesiastica</strong></span> <span class='ocrx_word' id='word_1_121' title='bbox 3276 1986 3383 2056; x_wconf 89' lang='lat' dir='ltr'><strong>vel</strong></span> <span class='ocrx_word' id='word_1_122' title='bbox 3421 2006 3622 2056; x_wconf 90' lang='lat' dir='ltr'><strong>secu-</strong></span> 
     </span>
     <span class='ocr_line' id='line_1_13' title="bbox 816 2103 3625 2204; baseline -0.001 -25"><span class='ocrx_word' id='word_1_123' title='bbox 816 2110 972 2182; x_wconf 90' lang='lat' dir='ltr'><strong>laris</strong></span> <span class='ocrx_word' id='word_1_124' title='bbox 994 2130 1315 2204; x_wconf 90' lang='lat' dir='ltr'><strong>persona,</strong></span> <span class='ocrx_word' id='word_1_125' title='bbox 1354 2106 1733 2201; x_wconf 90' lang='lat' dir='ltr'><strong>predictam</strong></span> <span class='ocrx_word' id='word_1_126' title='bbox 1765 2103 2127 2177; x_wconf 89' lang='lat' dir='ltr'><strong>ecclesiam</strong></span> <span class='ocrx_word' id='word_1_127' title='bbox 2151 2103 2223 2174; x_wconf 92' lang='lat' dir='ltr'><strong>in</strong></span> <span class='ocrx_word' id='word_1_128' title='bbox 2249 2104 2509 2177; x_wconf 90' lang='lat' dir='ltr'><strong>eisdem</strong></span> <span class='ocrx_word' id='word_1_129' title='bbox 2539 2105 2737 2176; x_wconf 92' lang='lat' dir='ltr'><strong>bonis</strong></span> <span class='ocrx_word' id='word_1_130' title='bbox 2771 2106 3010 2198; x_wconf 89' lang='lat' dir='ltr'><strong>aliquo</strong></span> <span class='ocrx_word' id='word_1_131' title='bbox 3037 2106 3241 2178; x_wconf 92' lang='lat' dir='ltr'><strong>modo</strong></span> <span class='ocrx_word' id='word_1_132' title='bbox 3266 2108 3625 2179; x_wconf 89' lang='lat' dir='ltr'><strong>molestare</strong></span> 
     </span>
     <span class='ocr_line' id='line_1_14' title="bbox 817 2225 3627 2325; baseline -0.001 -21"><span class='ocrx_word' id='word_1_133' title='bbox 817 2243 1184 2325; x_wconf 82' lang='lat' dir='ltr'><strong>presumat.</strong></span> <span class='ocrx_word' id='word_1_134' title='bbox 1231 2232 1302 2302; x_wconf 92' lang='lat' dir='ltr'><strong>Si</strong></span> <span class='ocrx_word' id='word_1_135' title='bbox 1337 2230 1496 2324; x_wconf 90' lang='lat' dir='ltr'><strong>quis</strong></span> <span class='ocrx_word' id='word_1_136' title='bbox 1531 2237 1762 2301; x_wconf 87' lang='lat' dir='ltr'><strong>autem</strong></span> <span class='ocrx_word' id='word_1_137' title='bbox 1786 2228 1919 2300; x_wconf 92' lang='lat' dir='ltr'><strong>hoc</strong></span> <span class='ocrx_word' id='word_1_138' title='bbox 1955 2225 2414 2324; x_wconf 88' lang='lat' dir='ltr'><strong>atte[m]ptare</strong></span> <span class='ocrx_word' id='word_1_139' title='bbox 2456 2229 2980 2323; x_wconf 85' lang='lat' dir='ltr'><strong>presumpserit,</strong></span> <span class='ocrx_word' id='word_1_140' title='bbox 3019 2239 3295 2301; x_wconf 90' lang='lat' dir='ltr'><strong>centum</strong></span> <span class='ocrx_word' id='word_1_141' title='bbox 3360 2252 3627 2302; x_wconf 88' lang='lat' dir='ltr'><strong>marcas</strong></span> 
     </span>
     <span class='ocr_line' id='line_1_15' title="bbox 816 2350 3630 2451; baseline -0.001 -24"><span class='ocrx_word' id='word_1_142' title='bbox 816 2358 964 2429; x_wconf 84' lang='lat' dir='ltr'><strong>auri</strong></span> <span class='ocrx_word' id='word_1_143' title='bbox 991 2364 1385 2451; x_wconf 81' lang='lat' dir='ltr'><strong>componet,</strong></span> <span class='ocrx_word' id='word_1_144' title='bbox 1415 2375 1707 2447; x_wconf 88' lang='lat' dir='ltr'><strong>quarum</strong></span> <span class='ocrx_word' id='word_1_145' title='bbox 1732 2352 2065 2424; x_wconf 87' lang='lat' dir='ltr'><strong>medietas</strong></span> <span class='ocrx_word' id='word_1_146' title='bbox 2093 2351 2293 2424; x_wconf 90' lang='lat' dir='ltr'><strong>cedet</strong></span> <span class='ocrx_word' id='word_1_147' title='bbox 2316 2350 2515 2441; x_wconf 88' lang='lat' dir='ltr'><strong>fisc0,</strong></span> <span class='ocrx_word' id='word_1_148' title='bbox 2550 2352 2816 2445; x_wconf 89' lang='lat' dir='ltr'><strong>reliqua</strong></span> <span class='ocrx_word' id='word_1_149' title='bbox 2847 2373 3012 2424; x_wconf 88' lang='lat' dir='ltr'><strong>vero</strong></span> <span class='ocrx_word' id='word_1_150' title='bbox 3048 2353 3380 2425; x_wconf 89' lang='lat' dir='ltr'><strong>medietas</strong></span> <span class='ocrx_word' id='word_1_151' title='bbox 3410 2355 3630 2448; x_wconf 89' lang='lat' dir='ltr'><strong>passis</strong></span> 
     </span>
     <span class='ocr_line' id='line_1_16' title="bbox 820 2474 3629 2574; baseline -0.001 -23"><span class='ocrx_word' id='word_1_152' title='bbox 820 2481 1137 2572; x_wconf 76' lang='lat' dir='ltr'><strong>injuriam</strong></span> <span class='ocrx_word' id='word_1_153' title='bbox 1169 2480 1619 2574; x_wconf 87' lang='lat' dir='ltr'><strong>persolvetur.</strong></span> <span class='ocrx_word' id='word_1_154' title='bbox 1664 2477 1752 2549; x_wconf 91' lang='lat' dir='ltr'><strong>Ut</strong></span> <span class='ocrx_word' id='word_1_155' title='bbox 1781 2475 1989 2569; x_wconf 80' lang='lat' dir='ltr'><strong>igitur</strong></span> <span class='ocrx_word' id='word_1_156' title='bbox 2019 2474 2148 2548; x_wconf 92' lang='lat' dir='ltr'><strong>hec</strong></span> <span class='ocrx_word' id='word_1_157' title='bbox 2174 2475 2456 2547; x_wconf 88' lang='lat' dir='ltr'><strong>donatio</strong></span> <span class='ocrx_word' id='word_1_158' title='bbox 2482 2485 2552 2548; x_wconf 89' lang='lat' dir='ltr'><strong>et</strong></span> <span class='ocrx_word' id='word_1_159' title='bbox 2578 2475 2798 2568; x_wconf 84' lang='lat' dir='ltr'><strong>gratia</strong></span> <span class='ocrx_word' id='word_1_160' title='bbox 2823 2476 2997 2548; x_wconf 84' lang='lat' dir='ltr'><strong>sacta</strong></span> <span class='ocrx_word' id='word_1_161' title='bbox 3034 2498 3153 2569; x_wconf 86' lang='lat' dir='ltr'><strong>per</strong></span> <span class='ocrx_word' id='word_1_162' title='bbox 3186 2497 3314 2548; x_wconf 92' lang='lat' dir='ltr'><strong>nos</strong></span> <span class='ocrx_word' id='word_1_163' title='bbox 3345 2477 3629 2548; x_wconf 87' lang='lat' dir='ltr'><strong>ecclesie</strong></span> 
     </span>
     <span class='ocr_line' id='line_1_17' title="bbox 819 2597 3633 2698; baseline -0.001 -23"><span class='ocrx_word' id='word_1_164' title='bbox 819 2603 1167 2698; x_wconf 89' lang='lat' dir='ltr'><strong>sepedicte</strong></span> <span class='ocrx_word' id='word_1_165' title='bbox 1197 2602 1500 2674; x_wconf 86' lang='lat' dir='ltr'><strong>debitam</strong></span> <span class='ocrx_word' id='word_1_166' title='bbox 1525 2610 1592 2673; x_wconf 87' lang='lat' dir='ltr'><strong>et</strong></span> <span class='ocrx_word' id='word_1_167' title='bbox 1619 2608 2016 2694; x_wconf 89' lang='lat' dir='ltr'><strong>perpetuam</strong></span> <span class='ocrx_word' id='word_1_168' title='bbox 2049 2599 2355 2672; x_wconf 75' lang='lat' dir='ltr'><strong>obtineat</strong></span> <span class='ocrx_word' id='word_1_169' title='bbox 2392 2597 2782 2670; x_wconf 87' lang='lat' dir='ltr'><strong>firmitatem</strong></span> <span class='ocrx_word' id='word_1_170' title='bbox 2823 2606 2893 2670; x_wconf 89' lang='lat' dir='ltr'><strong>et</strong></span> <span class='ocrx_word' id='word_1_171' title='bbox 2932 2598 3225 2670; x_wconf 91' lang='lat' dir='ltr'><strong>dubium</strong></span> <span class='ocrx_word' id='word_1_172' title='bbox 3258 2620 3466 2694; x_wconf 89' lang='lat' dir='ltr'><strong>super</strong></span> <span class='ocrx_word' id='word_1_173' title='bbox 3516 2599 3633 2671; x_wconf 86' lang='lat' dir='ltr'><strong>illa</strong></span> 
     </span>
     <span class='ocr_line' id='line_1_18' title="bbox 820 2722 3636 2821; baseline -0.001 -22"><span class='ocrx_word' id='word_1_174' title='bbox 820 2736 1118 2821; x_wconf 87' lang='lat' dir='ltr'><strong>nequeat</strong></span> <span class='ocrx_word' id='word_1_175' title='bbox 1149 2727 1220 2796; x_wconf 92' lang='lat' dir='ltr'><strong>in</strong></span> <span class='ocrx_word' id='word_1_176' title='bbox 1256 2735 1605 2820; x_wconf 90' lang='lat' dir='ltr'><strong>posterum</strong></span> <span class='ocrx_word' id='word_1_177' title='bbox 1628 2722 1957 2813; x_wconf 88' lang='lat' dir='ltr'><strong>suboriri,</strong></span> <span class='ocrx_word' id='word_1_178' title='bbox 1996 2731 2381 2816; x_wconf 89' lang='lat' dir='ltr'><strong>presentem</strong></span> <span class='ocrx_word' id='word_1_179' title='bbox 2415 2723 2739 2817; x_wconf 80' lang='lat' dir='ltr'><strong>paginam</strong></span> <span class='ocrx_word' id='word_1_180' title='bbox 2758 2722 2922 2794; x_wconf 92' lang='lat' dir='ltr'><strong>iude</strong></span> <span class='ocrx_word' id='word_1_181' title='bbox 2940 2723 3277 2795; x_wconf 88' lang='lat' dir='ltr'><strong>conscribi</strong></span> <span class='ocrx_word' id='word_1_182' title='bbox 3311 2733 3380 2795; x_wconf 94' lang='lat' dir='ltr'><strong>et</strong></span> <span class='ocrx_word' id='word_1_183' title='bbox 3409 2722 3636 2816; x_wconf 82' lang='lat' dir='ltr'><strong>sigillo</strong></span> 
     </span>
     <span class='ocr_line' id='line_1_19' title="bbox 821 2847 1832 2923; baseline -0.005 -1"><span class='ocrx_word' id='word_1_184' title='bbox 821 2861 1047 2923; x_wconf 88' lang='lat' dir='ltr'><strong>nostro</strong></span> <span class='ocrx_word' id='word_1_185' title='bbox 1079 2851 1367 2923; x_wconf 86' lang='lat' dir='ltr'><strong>fecimus</strong></span> <span class='ocrx_word' id='word_1_186' title='bbox 1398 2847 1832 2921; x_wconf 86' lang='lat' dir='ltr'><strong>communiri.</strong></span> 
     </span>
    </p>

    <p class='ocr_par' dir='ltr' id='par_1_3' title="bbox 827 2967 3648 3684">
     <span class='ocr_line' id='line_1_20' title="bbox 917 2967 3644 3066; baseline -0.001 -20"><span class='ocrx_word' id='word_1_187' title='bbox 917 2976 1151 3046; x_wconf 91' lang='lat' dir='ltr'><strong>Testes</strong></span> <span class='ocrx_word' id='word_1_188' title='bbox 1180 2974 1390 3063; x_wconf 90' lang='lat' dir='ltr'><strong>hujus</strong></span> <span class='ocrx_word' id='word_1_189' title='bbox 1422 2971 1520 3044; x_wconf 91' lang='lat' dir='ltr'><strong>rei</strong></span> <span class='ocrx_word' id='word_1_190' title='bbox 1565 2979 1727 3043; x_wconf 90' lang='lat' dir='ltr'><strong>sunt</strong></span> <span class='ocrx_word' id='word_1_191' title='bbox 1765 2996 1782 3039; x_wconf 72' lang='grc' dir='ltr'><strong><em>ε</em></strong></span> <span class='ocrx_word' id='word_1_192' title='bbox 1820 2969 2255 3044; x_wconf 86' lang='lat' dir='ltr'><strong>Hermannus</strong></span> <span class='ocrx_word' id='word_1_193' title='bbox 2283 2967 2794 3063; x_wconf 86' lang='lat' dir='ltr'><strong>Herbipolensis</strong></span> <span class='ocrx_word' id='word_1_194' title='bbox 2830 2972 3232 3066; x_wconf 90' lang='lat' dir='ltr'><strong>episcopus,</strong></span> <span class='ocrx_word' id='word_1_195' title='bbox 3289 2971 3644 3045; x_wconf 86' lang='lat' dir='ltr'><strong>Conradus</strong></span> 
     </span>
     <span class='ocr_line' id='line_1_21' title="bbox 827 3092 3641 3191; baseline -0 -23"><span class='ocrx_word' id='word_1_196' title='bbox 827 3097 1041 3169; x_wconf 88' lang='lat' dir='ltr'><strong>abbas</strong></span> <span class='ocrx_word' id='word_1_197' title='bbox 1070 3097 1300 3170; x_wconf 89' lang='lat' dir='ltr'><strong>Sancti</strong></span> <span class='ocrx_word' id='word_1_198' title='bbox 1332 3095 1541 3184; x_wconf 90' lang='lat' dir='ltr'><strong>Galli,</strong></span> <span class='ocrx_word' id='word_1_199' title='bbox 1576 3093 1900 3187; x_wconf 83' lang='lat' dir='ltr'><strong>magister</strong></span> <span class='ocrx_word' id='word_1_200' title='bbox 1922 3092 2466 3185; x_wconf 82' lang='lat' dir='ltr'><strong>Thegenhardus</strong></span> <span class='ocrx_word' id='word_1_201' title='bbox 2484 3092 2854 3187; x_wconf 88' lang='lat' dir='ltr'><strong>imperialis</strong></span> <span class='ocrx_word' id='word_1_202' title='bbox 2872 3096 3032 3167; x_wconf 88' lang='lat' dir='ltr'><strong>aule</strong></span> <span class='ocrx_word' id='word_1_203' title='bbox 3062 3096 3641 3191; x_wconf 89' lang='lat' dir='ltr'><strong>prothonotarius,</strong></span> 
     </span>
     <span class='ocr_line' id='line_1_22' title="bbox 827 3216 3647 3315; baseline 0 -23"><span class='ocrx_word' id='word_1_204' title='bbox 827 3222 1093 3315; x_wconf 80' lang='lat' dir='ltr'><strong>iringus</strong></span> <span class='ocrx_word' id='word_1_205' title='bbox 1125 3219 1522 3292; x_wconf 89' lang='lat' dir='ltr'><strong>scolasticus</strong></span> <span class='ocrx_word' id='word_1_206' title='bbox 1554 3218 1622 3288; x_wconf 91' lang='lat' dir='ltr'><strong>in</strong></span> <span class='ocrx_word' id='word_1_207' title='bbox 1653 3217 1928 3308; x_wconf 82' lang='lat' dir='ltr'><strong>Houge,</strong></span> <span class='ocrx_word' id='word_1_208' title='bbox 1969 3217 2303 3311; x_wconf 88' lang='lat' dir='ltr'><strong>Ropertus</strong></span> <span class='ocrx_word' id='word_1_209' title='bbox 2335 3238 2564 3289; x_wconf 90' lang='lat' dir='ltr'><strong>comes</strong></span> <span class='ocrx_word' id='word_1_210' title='bbox 2604 3216 2693 3289; x_wconf 92' lang='lat' dir='ltr'><strong>de</strong></span> <span class='ocrx_word' id='word_1_211' title='bbox 2733 3218 3054 3306; x_wconf 89' lang='lat' dir='ltr'><strong>Castello‚</strong></span> <span class='ocrx_word' id='word_1_212' title='bbox 3092 3220 3531 3292; x_wconf 89' lang='lat' dir='ltr'><strong>Eberhardus</strong></span> <span class='ocrx_word' id='word_1_213' title='bbox 3555 3219 3647 3293; x_wconf 89' lang='lat' dir='ltr'><strong>de</strong></span> 
     </span>
     <span class='ocr_line' id='line_1_23' title="bbox 829 3338 3645 3436; baseline 0 -22"><span class='ocrx_word' id='word_1_214' title='bbox 829 3343 1432 3436; x_wconf 82' lang='lat' dir='ltr'><strong>Hertingesberge,</strong></span> <span class='ocrx_word' id='word_1_215' title='bbox 1490 3341 1851 3413; x_wconf 88' lang='lat' dir='ltr'><strong>Heinricus</strong></span> <span class='ocrx_word' id='word_1_216' title='bbox 1900 3338 1990 3412; x_wconf 93' lang='lat' dir='ltr'><strong>de</strong></span> <span class='ocrx_word' id='word_1_217' title='bbox 2020 3340 2477 3434; x_wconf 82' lang='lat' dir='ltr'><strong>Rabensburg</strong></span> <span class='ocrx_word' id='word_1_218' title='bbox 2520 3341 2968 3433; x_wconf 87' lang='lat' dir='ltr'><strong>camerarius,</strong></span> <span class='ocrx_word' id='word_1_219' title='bbox 3007 3342 3336 3415; x_wconf 86' lang='lat' dir='ltr'><strong>Rodolsus</strong></span> <span class='ocrx_word' id='word_1_220' title='bbox 3367 3341 3457 3413; x_wconf 91' lang='lat' dir='ltr'><strong>de</strong></span> <span class='ocrx_word' id='word_1_221' title='bbox 3490 3344 3645 3415; x_wconf 87' lang='lat' dir='ltr'><strong>Vo—</strong></span> 
     </span>
     <span class='ocr_line' id='line_1_24' title="bbox 832 3463 3648 3562; baseline -0.001 -23"><span class='ocrx_word' id='word_1_222' title='bbox 832 3468 1200 3560; x_wconf 81' lang='lat' dir='ltr'><strong>nemberg,</strong></span> <span class='ocrx_word' id='word_1_223' title='bbox 1233 3466 1588 3562; x_wconf 92' lang='lat' dir='ltr'><strong>Lupoldus</strong></span> <span class='ocrx_word' id='word_1_224' title='bbox 1618 3463 2087 3554; x_wconf 89' lang='lat' dir='ltr'><strong>Putticlarius,</strong></span> <span class='ocrx_word' id='word_1_225' title='bbox 2126 3463 2485 3536; x_wconf 87' lang='lat' dir='ltr'><strong>Heinricus</strong></span> <span class='ocrx_word' id='word_1_226' title='bbox 2527 3463 2619 3537; x_wconf 89' lang='lat' dir='ltr'><strong>de</strong></span> <span class='ocrx_word' id='word_1_227' title='bbox 2647 3463 3096 3559; x_wconf 79' lang='lat' dir='ltr'><strong>Gyseliugen,</strong></span> <span class='ocrx_word' id='word_1_228' title='bbox 3148 3474 3216 3537; x_wconf 90' lang='lat' dir='ltr'><strong>et</strong></span> <span class='ocrx_word' id='word_1_229' title='bbox 3246 3464 3362 3536; x_wconf 92' lang='lat' dir='ltr'><strong>alii</strong></span> <span class='ocrx_word' id='word_1_230' title='bbox 3389 3485 3648 3558; x_wconf 90' lang='lat' dir='ltr'><strong>quam-</strong></span> 
     </span>
     <span class='ocr_line' id='line_1_25' title="bbox 831 3592 1080 3684; baseline 0.004 -24"><span class='ocrx_word' id='word_1_231' title='bbox 831 3592 1080 3684; x_wconf 88' lang='lat' dir='ltr'><strong>plures.</strong></span> 
     </span>
    </p>

    <p class='ocr_par' dir='ltr' id='par_1_4' title="bbox 834 3708 3645 3907">
     <span class='ocr_line' id='line_1_26' title="bbox 928 3708 3645 3804; baseline -0.001 -20"><span class='ocrx_word' id='word_1_232' title='bbox 928 3714 1103 3784; x_wconf 87' lang='lat' dir='ltr'><strong>Acta</strong></span> <span class='ocrx_word' id='word_1_233' title='bbox 1138 3719 1301 3783; x_wconf 90' lang='lat' dir='ltr'><strong>sunt</strong></span> <span class='ocrx_word' id='word_1_234' title='bbox 1331 3709 1461 3783; x_wconf 92' lang='lat' dir='ltr'><strong>hec</strong></span> <span class='ocrx_word' id='word_1_235' title='bbox 1492 3709 1566 3781; x_wconf 92' lang='lat' dir='ltr'><strong>iu</strong></span> <span class='ocrx_word' id='word_1_236' title='bbox 1599 3729 1844 3804; x_wconf 88' lang='lat' dir='ltr'><strong>campo</strong></span> <span class='ocrx_word' id='word_1_237' title='bbox 1886 3708 2077 3803; x_wconf 91' lang='lat' dir='ltr'><strong>apud</strong></span> <span class='ocrx_word' id='word_1_238' title='bbox 2109 3708 2584 3802; x_wconf 82' lang='lat' dir='ltr'><strong>Ballemburg,</strong></span> <span class='ocrx_word' id='word_1_239' title='bbox 2637 3731 2819 3783; x_wconf 89' lang='lat' dir='ltr'><strong>anno</strong></span> <span class='ocrx_word' id='word_1_240' title='bbox 2852 3709 3197 3783; x_wconf 89' lang='lat' dir='ltr'><strong>dominice</strong></span> <span class='ocrx_word' id='word_1_241' title='bbox 3236 3709 3645 3782; x_wconf 89' lang='lat' dir='ltr'><strong>incarnatio·</strong></span> 
     </span>
     <span class='ocr_line' id='line_1_27' title="bbox 834 3830 2223 3907; baseline -0.004 -2"><span class='ocrx_word' id='word_1_242' title='bbox 834 3835 943 3907; x_wconf 90' lang='lat' dir='ltr'><strong>nis</strong></span> <span class='ocrx_word' id='word_1_243' title='bbox 979 3834 1344 3907; x_wconf 87' lang='lat' dir='ltr'><strong>millesimo</strong></span> <span class='ocrx_word' id='word_1_244' title='bbox 1377 3832 1853 3906; x_wconf 86' lang='lat' dir='ltr'><strong>ducentesimo</strong></span> <span class='ocrx_word' id='word_1_245' title='bbox 1884 3830 2223 3902; x_wconf 88' lang='lat' dir='ltr'><strong>XXXIIII.</strong></span> 
     </span>
    </p>

    <p class='ocr_par' dir='ltr' id='par_1_5' title="bbox 932 3952 3524 4053">
     <span class='ocr_line' id='line_1_28' title="bbox 932 3952 3524 4053; baseline -0.001 -24"><span class='ocrx_word' id='word_1_246' title='bbox 932 3960 1183 4031; x_wconf 86' lang='lat' dir='ltr'><strong>Datum</strong></span> <span class='ocrx_word' id='word_1_247' title='bbox 1216 3956 1407 4053; x_wconf 88' lang='lat' dir='ltr'><strong>apud</strong></span> <span class='ocrx_word' id='word_1_248' title='bbox 1440 3955 1903 4050; x_wconf 90' lang='lat' dir='ltr'><strong>Herbipolim,</strong></span> <span class='ocrx_word' id='word_1_249' title='bbox 1943 3954 2069 4025; x_wconf 88' lang='lat' dir='ltr'><strong>XV</strong></span> <span class='ocrx_word' id='word_1_250' title='bbox 2096 3952 2429 4025; x_wconf 88' lang='lat' dir='ltr'><strong>kalendas</strong></span> <span class='ocrx_word' id='word_1_251' title='bbox 2464 3954 2884 4044; x_wconf 85' lang='lat' dir='ltr'><strong>decembris,</strong></span> <span class='ocrx_word' id='word_1_252' title='bbox 2925 3954 3299 4028; x_wconf 89' lang='lat' dir='ltr'><strong>indictione</strong></span> <span class='ocrx_word' id='word_1_253' title='bbox 3329 3957 3524 4029; x_wconf 84' lang='lat' dir='ltr'><strong>vl11·.</strong></span> 
     </span>
    </p>
   </div>
   <div class='ocr_carea' id='block_1_3' title="bbox 2389 4267 3205 4281">
    <p class='ocr_par' dir='ltr' id='par_1_6' title="bbox 2389 4267 3205 4281">
     <span class='ocr_line' id='line_1_29' title="bbox 2389 4267 3205 4281; baseline -0.001 -1"><span class='ocrx_word' id='word_1_254' title='bbox 2389 4272 2827 4281; x_wconf 53' lang='lat'><strong>*00——0--0———-2</strong></span> <span class='ocrx_word' id='word_1_255' title='bbox 2834 4271 2881 4278; x_wconf 49' lang='lat' dir='ltr'><strong>n,</strong></span> <span class='ocrx_word' id='word_1_256' title='bbox 2892 4267 3205 4279; x_wconf 47' lang='lat' dir='ltr'><strong>*mu-‹-</strong></span> 
     </span>
    </p>
   </div>
   <div class='ocr_carea' id='block_1_4' title="bbox 941 4552 3661 4668">
    <p class='ocr_par' dir='ltr' id='par_1_7' title="bbox 941 4552 3661 4668">
     <span class='ocr_line' id='line_1_30' title="bbox 941 4552 3661 4668; baseline 0.004 -34"><span class='ocrx_word' id='word_1_257' title='bbox 941 4552 1358 4661; x_wconf 82' lang='lat' dir='ltr'><strong>HenricuS,</strong></span> <span class='ocrx_word' id='word_1_258' title='bbox 1407 4557 1928 4641; x_wconf 90' lang='lat' dir='ltr'><strong>Romanorum</strong></span> <span class='ocrx_word' id='word_1_259' title='bbox 1981 4585 2109 4642; x_wconf 86' lang='lat' dir='ltr'><strong>rex</strong></span> <span class='ocrx_word' id='word_1_260' title='bbox 2131 4621 2152 4664; x_wconf 91' lang='lat'><strong>,</strong></span> <span class='ocrx_word' id='word_1_261' title='bbox 2203 4562 2529 4668; x_wconf 85' lang='lat' dir='ltr'><strong>clerum,</strong></span> <span class='ocrx_word' id='word_1_262' title='bbox 2590 4561 2952 4666; x_wconf 79' lang='lat' dir='ltr'><strong>baroneS,</strong></span> <span class='ocrx_word' id='word_1_263' title='bbox 3007 4560 3531 4644; x_wconf 86' lang='lat' dir='ltr'><strong>ministeriales</strong></span> <span class='ocrx_word' id='word_1_264' title='bbox 3584 4574 3661 4645; x_wconf 89' lang='lat' dir='ltr'><strong>et</strong></span> 
     </span>
    </p>
   </div>
   <div class='ocr_carea' id='block_1_5' title="bbox 850 4682 3661 4887">
    <p class='ocr_par' dir='ltr' id='par_1_8' title="bbox 850 4682 3661 4887">
     <span class='ocr_line' id='line_1_31' title="bbox 850 4682 3661 4800; baseline 0.006 -39"><span class='ocrx_word' id='word_1_265' title='bbox 850 4682 1044 4766; x_wconf 88' lang='lat' dir='ltr'><strong>cives</strong></span> <span class='ocrx_word' id='word_1_266' title='bbox 1106 4686 1684 4795; x_wconf 89' lang='lat' dir='ltr'><strong>Herbipoleuses</strong></span> <span class='ocrx_word' id='word_1_267' title='bbox 1739 4691 1816 4772; x_wconf 89' lang='lat' dir='ltr'><strong>in</strong></span> <span class='ocrx_word' id='word_1_268' title='bbox 1877 4692 2414 4800; x_wconf 88' lang='lat' dir='ltr'><strong>protectionem</strong></span> <span class='ocrx_word' id='word_1_269' title='bbox 2481 4691 2878 4799; x_wconf 89' lang='lat' dir='ltr'><strong>specialem</strong></span> <span class='ocrx_word' id='word_1_270' title='bbox 2934 4694 3299 4800; x_wconf 88' lang='lat' dir='ltr'><strong>recipiens</strong></span> <span class='ocrx_word' id='word_1_271' title='bbox 3321 4756 3343 4799; x_wconf 78' lang='lat'>‚</span> <span class='ocrx_word' id='word_1_272' title='bbox 3402 4707 3477 4776; x_wconf 91' lang='lat' dir='ltr'><strong>et</strong></span> <span class='ocrx_word' id='word_1_273' title='bbox 3527 4695 3661 4777; x_wconf 92' lang='lat' dir='ltr'><strong>de-</strong></span> 
     </span>
     <span class='ocr_line' id='line_1_32' title="bbox 1009 4818 3340 4887; baseline 0.004 -10"><span class='ocrx_word' id='word_1_274' title='bbox 1009 4818 1109 4879; x_wconf 87' lang='lat' dir='ltr'><strong>lv.</strong></span> <span class='ocrx_word' id='word_1_275' title='bbox 1153 4836 1267 4880; x_wconf 66' lang='lat' dir='ltr'><strong>Pan</strong></span> <span class='ocrx_word' id='word_1_276' title='bbox 1292 4841 1334 4882; x_wconf 80' lang='lat'><strong>2.</strong></span> <span class='ocrx_word' id='word_1_277' title='bbox 3264 4837 3340 4887; x_wconf 82' lang='grc'><strong>88</strong></span> 
     </span>
    </p>
   </div>
   <div class='ocr_carea' id='block_1_6' title="bbox 3719 4640 3740 4681">
    <p class='ocr_par' dir='ltr' id='par_1_9' title="bbox 3719 4640 3740 4681">
     <span class='ocr_line' id='line_1_33' title="bbox 3719 4640 3740 4681; baseline 0 0"><span class='ocrx_word' id='word_1_278' title='bbox 3719 4640 3740 4681; x_wconf 84' lang='lat'><em>1</em></span> 
     </span>
    </p>
   </div>
   <div class='ocr_carea' id='block_1_7' title="bbox 3741 4583 4071 4683">
    <p class='ocr_par' dir='ltr' id='par_1_10' title="bbox 3741 4583 4071 4683">
     <span class='ocr_line' id='line_1_34' title="bbox 3767 4583 4017 4638; baseline -0.016 -10"><span class='ocrx_word' id='word_1_279' title='bbox 3767 4583 4017 4638; x_wconf 78' lang='lat' dir='ltr'><strong>Herbipolt,</strong></span> 
     </span>
     <span class='ocr_line' id='line_1_35' title="bbox 3741 4637 4071 4683; baseline -0.018 -1"><span class='ocrx_word' id='word_1_280' title='bbox 3741 4640 3770 4683; x_wconf 79' lang='lat'>0</span> <span class='ocrx_word' id='word_1_281' title='bbox 3808 4637 4071 4681; x_wconf 69' lang='lat' dir='ltr'><strong>novembris.</strong></span> 
     </span>
    </p>
   </div>
  </div>
 </body>
</html>
