4842 5802
1203 637 1324 699 586
2245 630 2592 691 HENRICI
2642 629 2979 691 surum
3654 627 3816 706 [Amr.
3854 628 4026 690 1232.

1202 771 1279 843 C.
1326 770 1477 845 dux
1527 768 1617 841 de
1668 765 1928 857 Tecke,
1970 768 2054 839 R.
2093 766 2438 862 palatinus
2473 784 2707 837 comes
2749 762 2842 836 de
2875 762 3306 857 Tuwingen‚
3362 779 3593 836 comes
3638 762 4027 837 Willelmus

1202 894 1293 968 de
1345 894 1770 989 Tuwingen‚
1814 890 2200 966 Fridericus
2245 891 2335 964 de
2379 888 2955 983 Trubendingen,
2998 887 3321 961 Albertus
3362 887 3453 961 de
3500 885 3762 978 Nifl’en,
3813 886 4029 959 Eber-

1202 1019 1462 1094 hardus
1518 1018 1609 1091 de
1648 1016 1963 1107 Achaim,
2017 1015 2440 1088 Anshelmus
2490 1012 2580 1086 de
2622 1014 2981 1107 lustingen
2999 1065 3020 1105 ,
3084 1012 3428 1105 Pilgrinus
3476 1009 3567 1083 de
3613 1009 4019 1101 Balisbeim,

1199 1145 1281 1216 E.
1324 1143 1595 1239 dapifer
1632 1141 1723 1215 de
1754 1141 2048 1237 Walpen
2098 1137 2227 1235 (a),
2269 1137 2342 1209 C.
2385 1139 2715 1234 pincerna
2753 1137 2843 1210 de
2886 1137 3434 1226 Winterstetten‚
3478 1134 3722 1208 Dietho
3772 1134 3861 1208 de
3893 1135 4026 1206 Ra-

1201 1288 1573 1362 venepam,
1612 1264 1934 1337 Albertus
1967 1263 2379 1354 Rundsmiil,
2417 1261 2932 1337 Hildebrandus
2967 1261 3056 1336 de
3103 1260 3588 1355 Trugenhufen
3608 1312 3629 1351 ‚
3670 1255 4029 1331 Conradus

1202 1391 1291 1466 de
1322 1390 1602 1483 Werda,
1648 1389 2007 1461 Heinricus
2042 1388 2383 1483 Spisarius
2416 1386 2507 1460 de
2551 1385 2946 1480 Giselingen
2973 1439 2992 1475 ‚
3028 1383 3452 1460 Herwardus
3496 1382 3587 1457 de
3621 1383 4019 1472 netz-ovano,

1199 1515 1531 1589 Reinboto
1567 1513 1657 1588 de
1691 1512 2016 1603 Altheim,
2057 1521 2126 1585 et
2162 1512 2280 1585 alii
2305 1512 2777 1606 quamplures.

1296 1642 1542 1713 Actum
1633 1636 1827 1734 apud
1896 1635 2322 1730 Wimpinam
2346 1689 2367 1727 ,
2437 1656 2620 1709 anno
2689 1631 3035 1707 dominice
3096 1630 3593 1705 incarnationis
3662 1630 4024 1703 millesimo

1202 1763 1676 1837 ducentesimo
1723 1760 2073 1856 trigesimo
2125 1758 2469 1851 secundo,
2522 1758 2815 1855 septimo
2869 1755 3203 1830 kalendas
3253 1754 3594 1847 octobris,
3647 1752 4025 1827 indictione

1195 1897 1418 1962 sexta.

1628 2145 1671 2153 ὗ..
1690 2143 1757 2149 ,,-
1767 2137 2639 2149 ----,.”----ου--ωο-σ-

860 2457 1063 2566 Βζξξξζ,
1299 2444 1669 2527 Henricus
1688 2502 1711 2547 ,
1768 2440 2289 2523 Romanorum
2343 2461 2477 2517 rex
2503 2497 2526 2542 ‚
2575 2432 2899 2517 Iohanni
2955 2432 3052 2515 de
3097 2427 3653 2539 Scharpfeneck
3705 2424 4021 2536 ejusque

777 2566 836 2609 ⁸⁰
862 2564 1142 2619 ”mmm
1191 2577 1647 2663 haeredibus
1695 2584 1828 2656 aut
1873 2569 2435 2656 successoribus
2489 2566 3043 2676 praefecturam
3096 2573 3168 2646 et
3215 2562 3741 2670 wildpannum
3785 2558 4016 2639 totius

1195 2710 1581 2795 districtus
1633 2704 2131 2814 Haingereide
2172 2701 2456 2805 vocati,
2498 2700 2697 2782 circa
2751 2707 3088 2780 castrum
3151 2719 3417 2778 eorum
3463 2689 4019 2798 Scharpfeneck

1187 2844 1397 2955 justo
1432 2838 1717 2923 feudali
1754 2836 1975 2920 titulo
2011 2834 2376 2918 concedit.

1360 3056 1548 3137 (Edit.
1580 3056 1642 3115 in
1673 3057 1922 3114 Menum.
1956 3052 2143 3126 Boia,
2172 3057 2318 3111 tom.
2338 3048 2561 3122 xxxl,
2584 3061 2719 3124 pars
2743 3046 2817 3119 1⁸,
2847 3060 2910 3120 p.
2942 3049 3084 3115 555,
3116 3056 3193 3101 ex
3219 3039 3390 3115 copIa
3418 3036 3625 3096 vidim.
3646 3050 3790 3096 ann.
3817 3032 4014 3112 1564.)

1293 3246 1662 3335 He'nricus,
1706 3242 1833 3315 Dei
1870 3241 2087 3336 gratia
2131 3241 2595 3311 Romanorum
2639 3254 2799 3317 rex,
2844 3250 3116 3325 semper
3145 3235 3506 3322 augustus.
3554 3225 3814 3295 Tenere
3848 3242 4017 3314 pre—

1197 3370 1496 3442 sentium
1550 3365 2106 3460 recognoscimus
2163 3360 2438 3457 publice
2493 3356 2888 3452 profitentes
2940 3352 3133 3448 quod
3184 3372 3312 3424 nos
3362 3346 3574 3420 nobili
3627 3345 3780 3418 viro
3830 3342 4016 3416 fideli

1197 3500 1428 3567 nostro
1476 3490 1769 3565 Iohanni
1817 3488 1906 3561 de
1951 3483 2490 3581 Scharpfeneck,
2534 3484 2685 3574 ejus
2734 3478 3106 3553 heredibus
3155 3496 3238 3549 ac
3287 3469 3799 3545 successoribus
3849 3489 4014 3540 auc-

1195 3618 1534 3692 toritatem
1583 3612 1907 3688 dedimus
1956 3607 2258 3683 faciendi
2309 3606 2492 3679 bona
2532 3603 2840 3701 predalia
2884 3603 2957 3673 in
3010 3600 3186 3672 inter
3228 3605 3299 3671 et
3342 3596 3525 3668 circa
3557 3601 3825 3666 montes
3859 3590 4018 3663 vul-

1193 3741 1446 3837 gariter
1478 3736 1825 3813 Rossbach
1859 3744 1927 3809 et
1974 3733 2338 3826 Urlesberg
2374 3730 2621 3822 dictos,
2660 3747 2960 3824 quorum
2992 3723 3200 3799 etiam
3234 3719 3575 3795 montium
3619 3714 4016 3790 venationes

1195 3887 1336 3939 una
1374 3886 1534 3936 cum
1575 3859 2068 3937 adherentibus
2102 3855 2500 3929 nemoribus
2535 3874 2660 3925 seu
2701 3849 2966 3945 campis
3009 3844 3368 3918 hincinde
3409 3843 3482 3915 in
3522 3848 3819 3935 quatuor
3856 3836 4012 3908 mil-

1194 3991 1364 4063 lium
1406 4008 1738 4082 passuum
1774 3983 2098 4058 distantia
2127 3982 2241 4055 tali
2272 3976 2367 4075 (b)
2404 3998 2641 4050 eorum
2667 3982 2889 4047 castro
2920 3967 3421 4065 Scharpfeneck
3445 3971 3836 4056 competere
3860 3958 4015 4031 dis-

1197 4113 1581 4202 cernimus,
1620 4128 1890 4181 necnon
1925 4107 2379 4202 prefecturam
2411 4110 2483 4174 et
2507 4098 2993 4194 wildpannum
3033 4093 3242 4169 totius
3269 4086 3615 4163 districtus
3637 4081 4015 4174 vulgariter

1197 4234 1699 4331 Heingereiden
1730 4240 2086 4319 vocatum,
2131 4227 2232 4300 eis
2272 4227 2460 4317 justo
2510 4220 2768 4295 feudali
2816 4219 3013 4292 titulo
3067 4214 3567 4300 concessimus;
3607 4204 4016 4279 mandantes

1197 4371 1266 4435 et
1300 4360 1587 4433 firmiter
1623 4354 2079 4451 precipientes
2114 4371 2204 4422 ne
2246 4346 2404 4442 quis
2454 4366 2572 4419 eos
2607 4344 2901 4437 alicujus
2942 4339 3198 4435 ingenii
3244 4334 3571 4431 scrupulo
3613 4328 4016 4426 perturbare

1194 4497 1314 4560 aut
1358 4485 1525 4557 huic
1563 4484 1740 4553 facto
1767 4478 2052 4551 obviare
2091 4473 2367 4547 audeat.
2417 4468 2623 4556 Quod
2663 4469 2723 4540 si
2763 4468 2920 4563 quis
2956 4467 3179 4539 facere
3215 4455 3749 4559 presumpserit,
3785 4452 4014 4525 offen—

1274 4660 1362 4741 (a)
1405 4659 1502 4720 Sic
1528 4660 1589 4718 in
1617 4660 1934 4733 impresso3
1966 4652 2070 4713 sed
2097 4652 2409 4729 legendum
2465 4646 2533 4708 de
2571 4644 2841 4728 Walperq
2869 4662 2974 4706 seu
2999 4644 3197 4721 potius
3221 4639 3296 4699 de
3334 4631 3675 4712 Waldpurq.

1271 4765 1355 4850 (b)
1402 4767 1499 4829 Sic
1531 4783 1547 4824 ε
1578 4763 1891 4842 legendum
1920 4760 2117 4821 forsan
2145 4753 2514 4819 distantibus.
