4842 5802
1215 622 1337 686 786
2221 625 2657 691 Fnlnssnlcl
2703 623 3053 689 SECUNDI
3666 624 3827 704 [Anu.
3864 624 4044 691 1235.

1219 757 1531 834 sentibus
1597 765 1668 830 et
1729 757 1983 831 futuris
2047 762 2371 836 volumus
2425 784 2578 838 esse
2636 771 2878 836 notum
2947 758 3143 855 quod
3196 757 3578 832 Ruodolfus
3636 760 4051 833 venerabilis

1219 881 1438 955 abbas
1474 880 1866 973 Faucensis,
1901 882 2193 959 dilectus
2222 885 2450 962 fidelis
2484 898 2739 979 noster,
2775 885 3215 983 privilegium
3246 883 3604 979 quoddam
3634 885 4051 958 monasterio

1222 1027 1352 1080 suo
1383 1004 1736 1078 indultum
1768 1028 1811 1079 a
1847 1006 2048 1082 nobis
2080 1019 2386 1108 tempore
2415 1014 2615 1108 regni
2654 1011 2867 1085 nostri
2903 1019 3134 1084 nostre
3162 1008 3553 1083 celsitudini
3585 1010 4043 1105 presentavit;

1224 1129 1622 1225 supplicans
1651 1139 1730 1202 ut
1759 1129 1936 1206 illud
1965 1132 2327 1228 innovare,
2364 1146 2436 1212 et
2473 1158 2614 1232 que
2654 1134 3185 1210 continebantur
3229 1132 3490 1229 inipso
3519 1131 3925 1206 confirmare
3959 1131 4051 1205 de

1223 1262 1465 1326 nostra
1496 1252 1941 1346 dignaremur
1971 1257 2223 1350 gratia3
2272 1260 2475 1351 cujus
2509 1270 2703 1334 tenor
2741 1270 2846 1333 est
2873 1280 2999 1354 per
3031 1257 3263 1332 omnia
3298 1256 3452 1329 talis
3486 1282 3505 1328 ε

1323 1376 1673 1471 (δεραίων
1711 1378 1792 1449 de
1838 1379 2030 1452 verbo
2066 1382 2160 1453 ad
2195 1383 2462 1455 verbum
2486 1384 2914 1478 plivileqium
2944 1381 3134 1477 apud
3172 1382 3469 1470 Ulmam,
3513 1382 3606 1452 ⁴0
3646 1379 4054 1475 septembris

1226 1522 1410 1574 anuo
1445 1502 1635 1575 ⁴2⁴8
1671 1503 1928 1592 datum,
1965 1507 2142 1598 quod
2161 1530 2366 1599 supra
2394 1508 2846 1597 emhibuimus,
2893 1516 2945 1579 t.
2978 1508 3036 1598 1,
3066 1528 3139 1601 p.
3181 1503 3388 1601 555.)

1326 1626 1467 1698 Nos
1505 1624 1714 1718 igitur
1759 1627 2190 1702 attendentes
2244 1629 2457 1703 fidem
2512 1640 2582 1705 et
2637 1630 3075 1705 devotionem
3111 1631 3329 1725 ipsius
3376 1629 3648 1701 abbatis
3697 1649 3908 1723 quam
3961 1626 4053 1701 ad

1229 1748 1708 1823 celsitudinem
1765 1761 2069 1825 nostram
2122 1753 2374 1846 habet,
2413 1757 2562 1829 suis
2617 1756 3237 1851 supplicationibus
3281 1754 3628 1843 inclinati,
3670 1751 4052 1847 predictum

1231 1872 1679 1967 privilegium
1709 1874 1776 1947 ei
1808 1897 1852 1947 a
1888 1875 2089 1949 nobis
2117 1876 2493 1971 indultum,
2525 1880 2823 1974 presenti
2854 1878 3216 1974 privilegio
3262 1876 3353 1950 de
3386 1876 3601 1951 verbo
3631 1875 3728 1948 ad
3762 1876 4053 1948 verbum

1226 1995 1564 2087 jussimus
1608 1996 1848 2089 inseri,
1891 1998 2124 2073 omnia
2170 2022 2312 2095 que
2356 2002 2796 2075 continentur
2840 2002 2913 2074 in
2959 2023 3042 2074 eo
3095 2010 3324 2075 nostre
3358 1998 3780 2073 auctoritatis
3821 1997 4053 2068 muni-

1232 2118 1423 2191 mine
1479 2117 1984 2195 confirmantes.
2041 2124 2423 2198 Statuimus
2467 2125 2681 2217 igitur
2725 2135 2796 2199 et
2827 2125 3164 2221 imperiali
3208 2123 3555 2197 sancimus
3614 2121 3841 2194 edicto
3881 2141 4057 2214 qua·

1231 2241 1420 2315 tinus
1468 2244 1657 2317 nulla
1711 2266 2039 2340 persona,
2091 2249 2234 2321 alta
2279 2249 2396 2322 vel
2449 2249 2768 2338 humilis,
2816 2248 3279 2323 ecclesiastica
3323 2247 3438 2320 vel
3482 2244 3850 2334 secularis,
3902 2264 4058 2349 pre·

1230 2367 1498 2441 dictum
1534 2371 2060 2456 monasterium,
2096 2372 2418 2447 abbatem
2453 2383 2526 2447 et
2564 2395 3000 2448 successores
3043 2373 3196 2465 ejus
3241 2392 3450 2467 super
3488 2368 3816 2466 predictis
3858 2368 4061 2439 bonis

1234 2500 1472 2564 contra
1506 2492 1842 2587 presentis
1881 2495 2222 2589 privilegii
2263 2497 2479 2568 nostri
2527 2505 2835 2571 tenorem
2877 2519 3055 2569 ausu
3096 2494 3454 2570 temerario
3495 2493 3859 2567 molestare
3905 2510 4061 2586 pre-

1231 2624 1489 2689 sumat.
1555 2615 1758 2700 Quod
1820 2618 1942 2711 qui
2010 2620 2502 2714 presumpserit
2561 2632 2788 2716 preter
2847 2620 3395 2712 indignationem
3463 2618 3678 2691 nostri
3743 2616 4061 2690 culminis

1236 2760 1446 2832 quam
1485 2739 1810 2831 incurret,
1845 2749 2120 2812 centum
2154 2743 2364 2815 libras
2399 2744 2551 2816 auri
2575 2746 2734 2841 puri
2767 2752 3165 2840 componat,
3199 2741 3568 2815 medietate
3600 2740 3766 2813 fisco
3799 2751 4058 2832 nostr0,

1235 2860 1505 2955 reliqua
1561 2860 1747 2935 dicto
1793 2866 2208 2939 monasterio
2262 2866 2746 2962 persolvenda.
2799 2868 2886 2940 Ut
2929 2875 3160 2940 autem
3199 2865 3330 2938 hec
3371 2873 3602 2938 nostra
3639 2863 4066 2938 confirmatio

1239 2984 1455 3055 robur
1480 2993 1810 3077 perpetue
1845 2985 2179 3060 firmitatis
2214 2990 2544 3081 obtineat,
2581 3011 2862 3083 presens
2892 2987 3332 3082 privilegium
3376 2983 3528 3057 fieri
3578 2983 4066 3058 mandavimus

1240 3114 1311 3178 et
1345 3106 1579 3199 sigillo
1611 3109 1988 3202 maJ’estatis
2022 3120 2251 3184 nostre
2277 3113 2615 3206 jussimus
2650 3109 3083 3184 communiri.

1338 3228 1564 3322 Hujus
1592 3230 1692 3303 rei
1723 3239 1927 3304 testes
1958 3242 2121 3305 sunt
2177 3232 2408 3307 dilecti
2456 3234 2800 3329 principes
2833 3230 3248 3306 venerabilis
3284 3228 3729 3303 Eberhardus
3752 3230 4071 3302 Salzbur-

1243 3351 1479 3445 gensis
1529 3352 2123 3451 archiepiscopus,
2170 3358 2243 3430 S.
2295 3356 2808 3452 Ratisponensis
2856 3357 3225 3452 episcopus
3278 3353 3654 3449 imperialis
3708 3352 3869 3424 aule
3903 3375 4070 3425 can-

1245 3475 1599 3567 cellarius,
1644 3476 1909 3550 Sibotto
1949 3477 2406 3573 Augustensis
2442 3481 2806 3576 episcopus
2852 3478 2993 3576 (l),
3031 3479 3234 3549 frater
3271 3478 3709 3549 Hermannus
3749 3477 4073 3568 magister

1247 3598 1507 3675 domus
1555 3601 1801 3673 Sancte
1836 3601 2055 3674 Marie
2092 3602 2707 3695 Theutonicorum,
2755 3656 2772 3675 .
2807 3656 2827 3674 .
2863 3657 2881 3674 .
2921 3602 3142 3676 abbas
3177 3599 3409 3673 Sancti
3449 3598 3925 3690 Emmeranni,
3981 3600 4063 3671 Ο.

1250 3721 1405 3795 dux
1436 3724 1778 3814 Bawarie‚
1818 3725 1903 3796 Η.
1943 3726 2342 3821 langravius
2370 3728 2729 3821 Turingie,
2769 3747 2999 3801 comes
3033 3725 3379 3822 palatinus
3410 3723 3736 3813 Saxonis,
3771 3724 3858 3794 H.
3894 3744 4074 3795 mar·

1254 3847 1412 3919 chio
1446 3846 1536 3920 de
1571 3848 1833 3941 Baden,
1874 3848 1948 3921 C.
1989 3849 2401 3924 burcravius
2433 3849 2523 3923 de
2544 3851 3032 3943 Nuoremberc,
3073 3861 3141 3923 et
3176 3848 3294 3923 alii
3328 3849 3798 3943 quamplures.

1353 3970 1642 4065 Signum
1686 3970 1945 4045 domini
1986 3973 2313 4047 Friderici
2349 3974 2664 4066 secundi,
2700 3973 2826 4046 Dei
2872 3976 3093 4068 gratia
3131 3969 3563 4046 invictissimi
3614 3971 4077 4041 Romanorum

1260 4096 1692 4193 imperatoris
1718 4118 1990 4192 semper
2019 4098 2325 4193 augusti,
2363 4099 2735 4172 Jerusalem
2772 4107 2843 4173 et
2871 4098 3100 4171 Sicilie
3129 4096 3340 4190 regis.
3373 4094 3954 4188 (Monoqramma.)

1359 4219 1535 4293 Acta
1563 4228 1729 4293 sunt
1758 4219 1887 4294 hec
1922 4242 2106 4294 anno
2148 4220 2496 4296 dominice
2531 4221 3022 4296 incarnationis
3051 4220 3416 4323 millesimo
3445 4215 3917 4293 ducentesimo
3947 4215 4084 4286 tri-

1340 4553 1411 4624 (l)
1447 4553 1592 4611 Hinc
1623 4555 1982 4629 comperimus
2018 4554 2411 4627 Augustensem
2444 4555 2784 4630 episcopum,
2810 4570 2976 4628 quem
3014 4570 3046 4610 a
3074 4569 3214 4627 papa
3238 4552 3466 4610 Romam
3507 4553 3794 4608 evocatum
3828 4552 4083 4619 tanquam

1270 4651 1579 4709 rebellionis
1621 4652 1834 4710 Heni-ici
1876 4652 2018 4726 regis
2054 4653 2318 4711 fautorem
2358 4653 2591 4711 vidimus
2632 4653 2732 4727 (cf.
2760 4668 2816 4726 p.
2847 4654 2952 4710 532
2988 4655 3046 4708 et
3077 4650 3234 4725 ΤΠ),
3271 4665 3416 4708 nunc
3460 4649 3517 4706 in
3551 4645 3702 4705 curia
3747 4642 4087 4718 imperatoris

1274 4753 1579 4817 morantem
1602 4748 1957 4809 verisiniliter
1983 4750 2043 4808 in
2071 4751 2297 4824 gratiam
2321 4751 2441 4825 eJus
2465 4750 2632 4809 fuisse
2656 4764 2869 4824 quoque
2895 4753 3192 4823 receptam.
