4842 5802
1827 599 2082 659 INDEX
2131 597 2824 662 DOCUMENTORUM.
3614 599 3737 660 979

934 803 1151 878 1236

1753 924 2168 984 satisfactionis
2185 932 2610 1001 praesentasset
2625 970 2641 997 ,
2667 928 2862 1001 ipsum
2876 929 3332 985 instrumentum
3350 924 3636 984 Airammi
3661 934 3731 984 12

1757 1023 1953 1081 martii
1971 1021 2177 1081 datum
2205 1022 2279 1082 de
2304 1023 2485 1083 verbo
2512 1024 2589 1083 ad
2614 1023 2862 1082 verbum
2893 1023 3100 1082 inserit
3123 1027 3183 1080 et
3202 1019 3534 1079 confirmat.
3620 1029 3734 1080 837

953 1124 1128 1182 maio.
1247 1115 1426 1192 Apud
1451 1118 1625 1177 Wet-
1684 1147 1756 1159 —
1796 1117 2036 1178 Civibus
2062 1118 2136 1177 de
2174 1118 2539 1195 oppenheim
2566 1118 2865 1178 nundinas
2890 1133 3115 1178 annuas
3139 1115 3215 1176 ab
3242 1122 3453 1176 octava
3476 1115 3740 1176 Paschae

1255 1197 1595 1272 Phsslffl'lflm·
1756 1211 1961 1272 diebus
1995 1215 2437 1290 quatuordecim
2465 1213 2801 1274 solemniter
2825 1214 3182 1274 exercendas
3225 1212 3522 1283 concedit,
3552 1218 3611 1272 et
3635 1228 3736 1271 ac-

1753 1309 2028 1369 cedentes
2068 1309 2142 1369 ad
2168 1310 2401 1369 easdem
2431 1310 2543 1370 sub
2584 1313 2940 1386 protectione
2962 1325 3068 1369 sua
3091 1310 3324 1385 recipit.
3620 1317 3736 1369 840

950 1415 1123 1472 maio.
1225 1407 1644 1471 Confluentiae.
1677 1437 1762 1452 --
1798 1407 2177 1483 Privilegium
2218 1423 2255 1465 a
2296 1421 2360 1465 se
2400 1408 2528 1481 ipso
2554 1412 2814 1481 tempore
2837 1407 3004 1482 regni
3030 1406 3122 1464 sui
3149 1404 3376 1464 civibus
3418 1402 3738 1464 Colonien-

1757 1501 1922 1561 sibus
1963 1501 2260 1560 indultum
2306 1502 2556 1558 innovat
2593 1505 2654 1557 et
2691 1498 3035 1571 confirmat,
3076 1498 3457 1574 conceditque
3510 1504 3581 1558 ut
3630 1515 3739 1559 nec

1756 1593 1979 1654 scabini
2006 1611 2116 1655 nec
2154 1597 2315 1654 cives
2351 1595 2431 1655 ob
2477 1593 2674 1654 debita
2719 1609 2825 1652 seu
2867 1594 3279 1668 promissiones
3314 1597 3737 1672 cujuscumque

1756 1691 2176 1767 archiepiscopi
2203 1691 2562 1751 Coloniensis
2588 1696 2692 1749 aut
2731 1690 2970 1749 alterius
2998 1706 3310 1765 personae,
3332 1690 3698 1752 damnificari
3715 1737 3735 1766 ,

1755 1789 1999 1847 detineri
2024 1795 2129 1848 aut
2154 1791 2371 1864 injuste
2395 1789 2625 1865 gravari
2652 1786 2919 1846 debeant.
3619 1798 3733 1849 843

951 1897 1129 1955 maio.
1247 1892 1422 1968 Apud
1451 1892 1606 1953 Con-
1675 1916 1755 1929 —
1795 1884 1892 1944 Ad
1919 1886 2256 1961 petitionem
2285 1887 2505 1944 civium
2540 1884 3021 1956 Tremonensium
3040 1927 3057 1954 ‚
3087 1884 3456 1961 privilegium
3481 1901 3521 1944 a
3544 1888 3737 1962 seipso

1263 1972 1590 2034 fluentiam·
1754 1979 1911 2043 anno
1943 1991 2094 2043 1220
2121 1983 2339 2043 eisdem
2366 1983 2669 2043 indultum
2696 1988 2757 2041 et
2783 1987 2984 2056 postea
3008 1981 3277 2041 incendio
3298 1991 3737 2059 consumptum,

1753 2082 2130 2157 inquisitione
2158 2083 2319 2156 prius
2358 2080 2434 2139 de
2474 2079 2591 2139 fide
2631 2079 2966 2153 transcripti
3003 2078 3185 2150 sacta,
3217 2085 3460 2138 renovat
3488 2086 3549 2139 et
3574 2083 3736 2140 inse-

1755 2178 1938 2237 rendo
1979 2177 2306 2237 confirmat.
3618 2177 3734 2238 845

952 2282 1132 2356 [maio
1229 2317 1642 2340 .......
1673 2306 1753 2319 -
1793 2274 2092 2334 Fidelibus
2136 2275 2260 2334 suis
2299 2272 2657 2350 encyclicam
2693 2274 2879 2331 mittit
2903 2288 3024 2349 qua
3049 2277 3209 2332 statu
3236 2270 3476 2347 pacifico
3504 2273 3740 2349 imperii

902 2362 1179 2439 ineunte]
1754 2377 1814 2431 et
1846 2370 2159 2430 rebellione
2201 2370 2667 2429 Lombardorum
2694 2369 2883 2428 fusius
2917 2370 3197 2444 expositis
3219 2411 3237 2440 ,
3267 2369 3511 2429 mandat
3548 2377 3618 2430 ut
3660 2372 3740 2433 ad

1753 2469 1975 2527 curiam
2011 2482 2192 2543 quam
2216 2466 2377 2542 apud
2407 2465 2766 2525 Placentiam
2793 2465 2968 2525 duxit
2991 2465 3366 2525 indicendam
3392 2482 3454 2526 se
3480 2484 3738 2545 praepa-

1755 2572 1889 2625 rent
1907 2609 1926 2641 ‚
1954 2564 2057 2624 ubi
2085 2564 2513 2625 ambassatores
2551 2564 2729 2622 etiam
2765 2562 3066 2622 rebellium
3094 2563 3403 2623 civitatum
3428 2567 3739 2625 convocari

1751 2653 2023 2722 debeant.
3618 2670 3732 2722 84⁷

923 2763 1151 2840 [maim]
1223 2801 1639 2819 .......
1674 2792 1753 2805 -
1791 2761 1941 2839 Regi
1974 2759 2285 2820 Bohemiae
2311 2764 2372 2818 et
2395 2757 2529 2820 aliis
2568 2755 2927 2833 principibus
2971 2756 3096 2815 suis
3136 2758 3330 2816 varios
3374 2763 3434 2817 et
3475 2774 3740 2820 enormes

1752 2872 2026 2918 excessus
2052 2872 2089 2916 a
2114 2855 2265 2917 duce
2291 2854 2565 2915 Austriae
2590 2861 2714 2914 tam
2739 2854 2896 2914 circa
2921 2853 3230 2929 imperium
3257 2869 3439 2929 quam
3464 2855 3527 2915 in
3553 2857 3739 2933 ipsius

1750 2960 1908 3013 terra
1939 2958 2300 3028 perpetratos
2327 2951 2515 3010 fusius
2538 2956 2796 3022 enarrat,
2827 2955 3145 3026 monetque
3170 2955 3240 3009 ut
3264 2952 3327 3008 in
3352 2954 3481 3027 ejus
3506 2969 3737 3014 correc-

1749 3052 1972 3111 tionem
1997 3054 2057 3109 et
2083 3049 2496 3108 exterminium
2521 3049 2852 3123 insurgant.
3620 3058 3734 3110 852

945 3155 1120 3212 maio.
1228 3147 1616 3226 Boppardiae.
1671 3180 1751 3194 —
1790 3148 2129 3207 Hermanno
2157 3146 2439 3222 magistro
2464 3143 2674 3203 domus
2697 3143 3195 3204 Theutonicorum
3230 3143 3476 3204 Sanctae
3516 3146 3736 3205 Mariae

1750 3250 1810 3304 et
1835 3243 2115 3303 fratribus
2142 3245 2272 3318 ejus
2299 3239 2611 3300 confirmat
2634 3240 3004 3300 collationem
3031 3240 3337 3317 cujusdam
3363 3240 3575 3300 domus
3599 3257 3735 3302 cum

1750 3345 1916 3399 curte
1941 3338 2100 3416 apud
2127 3338 2478 3413 Bopardiam
2529 3352 2565 3395 a
2611 3336 2896 3413 Lutgardi
2922 3337 2997 3396 de
3021 3337 3580 3397 Waltmanshausen
3607 3340 3735 3400 eis—

1752 3435 1888 3493 dem
1915 3434 2151 3494 sactam.
3612 3444 3730 3494 858

909 3541 973 3591 18
1015 3535 1170 3593 maii.
1229 3530 1616 3593 Wiesbaden.
1675 3562 1749 3577 —
1792 3530 2012 3591 Scribit
2048 3531 2084 3589 J
2086 3530 2307 3588 ohanni
2349 3528 2658 3589 Leodiensi
2703 3530 2973 3603 episcopo
3013 3544 3078 3588 se
3121 3528 3198 3587 ad
3244 3529 3734 3605 supplicationem

1752 3627 1959 3686 decani
1988 3631 2049 3685 et
2081 3625 2321 3700 capituli
2364 3624 2566 3683 Sancti
2589 3623 2837 3683 Servatii
2864 3623 2940 3683 de
2980 3623 3275 3700 Treiecto,
3304 3625 3490 3699 ipsius
3530 3628 3732 3700 provi-

1751 3722 1903 3782 sioni
1930 3727 1989 3781 et
2014 3719 2336 3780 defensioni
2364 3720 2630 3779 eamdem
2654 3719 2941 3793 capellam
2966 3720 3030 3777 in
3069 3719 3471 3794 spiritualibus
3497 3727 3556 3781 et
3582 3728 3733 3781 tem-

1752 3812 2049 3895 poralibus
2076 3815 2440 3876 committere
2483 3822 2552 3874 ut
2587 3815 2742 3875 hanc
2778 3814 2853 3875 ab
2878 3814 3314 3875 incursionIbus
3336 3817 3731 3894 malignorum

946 4010 1117 4068 maio.
1228 4014 1609 4077 Wiesbaden.
1669 3923 2084 4073 —niltegblaltem
2111 4018 2170 4071 et
2195 4017 2553 4069 conventum
2581 4010 2655 4069 de
2680 4005 3066 4068 Heisterbacb
3093 4006 3490 4069 cisterciensis
3508 3924 3731 4072 οτᾱξῃὸὶί

1747 4110 1860 4172 sub
1887 4126 1993 4171 sua
2020 4115 2081 4169 et
2106 4110 2333 4184 imperii
2361 4107 2596 4182 speciali
2622 4104 2979 4183 protectione
3005 4106 3231 4181 recipit.
3612 4118 3727 4170 860

944 4205 1122 4264 maio.
1326 4207 1503 4282 Apud
1670 4238 1748 4254 --
1784 4208 2129 4284 Magistram
2163 4211 2224 4264 et
2245 4202 2603 4263 conventum
2642 4201 2980 4260 monasterii
3019 4200 3338 4260 Fussenich
3365 4204 3564 4278 (juxta
3588 4205 3729 4265 Zul-

1207 4285 1635 4348 Ffflnkensord·
1749 4303 1914 4380 pich)
1942 4318 2081 4362 cum
2114 4300 2388 4360 omnibus
2424 4314 2626 4359 earum
2652 4297 2825 4357 bonis
2851 4296 2962 4357 snb
2997 4312 3106 4357 sua
3144 4302 3205 4355 et
3246 4299 3476 4374 imperii
3500 4306 3729 4375 protec-

1745 4400 1904 4459 tione
1937 4399 2167 4473 recipit.
3608 4403 3717 4456 861

941 4495 1114 4553 maio.
1335 4492 1513 4569 Apud
1666 4526 1746 4539 —
1784 4494 1901 4553 Pro
1929 4494 2110 4570 gratis
2135 4498 2195 4552 et
2220 4491 2449 4552 devotis
2473 4490 2693 4549 civium
2724 4489 3259 4550 wormaciensium
3289 4490 3573 4565 servitiis,
3603 4497 3730 4568 pri-

1224 4572 1610 4650 Hel'blpsfflm·
1747 4591 2029 4669 vilegium
2061 4588 2280 4650 eisdem
2323 4604 2361 4648 a
2404 4602 2467 4646 se
2503 4593 2766 4664 tempore
2808 4587 2974 4663 regni
3002 4587 3094 4645 sui
3120 4585 3417 4645 indultum
3442 4589 3648 4649 inserit
3671 4599 3731 4651 et

1748 4686 2087 4746 renovando
2117 4685 2447 4746 confirmat.
3609 4694 3724 4747 862
