4842 5802
1159 582 1280 645 918
2161 583 2593 645 FRlDERlCl
2643 583 2988 644 SECUNDI
3608 583 3768 663 [Aure.
3805 584 3976 649 1236.

1159 718 1439 814 epistola
1481 726 1599 791 tua
1634 717 2034 812 responsiva
2067 719 2430 812 conjicitur
2460 739 2600 812 que
2633 718 2705 790 in
2737 719 2966 814 seipsa
2999 717 3419 812 quibusdam
3460 719 3983 814 particularibus

1163 841 1532 915 verbaliter
1580 840 2064 936 respondendo
2108 842 2299 936 quod
2354 843 2428 914 in
2476 841 2826 936 premissis
2875 842 3124 914 falsum
3171 842 3474 937 implicet
3515 844 3976 939 improbatur;

1163 967 1273 1058 cuj
1283 988 1361 1038 us
1390 965 1711 1061 pollicitis
1744 965 1832 1039 de
1866 968 2328 1041 satisfactione
2357 967 2733 1063 prestanda
2767 966 3189 1062 quibusdam
3221 968 3524 1040 ecclesiis
3549 976 3619 1042 et
3644 970 3977 1064 personis,

1164 1091 1343 1162 sicut
1372 1091 1474 1162 sic
1499 1111 1634 1162 non
1675 1090 1748 1161 in
1784 1092 2270 1186 principi0‚sic
2301 1092 2372 1162 in
2410 1090 2549 1165 fine
2580 1114 2717 1164 non
2753 1091 3128 1183 credimus,
3148 1093 3269 1186 qui
3303 1092 3510 1165 simili
3538 1094 3986 1188 promissione

1167 1213 1441 1286 delusos
1472 1213 1818 1285 multoties
1851 1235 1974 1285 nos
2010 1212 2348 1287 dolemus.
2387 1214 2680 1307 Indigne
2704 1236 2872 1307 ergo
2902 1235 3110 1308 super
3133 1215 3692 1310 oppressionibus
3720 1215 3986 1310 predio-

1166 1348 1387 1410 tarum
1439 1337 1878 1409 ecclesiarum
1920 1348 1990 1410 et
2036 1339 2394 1411 hominum
2442 1338 2636 1432 regni
2681 1338 2753 1410 in
2800 1358 2940 1431 quo
2980 1339 3214 1411 nullus
3259 1359 3539 1410 manum
3585 1338 3699 1411 vel
3738 1338 3984 1434 pedem

1166 1461 1430 1554 absque
1480 1469 1599 1532 tuo
1649 1470 1881 1533 movet
1935 1461 2254 1557 imperio,
2311 1460 2788 1534 affirmativam
2845 1470 3075 1533 nostre
3131 1460 3616 1556 propositionis
3663 1460 3986 1554 negativa

1169 1584 1552 1678 ignorantie
1577 1583 1949 1678 imperialis
1971 1583 2327 1676 interimis,
2352 1585 2608 1679 quibus
2643 1605 3052 1656 consensum
3075 1585 3186 1657 vel
3219 1586 3555 1678 originem
3581 1585 3982 1679 prestitisse,

1171 1729 1330 1780 cum
1366 1707 1627 1778 nuntiis
1661 1717 1732 1779 et
1765 1708 1974 1779 literis
2010 1709 2400 1803 apostolicis
2435 1731 2518 1782 ac
2551 1709 2968 1781 clamoribus
2999 1729 3357 1804 passorum
3394 1708 3678 1801 injurias
3708 1729 3826 1781 eas
3853 1707 3989 1779 tuis

1172 1832 1457 1904 auribus
1505 1831 1762 1925 pluries
1813 1831 2184 1904 inculcatas
2240 1854 2381 1904 non
2444 1833 2666 1905 solum
2721 1833 2931 1924 scire,
2989 1831 3113 1905 sed
3168 1833 3375 1904 etiam
3427 1832 3629 1928 plene
3683 1830 3987 1927 potueris

1172 1953 1543 2028 emendare
1562 2008 1581 2041 ,
1623 1954 1908 2026 minime
1938 1953 2301 2029 dubitaris.
2338 1955 2543 2041 Quod
2581 1956 2818 2028 exilio
2846 1966 3120 2028 tuarum
3148 1955 3525 2027 litterarum
3556 1964 3797 2027 tenore
3827 1975 3987 2025 ma-

1175 2080 1421 2151 nifeste
1448 2077 1815 2172 colligitur,
1834 2078 1956 2172 qui
1987 2100 2108 2173 pro
2134 2080 2394 2171 jurium
2427 2079 2945 2152 conservatione
2977 2088 3253 2152 tuorum
3280 2086 3347 2152 te
3370 2078 3699 2151 nonnulla
3728 2078 3989 2150 immu-

1175 2212 1356 2275 tasse
1379 2201 1559 2274 circa
1590 2200 1914 2274 ecclesias
1947 2210 2016 2274 et
2050 2202 2174 2274 tibi
2198 2225 2276 2275 su
2284 2224 2405 2297 per
2423 2223 2561 2276 non
2578 2203 3003 2277 restituenda
3025 2204 3128 2276 eis
3147 2202 3572 2298 possessione
3595 2202 3824 2274 ablata
3841 2222 3992 2275 nos-

1176 2337 1355 2399 trum
1381 2326 1455 2398 in
1483 2327 1661 2398 facto
1691 2325 1988 2398 civitatis
2018 2326 2302 2398 Castelle
2332 2327 2693 2420 suffragari
2722 2326 3188 2422 magisterium
3212 2327 3273 2423 (l
3289 2324 3345 2423 )‚
3369 2325 3781 2420 suffragatur
3806 2322 3985 2421 (sic),

1179 2473 1335 2523 cum
1380 2451 1451 2520 in
1495 2471 1698 2522 causa
1740 2458 1859 2521 tua
1893 2450 2267 2545 superioris
2298 2450 2623 2524 debueris
2650 2451 3030 2546 experiisse
3070 2459 3140 2523 et
3169 2459 3576 2544 expectasse
3598 2447 3984 2541 judicium,

1179 2575 1309 2646 nisi
1344 2574 1515 2645 forte
1550 2572 1805 2665 vulgus
1838 2572 2250 2668 respondeat
2284 2572 2478 2666 quod
2514 2573 2720 2664 juxta
2763 2573 3092 2668 placitum
3134 2572 3459 2646 terminos
3491 2592 3733 2667 regum
3775 2580 3992 2642 trans-

1176 2697 1481 2792 grederis
1503 2751 1523 2784 ‚
1573 2696 1740 2769 dum
1782 2706 2012 2769 contra
2051 2698 2168 2789 jus
2211 2696 2608 2791 aggrederis
2647 2697 2870 2770 officia
2914 2696 3370 2771 sacerdotum.
3416 2696 3723 2782 Qualiter
3762 2703 3992 2768 autem

1182 2832 1416 2895 contra
1443 2820 1929 2893 conscientiam
1980 2830 2275 2893 nostram
2296 2872 2316 2912 ,
2345 2829 2425 2891 ut
2449 2821 2729 2913 asseris,
2770 2819 3109 2917 denegata
3158 2820 3283 2892 tibi
3333 2818 3787 2917 possessionis
3828 2818 3994 2890 civi-

1184 2949 1340 3020 tatis
1372 2943 1682 3040 predicte
1729 2945 2086 3016 intentioni
2134 2942 2230 3041 (a)
2281 2954 2400 3018 tue
2442 2945 2813 3039 opituletur
2861 2946 3198 3020 restitutio
3245 2966 3386 3018 non
3427 2942 3790 3034 videmuS,
3833 2964 3991 3015 cum

1183 3070 1372 3141 cives
1420 3066 1778 3140 Castellani
1829 3067 1950 3159 qui
2001 3088 2077 3139 se
2124 3066 2249 3138 tibi
2298 3068 2552 3140 violato
2601 3078 3026 3143 sacramento
3073 3068 3236 3141 fidei
3292 3069 3648 3159 ignorante
3689 3066 3995 3139 Ecclesia

1184 3191 1672 3289 prodiderunt,
1739 3190 2144 3263 excellentie
2200 3200 2319 3263 tue
2379 3192 2646 3264 nullum
2701 3193 2817 3284 jus
2879 3214 3003 3287 per
3058 3192 3190 3264 hoc
3249 3191 3323 3264 in
3381 3211 3459 3264 se
3517 3189 3684 3287 ipsis
3741 3189 3995 3284 acqui-

1182 3339 1330 3390 rere
1347 3370 1367 3406 ,
1419 3316 1681 3387 nullum
1733 3313 1930 3386 nobis
1975 3314 2155 3386 circa
2202 3315 2733 3408 possessionem,
2792 3337 2949 3388 cum
2986 3314 3534 3409 jurisdictionem
3586 3313 3884 3387 civitatis
3928 3323 3998 3386 et

1187 3441 1443 3514 civium
1478 3438 1676 3531 quasi
1729 3435 2107 3531 possideret
2157 3438 2459 3510 Ecclesia
2481 3492 2500 3528 ‚
2542 3437 2899 3534 prodendo
2941 3449 3311 3536 potuerunt
3358 3436 3821 3535 prejudicium
3859 3457 3998 3531 ge—

1184 3587 1462 3654 nerare3
1504 3565 1684 3637 male
1739 3584 2041 3657 namque
2079 3563 2307 3658 agitur
2350 3585 2512 3636 cum
2546 3564 2847 3638 dominis
2883 3563 3314 3662 prediorum,
3357 3563 3415 3635 si
3464 3573 3651 3637 tanto
3689 3562 3996 3659 precario

1185 3689 1693 3786 possidentibus
1741 3707 1879 3760 non
1946 3684 2321 3782 requiritur
2370 3688 2825 3783 possessionis
2871 3687 3144 3761 initium
3167 3740 3187 3779 ,
3245 3688 3435 3782 leges
3490 3686 3994 3781 possessionum

1187 3824 1493 3888 evertere
1525 3822 1595 3885 et
1630 3810 1976 3884 extraneis
2014 3812 2173 3903 jura
2212 3813 2521 3885 conferre
2565 3812 2847 3885 valeant
2878 3831 3369 3906 possessorum.
3410 3809 3497 3883 Et
3529 3808 3687 3882 ideo
3713 3809 3774 3881 si
3814 3831 3997 3904 pru-

1188 3938 1427 4012 denter
1459 3935 1850 4009 adverteres
1879 3934 2068 4029 quod
2097 3935 2358 4030 lignum
2397 3936 2544 4008 vite
2574 3945 2678 4010 est
2716 3937 2788 4008 in
2822 3935 3119 4032 paradisi
3157 3933 3387 4008 medio
3421 3933 3750 4029 positum,
3788 3933 3892 4005 sic
3920 3932 3993 4003 in

1191 4071 1421 4135 centro
1474 4068 1748 4131 tuorum
1808 4057 2052 4129 finium
2106 4058 2479 4152 prudenter
2513 4058 2933 4154 persisteres,
2973 4056 3164 4153 quod
3219 4078 3659 4153 nequaquam
3724 4056 4000 4129 incaute

1187 4187 1279 4260 ad
1307 4183 1688 4279 judicanda
1726 4191 1988 4255 secreta
2022 4184 2439 4257 conscientie
2469 4193 2700 4257 nostre
2732 4184 2934 4276 cujus
2966 4182 3193 4275 judex
3228 4183 3302 4255 in
3339 4182 3490 4257 celo
3531 4191 3635 4256 est
3682 4180 3999 4255 conscius

1268 4351 1353 4432 (a)
1392 4353 1506 4430 Ap.
1535 4348 1828 4428 Baynald.
1857 4348 2213 4411 intentionis.

1265 4614 1338 4688 (4)
1374 4614 1509 4672 Vide
1530 4627 1691 4688 supra
1712 4611 2001 4685 imperialis
2025 4608 2277 4685 epistolae
2303 4607 2551 4666 caudam.
2584 4607 2716 4667 Rem
2739 4614 2916 4667 tamen
2940 4609 3010 4668 ab
3035 4625 3176 4669 anno
3203 4612 3340 4670 ⁴230
3364 4606 3517 4682 quasi
3553 4605 3656 4666 sub
3685 4604 3850 4679 litigio
3880 4618 3998 4661 sus-

1198 4726 1420 4785 pensam
1446 4710 1821 4785 comperimus.
1847 4707 1927 4765 Cl'.
1951 4722 2137 4781 supra,
2162 4713 2202 4764 t.
2223 4707 2314 4779 111,
2333 4722 2392 4780 p.
2414 4707 2545 4766 2⁴9.
