4842 5802
944 652 1140 711 lamet.
1172 646 1260 727 8.]
1841 641 2231 705 HISTORIA
2279 638 2863 704 mPLOMATch.
3643 635 3756 696 731

1055 1214 1387 1298 Consilio
1419 1213 1681 1297 habito
1716 1213 1813 1297 VI
1849 1212 2035 1325 (leq.
2058 1213 2190 1325 IV)
2227 1239 2473 1297 nonas
2496 1212 2699 1323 julii,
2724 1213 2932 1321 apud
2964 1210 3468 1298 Wormatiam
3506 1208 3759 1314 [Hen-

947 1346 1179 1453 ricus]
1216 1348 1296 1429 in
1335 1347 1661 1458 gratiam
1713 1347 1950 1456 patris
1984 1347 2370 1458 recipitur.
2415 1348 2567 1429 Sed
2608 1371 2761 1428 non
2820 1344 3256 1453 persolvens
3309 1368 3507 1453 quae
3559 1369 3758 1451 pro-

948 1478 1258 1561 miserat
1289 1505 1428 1562 nec
1460 1479 1859 1589 resignans
1905 1489 2240 1561 castrum
2274 1477 2570 1561 Drivels
2624 1476 2835 1587 quod
2867 1475 3138 1559 habuit
3189 1476 3269 1557 in
3307 1501 3446 1557 sua
3487 1485 3759 1583 potes-

948 1620 1138 1718 tate,
1180 1609 1404 1720 jussu
1459 1611 1695 1720 patris
1748 1610 2225 1721 imperatoris
2277 1621 2392 1693 est
2447 1608 2835 1694 custodiae
2888 1608 3390 1715 mancipatus.
3437 1606 3757 1690 Gonssrn.

953 1741 1213 1826 coron.
1257 1768 1384 1851 ap.
1426 1741 1809 1850 Bosana,
1839 1750 2127 1841 Fontes,
2164 1752 2223 1824 t.
2258 1741 2353 1850 11,
2395 1769 2475 1850 p.
2518 1744 2835 1824 567.--
2857 1739 2996 1822 Ubi
3025 1738 3228 1849 (scil.
3262 1738 3762 1849 Wormatiae)

950 1899 1083 1955 rex
1133 1873 1503 1958 Henricus
1527 1936 1551 1982 ‚
1613 1876 1874 1959 audita
1933 1874 2500 1984 compositionis
2553 1873 2803 1957 forma
2856 1898 2903 1954 a
2963 1881 3176 1981 patre
3229 1872 3711 1982 promulgata
3735 1934 3759 1980 ‚

950 2004 1216 2116 fugam
1287 2006 1479 2089 inire
1548 2008 1869 2117 paravit.
1951 2010 2196 2106 Quem
2267 2017 2481 2118 pater
2550 2006 2933 2116 captivum
3003 2014 3252 2089 castro
3313 2004 3766 2117 Heidelberg

949 2139 1531 2222 custodiendum
1576 2140 1928 2247 tradidit,
1968 2151 2044 2223 et
2086 2149 2258 2250 post
2305 2140 2516 2222 hunc
2566 2140 2821 2249 ipsum
2884 2138 3295 2221 absumens
3356 2138 3437 2219 in
3499 2139 3767 2222 Rhetia

948 2279 1199 2353 castro
1226 2270 1611 2354 Alreheim
1630 2272 1755 2382 (1)
1777 2273 2237 2357 servandum
2263 2272 2670 2356 commisit.
2713 2272 3053 2355 Tandem
3080 2271 3491 2379 imperator
3516 2271 3767 2354 adhuc

950 2402 1225 2487 timens
1259 2429 1396 2512 per
1440 2405 1694 2513 ipsum
1731 2405 1830 2487 ab
1876 2406 2149 2489 emulis
2187 2406 2346 2488 suis
2381 2405 2680 2515 imperii
2733 2404 3242 2486 turbationem
3279 2402 3578 2511 moliri,
3626 2428 3765 2512 per

947 2534 1337 2643 episcopos
1374 2535 2052 2646 Salzeburgensem
2094 2548 2169 2621 et
2200 2536 2910 2647 Babenbergensem
2962 2560 3053 2617 ac
3111 2545 3372 2643 postea
3420 2559 3558 2643 per
3603 2562 3762 2643 pa·-

947 2667 1359 2751 triarcham
1441 2671 2052 2782 Aquilegiensem
2142 2673 2498 2755 eumdem
2581 2672 2664 2753 in
2746 2670 3102 2778 Apuliam
3190 2669 3713 2752 transmittens
3734 2730 3762 2778 ,

951 2809 1200 2882 castro
1259 2799 1578 2885 Balerne
1625 2802 2112 2916 (Palermei')
2156 2805 2388 2914 recipi
2460 2803 2875 2886 mandavit.
2930 2801 3271 2885 chronic.
3331 2802 3713 2912 Erphord.
3734 2864 3760 2912 ‚

951 2932 1258 3032 Ibidem,
1306 2945 1364 3016 t.
1408 2934 1510 3038 ΙΙ,
1567 2963 1649 3044 p.
1692 2939 1878 3019 595.
1919 2937 2358 3021 —Interea
2416 2938 2785 3022 Henricus
2837 2962 2972 3018 rex
3023 2934 3228 3018 filius
3291 2935 3766 3043 imperatoris

949 3065 1120 3174 qui,
1165 3074 1251 3149 ut
1284 3067 1498 3174 prius
1542 3068 1832 3151 dictum
1887 3078 2040 3178 est,
2080 3070 2454 3180 plurimos
2490 3072 2569 3151 in
2609 3095 2838 3152 suum
2881 3069 3218 3152 favorem
3271 3078 3345 3150 et
3399 3068 3767 3150 auxilium

946 3221 1080 3304 per
1133 3198 1489 3283 donativa
1552 3209 2008 3310 attraxerat,
2064 3229 2436 3312 persuasu
2491 3202 2899 3312 cujusdam
2951 3200 3367 3285 Hermanni
3422 3201 3767 3311 magistri

948 3329 1225 3412 domus
1274 3332 1912 3418 Theutonicorum
1961 3345 2037 3418 et
2089 3336 2344 3419 fratris
2392 3336 2484 3418 B.
2536 3334 2877 3444 ejusdem
2923 3335 3200 3420 domus
3248 3333 3369 3444 (2)
3386 3394 3410 3440 ,
3460 3334 3772 3419 accessit

950 3463 1048 3543 ad
1108 3471 1432 3570 patrem.
1506 3465 1657 3562 Qui
1706 3468 1961 3549 statim
2036 3468 2214 3550 fecit
2281 3493 2460 3550 eum
2510 3466 2777 3550 haberi
2828 3466 2974 3550 sub
3025 3466 3369 3550 custodia
3391 3528 3415 3574 ‚
3472 3478 3550 3549 et
3598 3477 3774 3576 post

950 3592 1513 3702 aliquantulum
1565 3600 1925 3707 temporis
1973 3609 2282 3708 captum
2335 3600 2698 3710 relegavit
2750 3625 2928 3682 eum
2981 3600 3061 3680 in
3115 3623 3353 3710 regno
3403 3598 3758 3710 Apuliae,

952 3724 1082 3808 ubi
1120 3726 1267 3809 sub
1303 3738 1508 3810 arcta
1544 3732 1889 3814 custodia
1923 3733 2350 3843 tenebatur,
2382 3733 2594 3842 justo
2628 3734 2765 3816 Dei
2800 3733 3114 3841 punitus
3142 3732 3455 3842 judicio.
3495 3737 3762 3817 Annal.

950 3864 1241 3967 Arqent.
1312 3886 1438 3969 ap.
1489 3862 1879 3971 Boanum,
1937 3873 2233 3963 Fontes,
2288 3876 2346 3948 t.
2414 3867 2563 3974 ΙΙΙ,
2629 3894 2709 3975 p.
2777 3867 3179 3947 108-109.
3219 3912 3330 3929 —
3371 3866 3767 3950 Heinricus

949 3991 1255 4073 veniens
1318 3993 1416 4075 ad
1477 4005 1774 4103 patrem
1828 3997 1908 4079 in
1969 3999 2391 4083 Wormatia
2454 3999 3051 4082 misericordiam
3112 3999 3362 4109 petiit,
3423 3999 3559 4082 sed
3610 4025 3763 4083 non

949 4120 1300 4207 obtinuit.
1361 4126 1715 4238 Fecitque
1769 4155 1945 4213 eum
2009 4131 2177 4240 capi
2239 4143 2455 4240 pater
2508 4158 2694 4216 suus
2760 4141 2835 4214 et
2886 4132 2966 4214 in
3021 4133 3341 4214 domum
3403 4157 3768 4242 magnam

946 4253 1328 4364 lapideam
1371 4260 1573 4344 circa
1625 4261 1992 4347 Sanctum
2036 4263 2423 4348 Andream
2478 4264 2793 4348 includi.
2855 4264 2922 4346 A
2973 4291 3127 4374 quo
3182 4265 3589 4374 perductus
3624 4265 3770 4351 fuit

1022 4557 1090 4628 (⁴)
1126 4559 1397 4618 Ala-heim
1419 4564 1484 4619 in
1510 4565 1687 4633 miss,
1717 4582 1824 4623 non
1852 4568 2037 4642 procul
2065 4584 2096 4624 a
2125 4568 2450 4640 Nordlingen
2472 4582 2661 4625 versus
2685 4566 2941 4624 orientem
2964 4585 2978 4639 ;
3004 4568 3149 4640 quod
3171 4575 3406 4626 castrum
3431 4571 3500 4627 ad
3520 4572 3766 4628 comitem

950 4650 1018 4707 de
1043 4652 1328 4727 OEttingen
1357 4661 1677 4730 pertinebat.

1026 4748 1097 4821 (Ξ)
1134 4750 1501 4814 verisimiliter
1521 4759 1796 4816 Bertholdi
1819 4760 1883 4817 de
1913 4761 2269 4819 Tannoni-ode.
