4842 5802
1168 601 1288 659 772
2163 599 2588 663 rmnssnlcl
2637 598 2983 659 sncumnl
3607 603 3765 680 [Axx.
3803 604 3976 665 12:35.

1172 740 1404 803 nostra
1430 734 1844 806 conscientia
1871 745 2293 806 emanarent.
2325 735 2547 826 Super
2571 753 2712 826 quo
2734 732 2919 803 illius
2943 732 3066 824 qni
3095 731 3264 803 nihil
3299 732 3622 827 ignorans
3650 748 3986 811 scrutator

1173 866 1274 926 est
1311 856 1626 929 cordium
1668 867 1737 930 et
1767 858 2077 952 cognitor
2100 866 2554 946 wei-storum,
2594 855 3056 927 testimoninm
3092 854 3531 949 invocamus,
3568 861 3762 952 quod
3802 884 3983 934 nun-

1172 1000 1383 1071 quam
1404 1001 1446 1051 a
1476 980 1674 1051 nobis
1706 1002 1945 1052 eorum
1976 978 2390 1051 machinatio
2413 977 2695 1073 prodiit,
2723 976 2849 1049 sed
2876 999 3049 1071 pure
3076 978 3167 1050 de
3194 978 3466 1072 impura
3493 978 3799 1074 ipsorum
3827 1006 3983 1057 ma-

1172 1101 1562 1175 chinatione
1617 1103 1985 1197 processit;
2061 1101 2250 1196 quod
2320 1103 2393 1172 in
2474 1103 2651 1172 facto
2728 1100 2926 1195 regni
2988 1100 3562 1175 Hierosolimitani
3625 1106 3984 1180 evidenter

1172 1247 1461 1319 arguere
1490 1246 1574 1297 ac
1612 1246 1731 1298 eos
1764 1226 1886 1318 qui
1920 1225 2257 1297 contraria
2291 1224 2708 1318 scripserant
2750 1245 2873 1319 per
2916 1224 3233 1297 effectum
3278 1227 3505 1320 operis
3554 1228 3626 1298 in
3684 1240 3981 1324 utroque

1173 1350 1447 1442 negotio
1486 1347 1857 1421 mendaces
1888 1349 2143 1444 poteris
2188 1348 2525 1421 invenire.
2575 1346 2904 1419 Nonnulli
2948 1366 3113 1419 vero
3147 1346 3569 1422 collaterales.
3595 1350 3731 1439 tui,
3788 1353 3982 1445 pacis

1172 1473 1544 1567 imperialis
1581 1472 1817 1562 emuli,
1853 1472 2031 1544 sicut
2060 1471 2359 1544 creditur
2387 1470 2674 1554 inimici,
2720 1490 2838 1541 eas
2867 1467 2955 1541 de
2981 1490 3301 1564 processu
3345 1480 3572 1544 vestro
3604 1472 3693 1567 (Ρ)
3728 1473 3981 1547 litteras

1173 1596 1482 1691 dirigunt
1504 1597 1758 1690 quibus
1787 1597 1847 1669 si
1882 1596 2137 1669 veritas
2174 1579 2365 1667 testis
2396 1594 2772 1683 assisteret,
2813 1601 3031 1664 totum
3069 1592 3258 1686 quod
3304 1617 3510 1689 super
3563 1604 3629 1667 te
3659 1596 3983 1671 fundavit

1175 1722 1504 1793 Dominus
1551 1719 1904 1793 edificium
1954 1718 2223 1790 ruinam
2267 1717 2537 1812 patiens
2578 1715 2946 1810 deperiret.
2995 1716 3250 1788 Verum
3301 1738 3460 1789 cum
3507 1740 3634 1790 nos
3674 1719 3836 1791 olim
3872 1721 3981 1792 his

1171 1841 1532 1914 fraudibus
1568 1849 2023 1933 occurrentes,
2050 1854 2276 1912 tecum
2304 1840 2376 1910 in
2401 1838 2875 1912 reformatione
2910 1838 3125 1932 pacis,
3151 1839 3211 1910 si
3239 1839 3419 1912 bene
3455 1840 3724 1932 recolis,
3755 1841 3978 1915 duxe-

1170 1967 1385 2036 rimus
1417 1965 1881 2037 ordinandum
1922 1974 2000 2035 nt
2041 1964 2098 2036 si
2134 1962 2306 2057 quid
2346 1962 2440 2036 ad
2476 1964 2763 2034 alterum
2816 1961 2905 2033 de
2947 1962 3159 2034 altero
3214 1963 3404 2055 quod
3448 1985 3689 2057 pacem
3724 1965 3981 2038 lederet

1171 2088 1592 2183 perveniret,
1636 2087 1990 2159 latratibus
2027 2087 2529 2161 detrahentium
2595 2086 2759 2156 hinc
2820 2084 2984 2158 inde
3044 2085 3544 2178 denegaremus
3608 2087 3972 2176 auditum;

1170 2213 1601 2285 serenitatem
1636 2223 1825 2282 tuam
1868 2211 2247 2304 rogandam
2293 2211 2628 2285 duximus
2664 2219 2733 2282 et
2771 2209 3189 2282 monendam
3235 2219 3575 2304 quatenus
3624 2234 3780 2284 cum
3821 2214 3980 2286 talia

1170 2334 1260 2407 de
1292 2336 1486 2408 nobis
1513 2334 1605 2407 ad
1635 2356 1836 2406 aures
1863 2344 2015 2407 tuas
2038 2335 2475 2429 perveniunt,
2499 2356 2577 2406 os
2600 2333 2834 2427 iniqua
2859 2335 3311 2428 loquentium,
3340 2335 3519 2407 sicut
3539 2344 3609 2407 et
3629 2356 3756 2408 nos
3780 2358 3979 2409 versa

1170 2457 1323 2526 vice
1357 2456 1680 2540 facimus,
1718 2455 2068 2548 obstruas,
2128 2466 2198 2528 et
2222 2457 2425 2529 nobis
2458 2466 2535 2528 ut
2566 2456 2969 2529 excellentie
3015 2465 3131 2528 tue
3172 2456 3412 2528 litteris
3447 2458 3696 2529 nostris
3727 2460 3981 2530 veritas

1167 2577 1578 2667 innotescat,
1611 2577 1851 2650 audita
1883 2578 2241 2651 rescribas.
2278 2580 2391 2650 Sic
2415 2579 2667 2650 etenim
2706 2599 2848 2674 pax
2880 2579 2953 2649 in
2978 2599 3108 2651 suo
3134 2579 3374 2669 vigore
3397 2580 3787 2652 servabitur
3816 2591 3883 2652 et
3906 2581 3979 2651 in

1168 2701 1276 2770 sui
1306 2700 1633 2773 lesionem
1661 2700 1905 2794 capitis
1937 2723 2390 2774 susurronum
2427 2701 2752 2795 iniquitas
2783 2701 3169 2774 mentietur.

1265 2824 1512 2895 Datum
1541 2822 1819 2914 Assisii,
1862 2823 1986 2893 XII
2020 2822 2353 2895 kalendas
2389 2824 2728 2915 octobris,
2769 2822 3204 2919 pontificatus
3228 2823 3439 2895 nostri
3465 2846 3648 2896 anno
3676 2825 3793 2895 IX.

1272 2946 1616 3039 Scriptum
1649 2952 1753 3015 est
1786 2965 1992 3038 snper
2028 2946 2163 3016 hoc
2206 2945 2533 3036 magistro
2582 2946 2830 3017 domus
2867 2946 3439 3020 Tbeutonicorum
3478 2957 3558 3017 ut
3589 2946 3816 3017 eidem
3847 2947 3975 3016 im-

1176 3065 1469 3161 peratori
1500 3062 1875 3158 praemissa
1910 3063 2284 3159 prudenter
2315 3067 2565 3138 referat
2585 3074 2654 3137 et
2683 3067 2907 3161 ipsum
2932 3066 3025 3140 ad
3056 3067 3128 3140 id
3162 3066 3540 3139 studiosius
3567 3067 3875 3140 inducat.

768 3793 824 3836 m
845 3739 1109 3848 mm
1282 3703 1690 3815 Gregorius
1750 3727 1951 3812 papa
1991 3702 2369 3786 Friderico
2413 3703 2933 3787 Romanorum
2968 3704 3401 3812 imperatori
3439 3705 3739 3787 nuntiat
3771 3708 3980 3813 quod

1111 3823 1124 3837 ⁰
1174 3865 1352 3922 cum
1423 3836 1927 3920 Theodericus
1949 3898 1973 3944 ,
2035 3836 2430 3919 Ravennas
2500 3836 3104 3946 archiepiscopus
3129 3897 3153 3943 ,
3212 3836 3684 3944 Apostolicae
3765 3836 3979 3919 Sedis

1171 3975 1499 4084 legatuS,
1538 3972 1619 4052 in
1654 3970 2031 4052 civitatem
2068 3969 2581 4052 Acconensem
2616 3969 3044 4053 diffinitioni
3084 3996 3263 4052 suae
3298 3996 3562 4078 parere
3598 3968 3977 4052 nolentem

1174 4104 1623 4190 sententiam
1675 4101 2046 4184 interdicti
2109 4099 2749 4210 promulgaverit,
2811 4103 2972 4212 ipse
3033 4102 3514 4184 interdictum
3570 4101 3972 4203 relaxavit,

1173 4265 1351 4322 eum
1397 4260 1714 4320 monens
1757 4232 2037 4343 quibus
2090 4232 2647 4315 conditionibus
2696 4260 2845 4342 pax
2899 4233 3307 4316 restaurari
3343 4258 3567 4340 posse
3601 4231 3969 4313 videatur.

1339 4480 1541 4559 (Edld.
1572 4479 1785 4555 partlm
1818 4478 2136 4538 Rnuunn.
2166 4474 2382 4537 Annal.
2415 4472 2640 4549 eccles„
2670 4481 2816 4536 tom.
2846 4475 2991 4536 xxl
3024 4474 3102 4536 ad
3140 4490 3281 4535 ann.
3318 4481 3492 4546 123⁵,
3523 4469 3591 4553 §5
3628 4481 3700 4533 43
3727 4480 3788 4533 et
3814 4481 3914 4547 44,
3943 4490 3976 4533 e

1411 4591 1624 4663 regest.
1669 4584 1942 4661 Gregor„
1989 4582 2093 4642 lib.
2136 4583 2260 4656 IX,
2308 4583 2481 4658 epist.
2515 4589 2806 4642 230-231.
2849 4581 3020 4641 Nunc
3071 4595 3212 4640 vero
3264 4581 3520 4656 primum
3569 4581 3634 4638 ln
3686 4580 3976 4657 integrum

1414 4692 1624 4751 damus
1649 4707 1724 4751 ex
1750 4691 1978 4751 collect.
2004 4689 2256 4766 Laporte
2281 4688 2363 4748 du
2391 4686 2592 4761 Theti,
2618 4704 2716 4765 ap.
2738 4686 3013 4747 Biblioth.
3038 4687 3246 4763 imper.
3277 4682 3491 4762 Paris.)
