4842 5802
1196 630 1317 691 556
2233 641 2576 703 111².anOE
2625 643 2964 703 SEPTIMI
3633 647 3792 725 [Am.
3831 650 4001 710 1231.

1192 770 1570 860 precariam
1620 782 2056 867 extorquere.
2116 775 2320 861 Quod
2375 777 2499 869 qui
2546 778 2772 849 facere
2815 779 3307 873 presumpserit
3355 782 3839 877 omnipotentis
3881 787 4007 859 Dei

1195 892 1737 986 indignationem
1777 906 1848 970 et
1874 906 2174 970 nostram
2206 920 2489 991 gravem
2521 899 2849 972 offensam
2886 922 2961 973 se
2985 902 3252 975 noverit
3285 902 3750 978 incursurum.

1288 1018 1518 1091 Testes
1553 1030 1717 1091 sunt
1747 1021 1845 1092 hii
1871 1024 1935 1093 S.
1985 1024 2526 1116 Maguntinensis
2557 1024 3141 1119 archiepiscopus,
3169 1027 3254 1097 H.
3280 1028 3586 1101 marchio
3615 1027 3705 1102 de
3737 1030 3998 1124 Baden‚

1189 1139 1457 1213 Ulricus
1483 1140 1574 1214 de
1600 1143 2058 1235 Husemeche‚
2097 1145 2440 1238 Pilgrinus
2468 1146 2559 1219 de
2581 1147 2990 1240 Emeringen
3007 1202 3028 1238 ‚
3082 1149 3474 1223 Hawardus
3505 1153 3996 1245 Musechunch‚

1189 1263 1458 1335 Ulricus
1485 1274 1554 1335 et
1582 1266 2004 1340 Wer'nherus
2033 1269 2311 1359 notarii,
2355 1279 2425 1342 et
2458 1271 2575 1341 alii
2599 1272 3069 1366 quamplures.

1285 1388 1535 1459 Datum
1557 1380 1806 1479 Hall'is,
1848 1412 2032 1464 anno
2061 1390 2405 1464 dominice
2443 1392 2930 1467 incarnationis
2961 1395 3322 1470 millesimo
3360 1397 3832 1472 ducentesimo
3867 1400 4001 1471 tri-

1184 1511 1448 1603 gesimo
1473 1513 1727 1607 primo,
1767 1513 2077 1587 kalendis
2101 1515 2397 1588 octobris
2423 1514 2559 1612 (a),
2596 1516 2973 1590 indictione
3000 1520 3262 1612 quinta.

804 2049 1072 2154 maffia,
1284 2040 1654 2123 Henricus
1672 2104 1694 2144 ,
1737 2041 2258 2125 Romanorum
2294 2068 2466 2145 rex,
2517 2052 2784 2124 notum
2828 2041 3008 2124 facit
3059 2044 3267 2152 quod
3321 2044 3748 2154 Berngerus
3803 2046 3990 2153 Spi-

798 2155 850 2198 ¹⁹
877 2158 1082 2200 ‘’mm'’
1177 2172 1420 2254 rensis
1455 2172 1852 2281 episcopus
1890 2173 2032 2256 sibi
2068 2173 2388 2256 contulit
2424 2173 2893 2257 advocatiam
2926 2174 3024 2256 de
3059 2175 3410 2258 Luzheim
3450 2176 3530 2256 in
3568 2175 3827 2282 feud0‚
3858 2176 3988 2257 tali

1175 2316 1395 2415 pacto
1433 2315 1518 2388 ut
1550 2306 1752 2388 hanc
1787 2307 2255 2390 advocatiam
2292 2307 2508 2390 nullo
2543 2309 2775 2391 modo
2809 2308 2908 2391 ab
2943 2309 3260 2418 imperio
3299 2310 3681 2393 alienaret.

1338 2516 1656 2597 (Ineditum
1698 2536 1776 2579 ex
1818 2521 2086 2598 originali
2112 2524 2175 2580 in
2200 2521 2442 2581 archivo
2465 2521 2777 2600 stuttgart.
2785 2565 2804 2596 ,
2850 2521 3009 2581 unde
3049 2521 3265 2598 pendet
3307 2523 3563 2600 sigillum
3603 2538 3835 2583 cereum
3875 2522 3991 2583 filis

1412 2626 1613 2685 sericis
1637 2625 1783 2686 ssavi
1810 2631 1870 2685 et
1894 2625 2289 2686 amaranthinl
2316 2623 2576 2703 eoloris.)

1266 2806 1351 2876 H.
1389 2806 1512 2876 Dei
1558 2806 1773 2898 gratia
1812 2806 2271 2878 Romanorum
2321 2828 2448 2877 rex
2499 2826 2770 2900 semper
2818 2815 3190 2899 augustae,
3234 2807 3578 2879 universis
3606 2819 3983 2903 presentem

1166 2931 1492 3026 paginam
1530 2930 1939 3023 inspecturis
1988 2931 2279 3023 gratiam
2333 2953 2529 3003 suam
2569 2941 2639 3002 et
2685 2952 2889 3003 omne
2929 2931 3214 3003 bonum.
3273 2932 3712 3005 Universitati
3760 2942 3985 3006 vestre

1171 3052 1710 3144 significandum
1766 3052 2101 3126 duximus
2158 3054 2351 3148 quod
2409 3056 2795 3148 Berngerus
2832 3055 3167 3149 Spirensis
3228 3056 3624 3151 episcopus,
3694 3055 3984 3128 dilectus

1171 3177 1491 3272 princeps
1545 3186 1809 3266 noster,
1869 3178 2156 3249 contulit
2206 3178 2402 3250 nobis
2459 3188 2526 3250 et
2568 3178 3076 3250 successoribus
3130 3181 3377 3252 nostris
3425 3178 3857 3252 advocatiam
3893 3179 3982 3253 de

1166 3300 1491 3372 Luzheim
1522 3301 1593 3370 in
1625 3300 1869 3388 feud0‚
1908 3301 2023 3373 tali
2052 3302 2449 3397 interposita
2474 3302 2878 3376 condicione
2913 3311 2991 3375 ut
3023 3302 3319 3376 eandem
3350 3301 3778 3377 advocatiam
3809 3305 3979 3376 nulli

1168 3422 1369 3495 nobis
1400 3423 1602 3495 liceat
1626 3423 1984 3496 infeudare
2012 3425 2125 3496 vel
2156 3425 2291 3496 alio
2319 3425 2551 3519 aliquo
2579 3424 2785 3498 modo
2811 3426 2900 3498 ab
2920 3427 3203 3520 imperio
3226 3427 3525 3498 alienare
3543 3480 3564 3516 ‚
3603 3426 3730 3499 sed
3758 3428 3996 3523 ipsam·

1163 3546 1256 3620 ad
1291 3568 1538 3618 manus
1560 3556 1822 3619 nostras
1858 3569 2128 3643 semper
2153 3549 2450 3622 retinere
2474 3550 2878 3622 debeamus,
2915 3549 3023 3621 Ad
3057 3552 3257 3642 quus
3283 3551 3379 3622 rei
3409 3552 3889 3623 certitudinem
3908 3562 3979 3625 et

1161 3669 1372 3743 robur
1405 3680 1737 3766 perpetuo
1761 3670 2170 3764 valiturum,
2228 3683 2612 3768 presentem
2646 3674 2969 3768 paginam
3003 3672 3145 3747 fieri
3204 3684 3273 3747 et
3320 3674 3545 3767 sigillo
3599 3677 3976 3768 majestatis

1163 3803 1392 3866 nostre
1423 3794 1711 3866 fecimus
1742 3795 2079 3889 insigniri.

1257 3918 1505 3989 Datum
1534 3918 1723 4013 apud
1751 3920 2167 4012 Augustam,
2204 3942 2388 3992 anno
2412 3919 2756 3993 dominice
2791 3922 3274 3992 incarnationis
3310 3922 3667 3993 millesimo
3705 3921 3974 3992 ducen-

1160 4041 1400 4114 tesimo
1435 4041 1755 4112 vicesimo
1791 4040 1893 4136 (4)
1919 4045 2174 4134 primo,
2208 4043 2391 4112 XIIII
2416 4042 2747 4115 kalendas
2784 4044 3211 4135 novembris,
3251 4043 3622 4117 indictione
3640 4045 3723 4116 V.

1243 4216 1327 4296 (a)
1373 4218 1444 4278 In
1491 4217 1739 4277 Besoldo
1780 4216 1993 4276 decimo
2020 4214 2294 4277 kalendas
2320 4217 2578 4279 octobris.
2611 4220 2696 4280 At
2731 4237 2808 4281 ex
2846 4222 3140 4298 originali,
3171 4228 3240 4282 ut
3281 4239 3391 4283 nos
3430 4224 3658 4283 monuit
3700 4221 3966 4296 Kausler,

1160 4325 1503 4399 simpliciter
1530 4319 1788 4382 kalendis
1816 4322 2129 4401 legendum
2154 4330 2263 4384 est.

1229 4558 1305 4632 (4)
1343 4558 1432 4615 Sic
1474 4559 1530 4614 in
1572 4558 1842 4632 originali,
1870 4560 1965 4617 sed
1992 4560 2271 4632 legendum
2302 4563 2584 4617 tricesimo.
2613 4563 2821 4636 Nempe
2852 4562 3089 4620 notarius
3134 4563 3190 4618 in
3225 4563 3495 4619 notatione
3534 4564 3658 4619 anni
3694 4562 3967 4620 evidenter

1159 4655 1396 4727 erravit,
1444 4662 1558 4713 tum
1584 4672 1653 4714 ex
1682 4656 1983 4714 indictionis
2007 4672 2258 4728 numero,
2296 4663 2409 4715 tum
2443 4659 2569 4732 quia
2591 4660 2920 4733 Berengerus
2947 4676 3087 4718 anno
3115 4662 3244 4719 ⁴22⁴
3286 4660 3520 4717 nondum
3548 4660 3813 4734 Spirensis
3845 4659 3966 4733 epi-

1154 4769 1351 4828 scopus
1377 4760 1510 4810 erat.
