4842 5802
1753 583 2007 644 INDEX
2058 585 2755 648 DOCUMENTORUM.
3544 584 3661 644 971

858 787 896 860 i
912 783 1082 859 254

870 913 1061 987 aprili.
1224 912 1478 989 Capuae.
1597 944 1683 958 —
1717 914 1815 974 Ad
1859 915 2173 975 consilium
2218 916 2472 977 duorum
2514 917 2935 994 cardinalium,
2962 919 3265 994 negotium
3310 915 3546 974 illorum
3590 911 3665 970 dc

1682 1010 2061 1085 Lombardia,
2093 1012 2169 1071 de
2215 1015 2476 1074 marchia
2519 1015 2764 1075 Trevisii
2813 1021 2872 1074 et
2917 1013 3270 1075 Romaniola
3288 1053 3305 1082 ,
3335 1018 3458 1070 tam
3490 1024 3665 1085 super

1554 1149 1559 1152 -
1680 1106 2013 1168 detentione
2039 1110 2322 1186 regalium
2349 1127 2531 1187 quam
2568 1111 2642 1170 de
2677 1111 3004 1187 praeteritis
3026 1107 3390 1180 excessibus,
3434 1120 3666 1167 summo

1681 1204 1947 1280 pontiflci
1972 1212 2034 1267 et
2057 1206 2348 1267 Ecclesiae
2372 1209 2673 1269 Romanae
2698 1209 3034 1268 committit.
3547 1211 3659 1262 465

860 1304 895 1355 4
922 1299 1078 1356 maii.
1154 1339 1572 1359 .......
1603 1330 1683 1344 -
1723 1301 1985 1361 Thomae
2031 1302 2108 1362 de
2156 1303 2523 1381 Montenigro
2555 1306 2872 1381 justitiario
2925 1305 3293 1379 Principatus
3346 1308 3407 1361 et
3453 1301 3665 1361 Terrae

1681 1397 2133 1459 Beneventanae
2158 1401 2401 1461 mandat
2426 1406 2496 1460 ut
2523 1401 2805 1460 vassallos
2833 1400 3060 1461 abbatis
3079 1400 3359 1460 Cavensis
3386 1402 3445 1458 in
3472 1399 3666 1458 Bocca

1682 1493 2007 1574 Pimontis,
2041 1496 2290 1557 Nuceria
2318 1503 2378 1556 et
2404 1498 2800 1573 pertinentiis,
2846 1499 2949 1573 qui
2980 1514 3099 1556 non
3137 1502 3344 1557 tenent
3386 1497 3460 1556 de
3501 1496 3667 1556 curia

1682 1606 1819 1661 sua,
1845 1594 2138 1653 immunes
2162 1609 2198 1652 a
2223 1592 2708 1653 subventionibus
2734 1600 2795 1653 et
2819 1594 3080 1654 collectis
3106 1594 3382 1654 declaret.
3547 1601 3660 1653 467

887 1680 1063 1764 [maio
1157 1722 1573 1741 .......
1601 1715 1684 1730 --
1723 1686 2013 1749 Omnibus
2038 1690 2335 1751 nobilibus
2360 1693 2423 1750 iu
2450 1693 2694 1767 imperio
2721 1694 3055 1751 constitutis
3080 1692 3322 1751 mandat
3356 1697 3425 1751 ut
3462 1707 3666 1766 pacem

930 1781 1019 1840 vel
1686 1783 1746 1841 in
1784 1786 1948 1844 curia
1972 1786 2450 1847 Francofurtensi
2489 1787 2781 1847 firmatam
2808 1788 2964 1847 infra
2990 1794 3247 1863 quatuor
3270 1787 3666 1847 hebdomadas

866 1875 1086 1958 junio.]
1678 1883 1900 1956 Jurcnt,
1928 1871 1980 1942 'a
2003 1883 2289 1944 divitibus
2322 1892 2382 1944 et
2421 1886 2776 1961 pauperibus
2802 1885 3067 1945 similiter
3087 1886 3406 1961 jurandam
3449 1890 3509 1945 et
3543 1901 3664 1945 ser-

1684 1978 1963 2039 vandam.
3547 1989 3660 2041 471

885 2073 1056 2148 Julio.
1258 2066 1465 2128 Reate.
1604 2104 1688 2118 —
1725 2074 1822 2134 Ad
1843 2076 2326 2152 supplicationem
2348 2079 2586 2139 Henrici
2610 2081 2926 2159 lantgravii
2951 2081 3305 2158 Thuringiae
3329 2085 3389 2139 et
3414 2078 3669 2140 Conradi

1685 2170 1879 2231 fratris
1908 2177 2069 2249 ejus,
2111 2174 2399 2251 hospitale
2443 2175 2642 2237 Sancti
2680 2177 2975 2238 Francisci
3017 2179 3081 2237 in
3125 2175 3410 2252 Marburg
3435 2192 3473 2235 a
3498 2175 3669 2235 beata

1684 2268 1984 2330 Elisabeth
2021 2287 2221 2331 eorum
2266 2289 2464 2333 sorore
2501 2281 2903 2336 constructum
2947 2281 3006 2334 et
3060 2274 3137 2335 ab
3188 2276 3331 2351 ipsis
3364 2274 3664 2348 dotatum,

1685 2368 1744 2429 in
1774 2371 2191 2443 protectionem
2215 2387 2387 2432 suam
2413 2388 2551 2432 cum
2580 2374 2853 2434 omnibus
2880 2374 3054 2434 bonis
3080 2376 3343 2450 suscipit.
3548 2382 3664 2434 477
3747 2425 3748 2428 ,

882 2462 1055 2538 julio.
1259 2454 1466 2514 Reate·
1604 2493 1687 2508 —
1726 2463 1898 2524 Cives
1932 2466 2337 2527 Erfordienses
2372 2484 2509 2529 cum
2539 2470 2813 2531 omnibus
2839 2487 3040 2531 eorum
3067 2470 3238 2531 bonis
3282 2470 3397 2531 sub
3434 2471 3667 2546 speciali

1685 2564 2044 2637 protectione
2071 2580 2181 2624 sua
2207 2567 2453 2643 recipit,
2484 2569 2684 2644 cisque
2726 2569 3079 2645 approbatas
3117 2569 3567 2630 consuetudines
3609 2575 3670 2630 et

1685 2661 1931 2735 antiqua
1961 2664 2099 2738 jura
2126 2664 2189 2722 in
2213 2671 2562 2740 perpetuum
2588 2665 2921 2727 confirmat.
3548 2675 3665 2728 478

833 2760 1108 2830 augusto.
1257 2748 1463 2808 Reate·
1608 2789 1686 2800 —
1727 2758 2087 2836 Batonibus,
2120 2760 2407 2821 militibus
2451 2769 2511 2821 et
2545 2763 2762 2839 populo
2805 2765 3132 2825 Acconensi
3173 2772 3383 2826 notum
3423 2765 3566 2826 facit
3605 2781 3668 2825 se

1685 2850 2047 2913 Theoderico
2089 2854 2524 2932 archiepiscopo
2563 2856 2924 2933 Ravennati,
2958 2857 3327 2936 Apostolicac
3364 2859 3534 2921 Sedis
3579 2860 3666 2921 le-

1685 2957 1846 3027 gato,
1878 2950 2144 3012 officium
2173 2955 2368 3013 nuntii
2396 2957 2489 3016 sni
2518 2958 2903 3030 commisisse,
2934 2960 3018 3017 ita
3045 2963 3115 3017 ut
3138 2956 3386 3018 formam
3414 2975 3666 3018 concor-

1685 3044 1818 3105 diae
1845 3047 2000 3106 inter
2027 3063 2090 3107 se
2115 3054 2176 3108 et
2196 3050 2355 3125 ipsos
2367 3052 2495 3126 jam
2511 3058 2845 3112 contractae
2864 3053 3021 3112 idem
3039 3053 3509 3131 archiepiscopus
3536 3056 3664 3115 ioco

1685 3145 1780 3202 sui
1809 3160 2154 3205 conservare
2182 3149 2385 3221 possit.
3547 3160 3662 3213 479

848 3236 1109 3314 [august.
1156 3277 1173 3293 .
1224 3279 1237 3294 .
1290 3280 1305 3295 .
1354 3277 1372 3294 .
1422 3277 1439 3295 .
1491 3274 1507 3294 .
1556 3276 1573 3294 .
1606 3273 1687 3284 -
1726 3242 1942 3302 Scribit
1969 3259 2154 3320 papae
2188 3260 2253 3303 se
2290 3248 2522 3305 mittere
2550 3245 2884 3308 Gebardum
2913 3249 2988 3308 de
3016 3250 3348 3324 Arnestcin,
3387 3252 3662 3326 imperia-

929 3332 1022 3392 vel
1687 3339 1803 3398 lem
1839 3342 1901 3400 in
1937 3341 2107 3401 Italia
2143 3342 2430 3420 legatum,
2459 3347 2564 3421 qui
2598 3346 2946 3406 mandatum
2985 3349 3369 3423 apostolicum
3404 3349 3666 3409 obtineat
3787 3372 3790 3375 ’

888 3428 1066 3503 sept.]
1686 3434 1764 3492 ad
1808 3433 1873 3493 id
1915 3442 1984 3495 ut
2028 3437 2292 3498 homines
2337 3438 2560 3515 Spoleti
2600 3445 2661 3500 et
2705 3442 3004 3501 Marchiae
3049 3443 3162 3502 sibi
3203 3443 3488 3503 auxilium
3534 3444 3666 3503 iar-

1686 3531 1942 3605 giantur.
3548 3548 3665 3602 484

898 3621 1042 3691 sept.
1155 3613 1270 3690 Ap·
1296 3616 1561 3676 Montem
1606 3656 1683 3667 —
1721 3626 1950 3701 Donat,
1981 3629 2246 3689 concedit
2280 3637 2340 3690 et
2380 3630 2688 3691 confirmat
2734 3634 3093 3710 Raymundo
3131 3636 3330 3694 comiti
3371 3638 3661 3699 Tolosano

1196 3710 1521 3771 Flasconis·
1684 3728 1901 3782 terram
1929 3724 2282 3785 Venesinam
2310 3732 2613 3803 totamque
2645 3728 2824 3787 aliam
2851 3745 3032 3805 quam
3070 3732 3134 3789 in
3173 3733 3415 3807 imperio
3449 3736 3574 3794 sive
3600 3739 3661 3797 in

1684 3835 1866 3896 regno
1907 3820 2237 3881 Arelatensi
2280 3829 2341 3883 et
2375 3825 2696 3885 Viennensi
2723 3825 2882 3884 idem
2925 3842 3120 3886 comes
3163 3832 3360 3887 tenere
3412 3846 3659 3892 consue-

1684 3916 1802 3986 vit,
1848 3922 1909 3976 et
1949 3919 2205 3977 restituit
2249 3935 2383 3978 eum
2428 3922 2491 3978 in
2537 3919 2885 3997 dignitatem
2933 3922 3368 3984 marchionatus
3409 3927 3660 3987 Provin-

1683 4013 1829 4071 ciae.
3544 4034 3658 4087 485

900 4105 1046 4175 sept.
1157 4095 1276 4171 Ap-
1299 4096 1561 4156 Montem
1602 4139 1683 4151 —
1722 4107 1819 4168 Ad
1846 4109 2329 4186 supplicationem
2358 4114 2687 4189 principum
2714 4116 2974 4191 imperii,
3015 4121 3469 4180 controversiam
3506 4124 3662 4183 inter

1197 4192 1517 4254 Flasconls·
1684 4221 1746 4265 se
1771 4212 1831 4265 ct
1858 4206 2137 4267 ottonem
2165 4208 2239 4267 de
2262 4209 2580 4288 Luneburg
2606 4227 2783 4288 super
2807 4213 3258 4289 proprietatibus
3279 4216 3515 4277 Henrici
3543 4219 3658 4280 du-

1681 4302 1768 4360 cis
1795 4302 1868 4361 de
1894 4302 2240 4364 Brunswick
2271 4312 2619 4386 vertentem,
2642 4308 2719 4368 ad
2749 4308 3057 4369 arbitrium
3085 4312 3416 4388 principum
3441 4313 3658 4376 ibidem

1682 4400 2115 4459 nominatorum
2142 4405 2407 4461 remittit.
3543 4420 3656 4473 487

901 4492 1051 4562 sept.
1155 4483 1271 4558 Ap.
1296 4484 1559 4545 Montcm
1604 4524 1684 4538 —
1727 4492 2051 4571 Ugolinum
2114 4496 2189 4555 de
2243 4497 2498 4558 Cortona
2549 4506 2609 4560 et
2660 4500 3087 4577 Bonajunctam
3146 4501 3337 4563 fliium
3399 4505 3656 4566 Aimeri-

1121 4535 1132 4641 ξ
1180 4580 1547 4644 flasconem.
1686 4589 1875 4668 ghetti
1917 4590 1991 4651 dc
2036 4591 2288 4653 Cortona
2342 4594 2607 4670 publicos
2661 4596 3002 4658 tabelliones
3048 4599 3276 4676 imperii
3328 4602 3652 4662 constituit.

3206 4702 3322 4755 489
3348 4701 3407 4755 et
3431 4703 3559 4758 not.
3598 4710 3650 4761 1.
