4842 5802
800 537 1001 597 hemer.
1036 536 1159 613 7.]<
1713 532 2110 594 HISTORIA
2158 533 2747 595 mPLOMATch.
3503 531 3622 593 637
3679 602 3700 618 .

800 677 980 742 serat
1009 676 1082 740 et
1114 688 1240 764 pro
1267 688 1411 761 quo
1440 665 1649 740 fidem
1668 665 1980 760 dederat,
2024 677 2093 741 et
2118 668 2386 761 judicet
2407 670 2526 760 jus
2551 691 2783 742 suum.
2821 668 2990 739 Item
3027 667 3086 739 si
3106 667 3266 762 quis
3298 666 3388 739 de
3418 667 3618 759 prin-

802 792 1070 887 cipibus
1099 798 1223 862 aut
1247 790 1609 864 comitibus
1631 791 1750 863 vel
1772 790 2119 865 nobilibus
2144 813 2270 889 pro
2295 791 2548 866 delicto
2575 791 2824 887 judicii
2855 812 3103 885 penam
3132 799 3236 861 ter
3266 789 3620 885 pertulerit

801 913 1270 1004 constitutam,
1330 912 1772 1008 postmodum
1820 912 2086 1006 judicio
2142 914 2334 1009 quod
2390 915 2639 987 habuit
2702 924 2805 988 est
2861 913 3264 1007 privandus.
3301 914 3614 986 Preterea

798 1037 1163 1109 statuimus
1195 1045 1274 1107 ut
1307 1037 1643 1109 sententia
1671 1037 2189 1133 proscriptionis
2206 1046 2474 1110 tantum
2499 1038 2571 1109 in
2590 1038 2759 1111 locis
2779 1036 3074 1132 publicis
3110 1036 3606 1130 promulgetur,

796 1182 927 1234 nec
962 1160 1321 1255 proscripti
1353 1161 1790 1255 aliquatenus
1823 1161 2269 1235 absolvantur
2294 1163 2426 1233 nisi
2462 1162 2824 1235 sufficienti
2842 1161 3160 1233 cautione
3186 1158 3610 1252 fidejussoria

795 1283 1232 1380 precedente.
1263 1283 1470 1369 Quod
1497 1285 1844 1378 siquidem
1887 1286 1946 1358 si
1969 1285 2193 1378 judex
2225 1306 2363 1358 non
2395 1286 2663 1374 fecerit,
2718 1285 2943 1358 ablata
2981 1284 3053 1354 in
3084 1284 3424 1376 integrum
3462 1305 3607 1354 res-

796 1407 999 1479 tituat
1030 1406 1411 1502 dampnum
1447 1429 1691 1504 passo;
1733 1408 1923 1502 quod
1966 1408 2171 1481 etiam
2210 1409 2670 1501 promittimus
2712 1430 2839 1481 nos
2887 1409 3208 1481 facturos.
3250 1408 3415 1479 Item
3451 1427 3609 1478 mo-

795 1539 991 1603 netas
1017 1531 1222 1603 falsas
1249 1540 1317 1603 et
1352 1530 1640 1623 injustas
1674 1550 1756 1602 ac
1789 1531 2041 1623 injusta
2076 1532 2373 1604 thelonia
2401 1552 2541 1625 que
2569 1553 2611 1603 a
2645 1539 2952 1625 tempore
2976 1530 3239 1603 domini
3268 1529 3608 1603 Frederici

794 1654 1222 1749 imperatoris
1254 1656 1492 1749 proavi
1526 1654 1740 1727 nostri
1775 1655 2040 1748 absque
2082 1677 2423 1729 consensu
2448 1664 2517 1728 et
2548 1656 2987 1728 conniventia
3026 1655 3414 1749 principum
3442 1664 3607 1727 sunt

793 1786 1085 1869 statuta,
1125 1800 1248 1872 per
1278 1778 1685 1850 sententiam
1718 1798 2067 1851 cassamus
2114 1787 2182 1851 et
2209 1779 2629 1875 precipimus
2657 1779 2989 1867 amoveri,
3030 1787 3099 1850 et
3142 1800 3266 1851 nos
3302 1778 3598 1852 thelonia

789 1910 1021 1974 nostra
1068 1901 1338 1974 noviter
1379 1901 1688 1972 instituta
1721 1902 2034 1995 primitus
2061 1923 2496 1989 amovemuS‚
2545 1913 3078 1996 transgressores
3105 1923 3314 1974 manu
3346 1903 3602 1996 potenti

789 2035 857 2097 et
886 2034 1167 2097 extento
1199 2024 1481 2097 brachio
1524 2023 1974 2106 cohercendo.
2015 2026 2504 2120 Principesque
2540 2027 2729 2097 curie
2763 2034 3120 2121 presentes
3158 2026 3600 2098 ecclesiastici

788 2156 857 2221 et
895 2146 1231 2219 mundani
1283 2144 1421 2219 fide
1457 2147 1618 2220 data
1653 2147 2016 2221 efficaciter
2063 2148 2134 2219 in
2187 2158 2453 2221 nostras
2496 2171 2745 2221 manus
2779 2148 3237 2243 promiserunt
3281 2149 3464 2242 quod
3507 2150 3600 2223 ad

786 2270 1288 2365 reprimendam
1331 2278 1910 2363 transgressorum
1950 2271 2361 2365 proterviam
2395 2281 2464 2342 et
2497 2271 2588 2344 ad
2610 2272 2795 2363 justa
2817 2269 3082 2364 judicia
3118 2272 3594 2365 prosequenda

784 2392 971 2466 fideli
1014 2393 1215 2466 nobis
1268 2394 1532 2466 auxilio
1577 2394 1918 2467 assistant.
1982 2394 2149 2465 Item
2184 2395 2548 2466 statuimus
2573 2404 2650 2465 nt
2686 2395 2914 2465 nullus
2951 2394 3021 2464 in
3057 2415 3348 2489 persona
3381 2396 3489 2465 vel
3522 2395 3593 2465 in

781 2516 990 2589 rebus
1043 2516 1254 2589 alicui
1314 2516 1693 2613 dampnum
1753 2517 2034 2608 inferat,
2094 2515 2225 2588 nisi
2283 2518 2477 2612 prius
2534 2539 2697 2589 eum
2757 2518 2869 2590 cui
2921 2517 3301 2613 dampnum
3338 2518 3586 2591 inferre

777 2640 1072 2713 voluerit
1084 2640 1174 2713 ad
1189 2640 1419 2712 minus
1442 2641 1647 2713 trium
1666 2639 1935 2713 dierum
1967 2649 2035 2713 et
2061 2639 2363 2714 noctium
2388 2641 2611 2737 spatio
2639 2640 3083 2732 diffidaverit,
3106 2648 3175 2712 et
3212 2650 3376 2713 tunc
3401 2650 3585 2713 uter-

778 2785 919 2858 que
947 2785 1186 2860 pacem
1216 2766 1305 2837 ab
1332 2766 1546 2837 altero
1581 2785 1707 2861 per
1739 2764 2127 2859 predictum
2158 2765 2524 2836 terminum
2561 2765 2881 2854 habebit;
2923 2764 3227 2859 alioquin
3271 2786 3390 2858 per
3418 2785 3590 2837 sen-

780 2888 1056 2961 tentiam
1080 2886 1570 2984 proscribatur.
1611 2887 1904 2984 Reysam
1938 2911 2080 2983 que
2100 2888 2575 2984 Keymszuche
2608 2888 2708 2986 (a)
2742 2887 2996 2961 dicitur
3024 2888 3083 2959 si
3101 2888 3259 2983 quis
3287 2890 3588 2962 commi-

779 3012 971 3102 serit,
994 3011 1486 3106 proscribatur.
1510 3012 1681 3085 Item
1709 3012 2126 3107 precipimus
2153 3011 2346 3107 quod
2374 3014 2606 3085 nullus
2637 3012 3053 3086 conductum
3082 3012 3291 3084 alicui
3308 3014 3588 3108 prebeat

775 3135 907 3206 nisi
952 3136 1125 3208 forte
1177 3134 1599 3209 conductum
1651 3157 1694 3207 a
1743 3135 1944 3208 nobis
1993 3146 2063 3209 et
2098 3137 2187 3208 ab
2221 3137 2508 3232 imperio
2535 3139 2693 3229 jure
2723 3136 3071 3231 possideat
3096 3136 3376 3209 feodali.
3415 3139 3583 3210 Item

776 3257 848 3328 in
877 3259 1197 3331 omnibus
1237 3259 1664 3350 civitatibus,
1719 3258 1998 3354 oppidis
2020 3316 2036 3347 ,
2092 3260 2628 3351 munitionibus,
2669 3261 2855 3333 villis
2891 3270 2960 3332 et
2992 3260 3145 3331 aliis
3185 3260 3349 3333 locis
3388 3264 3580 3355 regni

772 3382 983 3454 nostri
1005 3382 1523 3475 jurisdictiones
1550 3381 2252 3478 archiepiscoporum,
2295 3385 2809 3480 episcoporum,
2851 3383 3484 3456 archidiaconorum
3512 3395 3581 3457 et

775 3506 1145 3578 sententias
1176 3527 1410 3579 eorum
1449 3507 1870 3603 precipimus
1906 3506 2185 3580 firmiter
2218 3507 2594 3580 observari.
2641 3509 2809 3580 Item
2855 3508 3088 3581 omnia
3137 3507 3504 3601 privilegia
3538 3531 3581 3582 a

778 3625 1062 3700 domino
1089 3627 1491 3724 imperatore
1525 3639 1720 3725 patre
1747 3638 1980 3705 nostro
2006 3640 2077 3704 et
2096 3653 2139 3703 a
2161 3630 2363 3703 nobis
2386 3642 2526 3703 tam
2548 3631 2974 3726 principibus
3001 3651 3211 3724 quam
3231 3629 3577 3703 nobilibus

773 3749 1070 3845 indulta,
1106 3774 1229 3849 per
1259 3754 1491 3828 omnia
1524 3754 1849 3827 volumus
1871 3775 2022 3827 esse
2046 3754 2260 3826 salva.

866 4313 1236 4399 Henricus
1259 4379 1284 4423 ,
1363 4315 1881 4399 Romanorum
1953 4342 2085 4400 rex
2111 4377 2134 4423 ,
2205 4326 2610 4426 postquam
2676 4317 3068 4401 Conradus
3136 4319 3576 4403 Hildeshei-

762 4449 1041 4531 mensis
1104 4449 1508 4557 episcopus
1572 4449 1718 4533 sibi
1780 4458 2240 4560 conquestus
2301 4448 2529 4532 fuerit
2600 4450 2809 4557 quod
2871 4449 3066 4533 cives
3132 4450 3573 4536 Hildeshei-

844 4632 923 4712 (a)
966 4634 1134 4698 Alias
1165 4632 1564 4698 Keiniszuthe.

3638 4314 3950 4426 Frassffigort,

3689 4423 3737 4463 in
3767 4424 3893 4465 curia

3684 4475 3895 4528 solemni,

3638 4528 3690 4571 18
3716 4529 3936 4573 sobnam.
