4842 5802
1777 615 2031 676 INDEX
2077 614 2774 679 nocuMENTonuM.
3534 615 3649 677 991

844 818 1072 895 1252

1667 943 1909 1003 nuntios
1934 955 2142 1004 eorum
2165 945 2413 1005 modum
2436 946 2521 1006 eis
2546 943 2910 1021 praescribit,
2930 960 3052 1020 quo
3079 960 3155 1004 ex
3172 945 3462 1004 sententia
3482 946 3646 1021 prin-

1667 1043 1866 1117 dpum
1894 1057 2002 1118 pro
2027 1043 2357 1102 temeritate
2381 1058 2584 1103 eorum
2610 1043 2673 1101 in
2705 1058 2769 1101 se
2794 1041 2951 1102 facta
2977 1040 3361 1102 satisfaciant.
3534 1049 3649 1103 572

837 1140 1067 1217 1⁰1ulii.
1150 1133 1266 1211 Ap.
1289 1133 1531 1212 Fgram.
1593 1169 1669 1185 —
1709 1138 2066 1199 Monasterio
2106 1140 2481 1200 Waltsassen
2515 1139 2890 1201 donationem
2929 1139 3219 1200 bonorum
3254 1142 3319 1199 in
3353 1139 3556 1201 Culme
3586 1141 3651 1200 in

1667 1232 1936 1310 partibus
1964 1233 2167 1294 Olsniz
2194 1249 2301 1311 per
2324 1233 2776 1294 Reimbotonem
2802 1234 2878 1294 de
2905 1235 3293 1311 Stracenberg
3323 1234 3650 1312 fratresque

1669 1332 1802 1406 ejus
1826 1330 1941 1390 sub
1959 1332 2137 1391 certis
2157 1330 2597 1392 conditionibus
2615 1331 2757 1390 illuc
2775 1330 2992 1391 factam
3013 1331 3350 1404 confirmat,
3372 1339 3487 1393 etc.
3533 1341 3648 1392 573

841 1438 915 1491 80
931 1427 1089 1506 jum,
1257 1420 1434 1499 Apud
1591 1457 1673 1470 —
1712 1427 2137 1487 Monasterium
2162 1427 2239 1487 de
2265 1428 2444 1487 Porta
2476 1426 2636 1487 Coeli
2651 1469 2671 1504 ,
2699 1426 3003 1504 quondam
3036 1427 3434 1488 Tennenbach
3466 1445 3650 1490 voca-

1163 1518 1516 1596 Haguenau.
1670 1527 1821 1595 tum,
1852 1538 1987 1582 cum
2014 1522 2292 1582 omnibus
2317 1523 2627 1599 mancipiis
2661 1528 2721 1582 et
2756 1523 3220 1599 possessionibus
3245 1526 3377 1600 ejus
3402 1524 3514 1585 sub
3540 1541 3650 1586 sua

1668 1621 2027 1695 protectione
2053 1621 2283 1696 recipit,
2312 1620 2487 1697 eique
2516 1620 2839 1695 specialiter
2863 1619 3169 1696 praedium
3193 1621 3260 1680 in
3285 1619 3651 1700 Mundingen

1670 1715 2003 1777 confirmat.
3526 1731 3610 1785 57
3617 1730 3650 1781 4

841 1825 902 1877 1⁰
929 1832 1072 1895 aug.
1150 1803 1327 1881 Apud
1353 1802 1540 1863 Fran·
1590 1844 1672 1857 —
1709 1812 2036 1873 canonicos
2062 1818 2123 1872 et
2147 1814 2490 1873 universum
2513 1812 2738 1873 clerum
2775 1812 3053 1873 ecclesiae
3081 1811 3380 1890 Aquensis
3403 1816 3518 1876 sub
3543 1833 3654 1878 sua

1204 1898 1500 1959 chenfurt·
1671 1907 1908 1984 speciali
1944 1911 2305 1983 protectione
2341 1911 2547 1986 recipit
2560 1952 2577 1981 ‚
2619 1916 2681 1969 et
2727 1908 3040 1982 advocato,
3080 1910 3350 1983 sculteto,
3397 1912 3653 1975 scabinis

1669 2003 2180 2081 burgensibusque
2206 2005 2589 2082 Aquensibus
2628 2004 2874 2065 mandat
2896 2021 2974 2065 ne
2999 2005 3132 2065 illos
3157 2007 3223 2065 in
3246 2010 3514 2083 personis
3548 2015 3654 2069 aut

1672 2099 1850 2160 rebus
1877 2100 2187 2161 molestare
2213 2108 2609 2177 praesumant.
3375 2105 3376 2108 ’
3535 2113 3653 2165 576

846 2211 906 2266 1·
931 2219 1076 2283 aug.
1151 2206 1332 2283 Apud
1357 2207 1543 2267 Fran..
1590 2230 1674 2241 —
1709 2197 2030 2258 Confirmat
2090 2197 2470 2258 donationem
2530 2214 2566 2258 a
2627 2198 2957 2274 praeposito
3024 2197 3289 2274 Aquensi
3356 2202 3656 2262 canonicis

1206 2302 1503 2365 chenrurt,
1673 2296 2056 2373 Aquensibus
2080 2294 2301 2356 factam
2322 2313 2338 2354 ε
2357 2296 2581 2356 scilicet
2602 2301 2672 2354 ut
2697 2310 2804 2370 pro
2829 2293 3243 2371 hospitalitatis
3269 2297 3656 2360 incommodis

1672 2395 1937 2469 quinque
1973 2392 2051 2452 de
2080 2397 2320 2452 centum
2358 2392 2573 2452 mareis
2610 2391 2684 2450 de
2718 2388 3112 2451 oblationibus
3148 2391 3427 2452 ecclesiae
3464 2395 3656 2469 perci-

862 2600 898 2652 2
927 2607 1069 2671 aug.
1153 2592 1332 2671 Apud
1354 2594 1544 2655 Fran·
1594 2489 2042 2662 -pgffgellanis
2092 2585 2218 2645 suis
2270 2586 2569 2645 canonicis
2618 2583 2998 2663 Aquensibus
3066 2494 3656 2663 οοιιίεηόῖῐῖιτῗαῗοὸιιῗ

1207 2692 1507 2753 ehenfurt,
1676 2698 1861 2742 unum
1887 2688 2076 2742 terrae
2099 2697 2243 2742 suae
2270 2683 2427 2741 circa
2450 2698 2654 2742 eorum
2680 2682 2907 2742 curiam
2934 2679 3092 2756 apud
3118 2680 3344 2740 Duren.
3537 2690 3651 2742 577

866 2792 901 2845 8
929 2801 1071 2864 aug.
1134 2828 1548 2850 .......
1598 2811 1678 2825 -
1717 2779 2077 2841 Monasterio
2124 2777 2498 2837 dominarum
2540 2777 2941 2837 cisterciensis
2988 2776 3211 2836 ordinis
3252 2776 3410 2853 apud
3446 2777 3659 2839 Harste

1677 2875 1876 2934 omnia
1903 2871 2061 2935 bona
2093 2878 2153 2932 et
2188 2874 2584 2950 pooeessiones
2611 2887 2766 2949 quae
2792 2872 2903 2948 ipsi
2929 2870 3143 2932 collata
3167 2869 3406 2931 fuerunt
3429 2871 3659 2934 conflr-

1677 2977 1801 3035 mat
1816 3012 1837 3043 ,
1884 2976 1946 3030 et
1993 2969 2291 3030 licentiam
2339 2968 2558 3031 talibus
2603 2966 3024 3029 donationibus
3074 2967 3149 3028 de
3192 2975 3422 3028 caetero
3473 2970 3659 3030 adhi-

1676 3068 1800 3130 bet.
3541 3076 3658 3128 578

864 3180 899 3234 s
926 3189 1071 3252 aug.
1151 3173 1329 3253 Apud
1356 3175 1545 3237 Fran.
1598 3198 1679 3211 —
1716 3165 1941 3227 Notum
1982 3161 2126 3224 facit
2171 3178 2234 3224 se
2273 3163 2514 3223 minime
2539 3169 2837 3235 monetas,
2867 3161 3116 3240 pedagia
3156 3169 3216 3223 et
3238 3165 3502 3241 justitias
3531 3165 3660 3242 epi-

1208 3271 1501 3333 chenfnrt.
1678 3266 1843 3340 scopi
1859 3261 2336 3340 Osnaburgensis
2352 3277 2504 3339 quae
2529 3277 2567 3322 a
2592 3262 2717 3327 suis
2735 3259 3241 3337 predecessoribus
3264 3266 3448 3335 tenet,
3470 3263 3661 3322 minui

1678 3361 1860 3431 velle,
1907 3359 2012 3419 sed
2055 3374 2089 3419 e
2133 3364 2343 3419 contra
2387 3357 2536 3419 haec
2582 3357 2775 3419 eidem
2830 3359 2896 3417 in
2939 3359 3187 3435 pristino
3226 3362 3387 3417 statu
3436 3357 3658 3418 conflr-

1678 3457 1848 3525 mari,
1877 3459 1992 3513 etc.
3542 3461 3656 3514 579

869 3568 902 3620 8
932 3573 1076 3637 aug.
1263 3555 1443 3634 Apud
1602 3584 1682 3597 —
1719 3550 2088 3612 Auctoritate
2121 3550 2284 3626 regia
2317 3553 2378 3608 et
2423 3564 2500 3609 ex
2527 3554 2814 3623 potestate
2854 3563 3036 3625 quam
3077 3563 3263 3623 nuper
3299 3563 3337 3608 a
3362 3547 3658 3609 Friderico

1151 3653 1555 3715 Frankenfurt
1681 3649 2033 3723 imperatore
2058 3651 2225 3723 patre
2249 3660 2358 3705 suo
2387 3644 2638 3721 adeptus
2669 3651 2793 3718 est,
2820 3646 3019 3704 omnia
3045 3644 3350 3721 privilegia
3383 3644 3461 3705 ab
3488 3651 3659 3706 ante-

1184 3751 1250 3810 in
1276 3751 1529 3812 solemni
1683 3742 2013 3805 cessoribus
2039 3743 2164 3803 suis
2201 3740 2431 3805 civibus
2473 3741 3013 3802 Wormatiensibus
3051 3740 3281 3801 indulta
3307 3740 3657 3821 confirmat,

1262 3848 1443 3908 curia.
1682 3847 1743 3902 et
1760 3841 1934 3918 jubet
1969 3856 2039 3901 ea
2073 3841 2136 3899 in
2173 3837 2381 3900 robore
2406 3838 2631 3916 absque
2662 3839 2998 3915 calumpnia
3030 3840 3094 3899 in
3129 3845 3428 3916 posterum
3464 3856 3659 3901 rema-

871 4048 908 4099 4
936 4055 1077 4119 aug.
1267 4038 1449 4118 Apud
1604 3954 2264 4096 —nzllseormatiensibus
2290 4031 2520 4095 civibus
2543 4030 2788 4091 mandat
2821 4046 2885 4091 se
2918 4046 3124 4091 eorum
3151 4031 3393 4092 consilia
3419 4038 3480 4093 et
3516 3944 3662 4094 (ΞΣ

1149 4137 1575 4200 Frankenfurt.
1684 4133 2078 4195 fraternitates
2109 4134 2175 4192 in
2218 4137 2534 4209 posterum.
2556 4129 2820 4202 auferre3
2850 4130 2928 4189 ad
2954 4146 3057 4191 eos
3088 4133 3327 4191 mittens
3370 4132 3661 4209 archiepi-

1684 4245 1929 4307 scopum
1966 4228 2414 4307 Moguntinum,
2463 4226 2869 4289 marchionem
2905 4226 2981 4286 de
3016 4226 3218 4288 Baden
3252 4233 3313 4287 et
3349 4226 3662 4290 Gerlacum

1685 4328 1761 4388 de
1783 4327 2096 4404 Budingen
2121 4332 2192 4386 ut
2215 4339 2351 4386 cum
2377 4325 2650 4401 episcopo
2675 4324 3099 4385 Wormatlensi
3120 4323 3196 4384 de
3220 4329 3383 4384 statu
3408 4327 3666 4389 civitatis

1686 4424 1960 4486 ordinent
1984 4429 2042 4483 et
2067 4423 2402 4498 disponant.
3545 4431 3652 4484 581

873 4534 910 4586 8
938 4541 1082 4605 aug.
1268 4523 1448 4602 Apud
1607 4554 1687 4567 —
1724 4518 2515 4678 Wormatiensirgigsmcifvibus
2542 4518 2790 4676 mlandat
2822 4534 2887 4579 se
2921 4518 3078 4579 inter
3082 4533 3216 4675 1:31
3234 4522 3295 4578 et
3327 4518 3663 4676 epIscoprum

1155 4619 1575 4683 Frankeniort.
1683 4634 1887 4680 eorum
1923 4634 2105 4679 conco
2346 4619 2531 4679 ecisse
2625 4632 2697 4677 oc
2917 4621 2988 4675 ut
3012 4630 3082 4675 co
3218 4630 3321 4675 um
3345 4621 3407 4674 et
3430 4632 3544 4676 con
3568 4634 3666 4677 ra·

1685 4718 1991 4777 ternitates
2031 4715 2334 4775 dimittant
2354 4754 2373 4787 ,
2419 4621 2892 4791 mandatquffi
2934 4710 3374 4790 archiepiscopo
3412 4710 3669 4793 Magnu-
