4842 5802
773 633 975 693 Inter.
1004 627 1093 712 9.]
1668 630 2066 695 HISTORIA
2118 629 2709 695 DIPLOMATICA.
3479 632 3595 695 801

772 764 1261 839 consuevimus
1306 764 1703 859 prevenire,
1751 766 2092 842 donamus
2139 774 2209 839 et
2252 765 2695 839 concedimus
2729 766 2862 839 sibi
2896 775 2965 840 et
3017 765 3391 840 heredibus
3442 767 3588 838 suis

771 896 1104 985 perpetuo
1137 886 1210 957 in
1242 888 1601 981 vassaIIOS,
1635 886 1952 964 dominos
1985 890 2149 963 ville
2176 889 2468 979 Ynsule,
2504 889 2799 963 civitatis
2831 889 3356 986 CarpentoratiS,
3381 889 3585 963 castri

771 1010 863 1086 de
900 1009 1305 1104 Interaquis‚
1350 1009 1515 1083 ville
1544 1010 2004 1103 Quadarosse,
2050 1009 2254 1084 castri
2285 1009 2373 1082 de
2396 1010 2866 1102 Nometamiis,
2907 1012 3109 1083 castri
3146 1012 3339 1083 Petre
3372 1010 3584 1106 Lapte

770 1144 841 1209 et
892 1134 1094 1209 castri
1144 1134 1232 1207 de
1276 1134 1676 1207 Intercalliis
1722 1133 1862 1232 (l),
1917 1143 1987 1209 et
2041 1143 2117 1206 ut
2162 1134 2235 1205 in
2285 1134 2386 1207 eis
2429 1135 2703 1227 plenam
2745 1133 3291 1226 jurisdictionem
3339 1133 3588 1207 debeat

774 1279 1099 1331 exercere
1136 1279 1347 1352 quam
1384 1257 1517 1354 ipsi
1559 1268 1632 1331 et
1673 1258 2048 1332 heredibus
2094 1257 2241 1329 suis
2290 1255 2380 1328 de
2419 1266 2650 1329 nostra
2697 1256 3031 1330 duximus
3075 1258 3294 1350 gratia
3347 1278 3591 1330 conce-

775 1379 1125 1468 dendam3
1167 1379 1575 1454 mandantes
1611 1391 1859 1455 uttam
1888 1382 2020 1476 ipsi
2051 1380 2311 1454 domini
2344 1378 2685 1452 dictorum
2717 1380 3019 1453 locorum
3056 1402 3265 1475 quam
3299 1379 3589 1453 heredes

772 1503 885 1575 sui
932 1502 1283 1576 nominato
1330 1505 1560 1577 comiti
1611 1515 1682 1580 et
1736 1504 2109 1579 heredibus
2152 1506 2296 1576 suis
2339 1511 2670 1596 tanquam
2725 1503 3021 1576 dominis
3060 1526 3299 1578 eorum
3332 1505 3401 1576 in
3439 1526 3589 1577 om-

772 1627 982 1700 nibus
1011 1626 1099 1699 de
1135 1636 1358 1700 cetero
1386 1630 1846 1725 respondeant
1879 1639 1948 1703 et
1973 1628 2366 1719 intendant,
2406 1627 2601 1700 salvo
2636 1627 2941 1701 dominio
2977 1638 3045 1700 et
3075 1629 3235 1722 jure
3264 1638 3494 1702 nostro
3520 1640 3588 1701 et

775 1750 1044 1845 imperii
1099 1750 1487 1846 principali.
1564 1753 1941 1825 Statuimus
2011 1753 2219 1846 igitur
2278 1760 2347 1824 et
2398 1752 2730 1844 presentis
2787 1751 3130 1846 privilegii
3190 1755 3589 1827 auctoritate

772 1874 1185 1947 mandamus
1234 1883 1577 1968 quatenus
1629 1878 1820 1949 nulla
1872 1897 2166 1973 persona
2213 1876 2352 1948 alta
2404 1876 2517 1947 vel
2570 1874 2886 1965 humilis,
2956 1875 3412 1949 ecclesiastica
3473 1880 3587 1950 vel

772 1998 1168 2090 mundana,
1240 1999 1501 2075 dictum
1568 2000 1887 2073 comitem
1944 2000 2057 2071 vel
2118 1998 2409 2072 heredes
2472 2020 2635 2072 suos
2683 2006 2919 2071 contra
2971 1998 3180 2091 hujus
3244 2000 3585 2094 privilegii

773 2121 987 2193 nostri
1033 2130 1337 2193 tenorem
1377 2143 1555 2193 ausu
1587 2121 1949 2194 temerario
1978 2143 2184 2215 super
2223 2120 2549 2216 predictis
2589 2120 2914 2215 impetere
2946 2122 3059 2193 vel
3101 2143 3390 2215 gravare
3427 2119 3582 2215 pre·

772 2252 1025 2315 sumat.
1061 2243 1266 2329 Quod
1296 2245 1417 2338 qui
1445 2244 1935 2340 presumpserit
1978 2254 2248 2317 centum
2277 2244 2603 2315 librarum
2634 2243 2783 2315 auri
2813 2244 2966 2338 puri
3003 2263 3181 2339 pena
3218 2245 3580 2340 plectatur,

772 2365 1141 2439 medietate
1194 2388 1464 2440 camere
1518 2354 1749 2441 nostre
1796 2378 1866 2441 et
1917 2369 2181 2462 reliqua
2238 2366 2604 2439 medietate
2662 2365 2882 2462 passis
2943 2367 3265 2459 injuriam
3332 2370 3585 2462 persol-

773 2490 1031 2563 venda.
1072 2489 1183 2564 Ad
1227 2492 1437 2585 hujus
1479 2502 1710 2564 autem
1758 2492 2146 2565 donationis
2193 2501 2263 2565 et
2305 2491 2764 2565 concessionis
2815 2500 3042 2564 nostre
3076 2491 3474 2564 memoriam
3519 2501 3589 2564 et

772 2614 984 2686 robur
1038 2625 1373 2710 perpetuo
1429 2617 1846 2708 valiturum,
1879 2637 2160 2712 presens
2199 2615 2644 2711 privilegium
2700 2612 2867 2687 inde
2916 2612 3063 2687 fieri
3103 2624 3173 2687 et
3215 2614 3590 2708 majestatis

772 2745 1002 2810 nostre
1043 2738 1268 2831 sigillo
1304 2739 1640 2832 jussimus
1672 2739 2107 2812 communiri.

867 2860 1089 2954 Hujus
1147 2861 1247 2935 rei
1310 2871 1514 2937 testes
1565 2873 1728 2935 sunt
1777 2889 1796 2934 ε
1848 2861 2283 2937 Treverensis
2326 2860 2918 2959 archiepiscopus,
2975 2862 3339 2959 episcopus
3379 2864 3589 2938 Viva—

768 2984 1042 3076 riensis,
1082 2984 1236 3058 dux
1268 2986 1611 3079 Bawarie,
1647 2987 1987 3081 palatinus
2025 3008 2255 3061 comes
2284 2986 2485 3077 Reni,
2525 2984 2679 3058 dux
2713 2986 3184 3082 Lothoringie‚
3228 2986 3382 3060 dux
3423 2989 3587 3062 Bra-

767 3105 1027 3201 bantie,
1071 3106 1224 3181 dux
1262 3110 1351 3183 de
1389 3110 1741 3204 Limburg,
1779 3110 2084 3182 marchio
2119 3110 2209 3183 de
2240 3109 2509 3195 Baden,
2553 3109 2971 3203 burgravius
3015 3108 3106 3183 de
3135 3112 3582 3203 Nuremberc,

766 3228 855 3302 A.
896 3230 985 3303 de
1014 3217 1318 3304 Pictavia
1356 3253 1584 3305 comes
1619 3233 2051 3325 Valentinus,
2087 3234 2169 3303 D.
2212 3231 2302 3304 de
2334 3231 2777 3325 BerchagiuS,
2814 3233 2891 3303 Β.
2933 3230 3024 3303 de
3060 3231 3333 3323 Aicara,
3371 3233 3454 3304 V.
3496 3232 3586 3306 de

766 3353 1087 3446 Banasta,
1121 3355 1234 3426 W.
1279 3354 1369 3427 de
1404 3357 1616 3428 Navis
1651 3353 1781 3452 (2),
1817 3367 1888 3429 et
1921 3356 2037 3428 alii
2071 3356 2537 3451 quamplures».

861 3473 1032 3548 Acta
1068 3485 1230 3548 sunt
1255 3477 1383 3549 hec
1414 3499 1596 3551 anno
1640 3479 1730 3551 ab
1764 3479 2230 3551 incarnatione
2258 3477 2536 3550 Domini
2568 3477 2929 3549 millesimo
2964 3476 3435 3550 ducentesimo
3462 3477 3585 3550 tri-

768 3598 1023 3670 caeimo
1081 3599 1363 3693 quinto,
1400 3622 1634 3673 mense
1689 3600 2073 3691 decembri,
2133 3621 2316 3673 none
2374 3600 2808 3690 indictionis,
2864 3603 3244 3696 imperante
3300 3600 3582 3676 domino

767 3718 1113 3793 Friderico
1158 3719 1503 3813 secundo,
1550 3720 1674 3793 Dei
1718 3722 1940 3816 gratia
1976 3722 2438 3794 Romanorum
2494 3721 2900 3814 imperatore
2933 3742 3204 3816 semper
3255 3731 3577 3816 auguste,

764 3843 1140 3916 Jerusalem
1186 3852 1254 3917 et
1285 3843 1514 3917 Sicilie
1549 3866 1745 3939 rege,
1785 3844 2054 3940 imperii
2092 3843 2242 3935 ejus
2267 3823 2468 3914 'anno
2500 3843 2790 3938 septimo
2823 3841 3122 3934 decimo,
3159 3844 3352 3938 regni
3386 3845 3582 3917 Jeru-

764 3967 980 4041 salem
1020 3967 1414 4057 undecim0‚
1457 3968 1651 4063 regni
1682 3989 1849 4040 vero
1874 3967 2101 4040 Sicilie
2136 3966 2474 4039 tricesimo
2506 3965 2824 4062 septimo,
2863 3965 3169 4039 feliciter.
3201 3966 3448 4041 Amen.

859 4094 1109 4165 Datum
1147 4090 1336 4189 apud
1381 4093 1770 4186 Hagenum,
1807 4113 2016 4183 ann0,
2056 4113 2290 4165 mense
2320 4099 2390 4163 et
2419 4088 2794 4164 indictione
2826 4090 3240 4186 prescriptis·

770 4258 845 4270 '’-

837 4371 906 4444 (l)
944 4372 1158 4430 Scilicet
1196 4372 1391 4442 L’Islo,
1425 4375 1785 4448 Carpentras,
1814 4374 2174 4447 Eutraiyues,
2212 4372 2562 4442 Caderousse,
2595 4374 2696 4430 Les
2723 4373 3003 4429 Memmios
3038 4370 3145 4442 (7),
3185 4370 3492 4428 Pierrelatte
3519 4376 3575 4428 et

762 4467 1129 4526 Eutreohauoe.

837 4564 912 4635 (2)
948 4564 1098 4632 Quae
1125 4564 1243 4622 loca
1262 4565 1351 4623 his
1380 4571 1612 4638 quatuor
1631 4569 1833 4626 ultimis
1865 4568 2170 4628 nominibus
2198 4568 2543 4638 conveniant,
2567 4584 2677 4625 non
2712 4567 2851 4624 bene
2874 4566 3089 4624 scimus.
3118 4567 3361 4623 Banasta
3394 4571 3576 4624 tamen

762 4657 982 4716 forsitan
1006 4660 1147 4717 idem
1173 4667 1257 4718 est
1278 4678 1346 4719 ac
1368 4664 1641 4721 Banassac
1665 4667 1920 4739 (Lozere).
1950 4664 2161 4723 Adsunt
2183 4679 2397 4739 quoque
2421 4665 2480 4721 in
2504 4663 2779 4722 occitania
2802 4663 2954 4721 varia
2979 4661 3098 4720 loca
3121 4676 3261 4735 quae
3283 4661 3466 4720 Naves
3487 4661 3577 4719 vel

760 4757 946 4815 Nave-³
969 4762 1245 4814 vocantur.

920 4854 1030 4917 IV.
1070 4871 1185 4917 rm
1204 4872 1250 4916 2.
3149 4867 3252 4920 101
