4842 5802
1182 623 1303 685 598
2106 688 2109 693 ,
2217 624 2560 687 numum
2611 625 2949 687 SEP'rml
3629 627 3787 709 [Anu.
3822 629 4001 692 1233.

1284 761 1533 830 Datum
1596 757 1789 854 apud
1848 758 2391 853 Gelinghausen,
2455 761 2515 833 V
2582 761 2743 834 idus
2789 760 3126 855 januarii,
3191 761 3399 835 Verbi
3437 763 3775 837 incarnati
3821 787 4004 839 anno

1185 883 1740 977 M.CC.XXX111‚
1781 883 2154 957 indictione
2179 884 2297 957 v11
2336 882 2467 982 (l).

1614 1198 2516 1210 mma—..-
2525 1200 2546 1208 ο-
2555 1200 2774 1208 m·
2781 1200 2803 1208 «n
2811 1200 2827 1208 ο
2834 1198 3576 1211 ῄ--ω-ῄᾴ

806 1497 1087 1597 0⁶35„
1096 1583 1112 1607 '
1299 1468 1668 1555 Henricus
1684 1534 1708 1579 ,
1765 1470 2284 1555 Romanorum
2346 1497 2481 1554 rex
2498 1533 2522 1578 ,
2577 1471 2919 1557 Waltero
2981 1474 3080 1557 de
3130 1473 3527 1559 Hochdorf
3569 1477 4008 1559 monasterii

820 1608 872 1651 ¹¹
890 1607 1105 1663 ’‘mm''
1196 1606 1470 1693 Montis
1508 1604 1979 1715 Angelorum
2021 1605 2227 1687 bona
2259 1604 2340 1686 in
2376 1605 2687 1715 Aargau
2724 1606 2868 1688 sita
2889 1669 2913 1711 ‚
2955 1609 3328 1717 quamdiu
3365 1608 3622 1692 abbati
3666 1609 3732 1720 ej
3741 1611 4007 1694 usdem

1191 1740 1546 1825 ecclesiae
1580 1738 1977 1849 placuerit,
2014 1739 2298 1823 tuenda
2322 1741 2833 1823 commendat.
3117 1734 3124 1739 ’

1280 1967 1474 2047 (Edit.
1522 1984 1620 2044 ap.
1682 1964 1925 2027 Vernoek
1967 1966 2125 2026 einer
2163 1962 2536 2050 Darstellunq
2574 1965 2672 2029 des
2700 1965 3066 2049 reichsfiaeien
3101 1967 3304 2050 Sensus
3349 1967 3703 2052 Enqelberq,
3752 1990 3814 2050 p.
3863 1981 4009 2045 11⁴,

1434 2082 1501 2135 η·
1529 2083 1590 2149 6,
1620 2090 1695 2134 ex
1721 2072 2042 2154 orlglnali.)

1300 2275 1418 2364 Η.,
1475 2274 1598 2346 Dei
1637 2273 1856 2367 gratia
1909 2254 2364 2346 Romanorum
2405 2260 2534 2347 ren
2566 2282 2636 2346 et
2668 2295 2942 2369 semper
2975 2282 3339 2367 augustae,
3380 2274 3629 2348 dilecto
3659 2274 3847 2350 fideli
3886 2298 4014 2350 suo

1200 2400 1316 2471 W.
1362 2395 1468 2496 (2)
1496 2396 1587 2470 de
1621 2397 1939 2472 Hohdorf
1960 2398 2249 2491 gratiam
2290 2419 2490 2471 suam
2539 2406 2608 2470 et
2640 2419 2846 2471 omne
2882 2398 3167 2470 bonum.
3208 2399 3398 2472 Licet
3427 2421 3522 2473 ex
3557 2399 3792 2473 debito
3828 2402 4017 2495 regie

1204 2524 1576 2616 majestatis
1602 2531 1822 2595 status
1852 2522 2161 2594 omnium
2195 2521 2640 2593 ecclesiarum
2673 2530 3029 2594 teneamur
3073 2518 3218 2595 Deo
3255 2531 3532 2595 auctore
3578 2525 3651 2596 in
3691 2544 4018 2619 prospero

1202 2668 1636 2732 conservare,
1677 2646 1831 2717 illas
1859 2646 2187 2717 tamenin
2208 2645 2468 2738 quibus
2488 2645 2730 2739 religio
2763 2652 3002 2717 sancta
3029 2665 3187 2715 cum
3218 2645 3607 2718 sinceritate
3630 2645 4020 2720 devotionis

1203 2769 1622 2842 laudabilius
1653 2776 2071 2862 perseverat,
2108 2766 2535 2840 celsitudinis
2567 2776 2799 2841 nostre
2829 2767 3249 2862 protectione
3273 2767 3640 2863 specialius
3654 2771 4023 2842 confovere

1203 2907 1273 2967 et
1305 2894 1630 2965 volumus
1663 2899 1734 2964 et
1775 2888 2137 2964 debemus.
2190 2890 2359 2963 Cum
2402 2890 2617 2986 igitur
2651 2890 3144 2964 monasterium
3192 2891 3442 2964 Montis
3480 2890 3906 2985 Angelorum
3947 2893 4020 2965 in

1205 3038 1349 3114 quo
1379 3016 1743 3110 utriusque
1768 3037 1979 3087 sexus
2013 3015 2290 3089 devotio
2325 3015 2618 3108 gloriose
2650 3015 2916 3108 Virgini
2946 3014 3145 3087 matri
3169 3014 3495 3087 Crucifixi
3512 3015 3769 3109 jugiter
3802 3018 4021 3089 famu-

1209 3142 1428 3229 latur,
1484 3139 1847 3213 fundatum
1888 3140 2194 3235 plenaria
2220 3139 2534 3212 libertate
2583 3139 2655 3210 in
2711 3139 2912 3211 bonis
2959 3138 3108 3210 suis
3151 3139 3419 3209 nullum
3468 3138 3722 3211 habere
3774 3139 4027 3213 debeat

1208 3264 1649 3355 advocatum,
1682 3261 1915 3361 sic[ut]
1950 3264 2019 3334 in
2042 3263 2289 3336 nostris
2316 3271 2384 3335 et
2407 3262 2921 3358 progenitorum
2954 3272 3342 3334 nostrorum
3374 3262 3613 3334 litteris
3631 3262 3900 3356 plenius
3921 3272 4026 3337 est

1211 3409 1643 3483 expressum,
1673 3388 1805 3458 nisi
1840 3407 2048 3481 quem
2084 3407 2125 3457 a
2159 3384 2570 3458 celsitudine
2599 3385 2935 3480 imperiali
2967 3385 3100 3457 sibi
3140 3385 3461 3480 petierint
3493 3385 3922 3459 defensorem
3959 3395 4028 3459 et

1211 3510 1546 3607 quamdiu
1581 3512 1765 3584 idem
1802 3511 2087 3606 expedit
2117 3509 2248 3605 ipsi
2274 3509 2456 3600 loco,
2499 3508 2911 3582 mandamus
2935 3509 3062 3581 tibi
3087 3509 3218 3582 sub
3240 3509 3527 3582 obtentu
3559 3511 3778 3604 gratie
3802 3520 4030 3584 nostre

1210 3634 1490 3709 firmiter
1525 3636 1964 3729 injungentes
1993 3642 2336 3729 quatenus
2370 3633 2554 3706 bona
2589 3633 2874 3705 ecclesie
2907 3641 3280 3707 memorate
3328 3633 3400 3704 in
3441 3632 3747 3728 Argogia
3800 3656 3891 3707 ne
3938 3634 4027 3707 ab

1214 3760 1450 3854 aliquo
1480 3760 1864 3832 lacerentur
1898 3780 2020 3831 seu
2057 3756 2365 3830 indebite
2402 3755 2905 3848 distrahantur,
2954 3757 3293 3851 quamdiu
3330 3755 3581 3831 dilecto
3626 3756 3811 3830 fideli
3855 3779 4030 3830 nos-

1215 3894 1346 3956 tro.
1411 3937 1427 3955 .
1489 3934 1509 3953 .
1565 3883 1670 3982 (3)
1704 3884 1937 3956 abbati
2006 3882 2398 3957 monasterii
2473 3881 2854 3977 supradicti
2926 3880 3264 3976 placuerit
3327 3889 3397 3954 et
3476 3882 3735 3953 utilitas
3810 3880 4032 3975 ipsius

1214 4008 1500 4080 ecclesie
1535 4007 1609 4079 id
1661 4017 2025 4103 exposcat,
2078 4006 2479 4079 auctoritate
2522 4013 2754 4079 nostra
2801 4014 3250 4078 manuteneas
3307 4014 3377 4077 et
3421 4004 3786 4094 defendas3
3835 4025 4029 4074 man-

1216 4131 1454 4205 datum
1490 4139 1801 4202 nostrum
1841 4128 2021 4203 adeo
2051 4128 2417 4200 efficaciter
2448 4148 2807 4222 exequens
2848 4133 2916 4199 et
2953 4126 3205 4202 devote
3256 4136 3338 4198 ut
3383 4148 3508 4221 per
3542 4126 3675 4199 hoc
3722 4133 4031 4198 nostrum

1290 4443 1355 4515 (4)
1394 4440 1618 4498 Indictio
1653 4439 1859 4496 unitate
1894 4437 2160 4506 abundat,
2190 4451 2356 4510 quum
2381 4435 2486 4494 hoc
2510 4436 2890 4514 documentum
2909 4437 3062 4510 [anno
3093 4435 3272 4512 potius
3301 4437 3437 4494 ⁴233
3459 4449 3637 4526 Aquam
3675 4434 3815 4492 ⁴23⁴
3838 4431 4034 4490 adscri-

1212 4538 1448 4596 bendum
1473 4537 1560 4595 sit.

1294 4636 1367 4710 (2)
1400 4635 1703 4709 cognomen
1729 4632 1870 4691 istud
1905 4631 2170 4688 Walter-m
2197 4630 2395 4688 indicat
2415 4637 2619 4703 auctor,
2649 4630 2812 4701 ibid„
2839 4645 2897 4706 p.
2925 4634 3014 4705 67,
3044 4638 3158 4690 not.
3186 4635 3237 4690 3.

1295 4733 1368 4805 (3)
1407 4732 1617 4790 Scilicet
1644 4738 1771 4788 tunc
1795 4730 2051 4803 temporis
2078 4730 2343 4787 Hem-icus
2364 4729 2578 4786 nomine
2604 4729 2892 4787 secundus.
