4842 5802
1154 582 1275 646 846
2148 581 2577 645 FRIDERICI
2626 584 2978 647 sncumm
3598 585 3758 664 [Anu.
3793 582 3970 649 1236.

1151 739 1282 792 nos
1322 718 1530 811 juxta
1568 715 1734 789 dicti
1780 717 2170 812 transcripti
2227 728 2531 793 tenorem
2585 721 2686 794 eis
2722 721 2952 817 ipsum
3007 720 3450 817 privilegium
3497 722 3832 795 innovare
3884 722 3976 797 de

1150 850 1385 916 nostra
1415 840 1636 936 gratia
1670 840 2151 934 dignaremur3
2190 842 2392 934 quus
2421 852 2619 916 tenor
2647 852 2755 918 est
2786 862 2912 940 p'er
2945 844 3180 917 omnia
3212 844 3367 917 talis
3400 870 3418 914 ε

1252 963 1607 1063 [Sequitur
1657 964 1749 1038 de
1785 965 1998 1036 verbo
2046 964 2139 1037 ad
2194 967 2485 1039 verbum
2545 968 2987 1062 privilegium
3035 988 3161 1063 pro
3209 967 3811 1041 Tremoniensibus
3854 968 3976 1039 in-

1154 1089 1454 1181 dultum,
1496 1087 1643 1161 dat.
1684 1110 1802 1183 ap.
1842 1087 2338 1179 Frankenvort‚
2374 1112 2560 1165 anno
2593 1092 2812 1182 ⁴220,
2844 1090 3161 1165 kalendis
3187 1091 3374 1181 maii,
3413 1091 3655 1165 indict.
3696 1098 3970 1180 octava,

1154 1213 1346 1309 quod
1381 1235 1620 1308 supra,
1660 1222 1709 1284 t.
1750 1213 1806 1302 Ι,
1839 1236 1911 1308 p.
1951 1208 2149 1307 777]

1245 1339 1389 1411 Nos
1423 1338 1635 1433 igitur
1658 1346 1989 1432 tanquam
2020 1337 2112 1412 de
2139 1339 2427 1413 veritate
2445 1361 2728 1434 precum
2753 1340 3021 1432 incerti,
3058 1361 3214 1413 cum
3247 1348 3317 1412 et
3336 1339 3395 1414 si
3422 1338 3591 1413 dicti
3605 1339 3795 1411 cives
3819 1339 3972 1436 pri-

1154 1462 1486 1557 vilegium
1526 1459 1712 1534 idem
1758 1463 1968 1554 juxta
2008 1463 2296 1535 sormam
2331 1463 2631 1537 oblatam
2682 1464 3066 1560 transcripti
3116 1485 3160 1537 a
3211 1471 3442 1537 nostra
3494 1463 3789 1535 fuissent
3841 1484 3970 1537 ex·

1155 1586 1472 1660 cellentia
1533 1585 1883 1659 consecuti
1944 1594 2016 1658 et
2079 1584 2271 1680 quod
2324 1587 2761 1661 combustum
2825 1586 3034 1661 fuerit
3085 1596 3317 1660 nostre
3375 1586 3766 1660 celsitudini
3830 1605 3967 1660 non

1152 1718 1531 1799 constaret,
1601 1708 1853 1783 dilecto
1920 1709 2216 1806 principi
2278 1720 2510 1785 nostro
2564 1710 2943 1785 venerabili
3002 1710 3389 1785 Trevirensi
3457 1709 3971 1806 archiepiscopo

1157 1834 1628 1908 commisimus
1659 1832 2138 1907 certitudinem
2159 1835 2647 1929 premissorum
2680 1835 3077 1929 diligentius
3110 1833 3622 1929 inquirendam3
3660 1834 3971 1908 cnidum

1156 1967 1226 2034 et
1261 1959 1351 2032 de
1387 1957 1750 2054 privilegio
1800 1958 2164 2053 impetrato
2212 1967 2284 2032 et
2329 1959 2804 2033 combustione
2856 1959 3073 2056 ipsius
3116 1980 3200 2032 ac
3253 1957 3543 2031 veritate
3586 1959 3970 2054 transcripti

1154 2105 1279 2179 per
1296 2084 1685 2175 juramenta
1713 2081 2229 2177 quamplurium
2256 2092 2644 2156 nostrorum
2671 2081 2982 2157 fidelium
3001 2083 3134 2157 loci
3162 2084 3408 2178 prefati
3435 2081 3577 2157 fide
3601 2083 3970 2174 dignorum

1157 2207 1361 2305 plene
1394 2206 1721 2297 constitit,
1760 2206 2101 2300 nobisque
2135 2227 2260 2302 per
2287 2228 2370 2279 ea
2398 2205 2916 2281 attendentibus
2930 2205 3137 2280 fidem
3165 2228 3410 2303 puram
3432 2215 3503 2279 et
3533 2206 3970 2281 devotionem

1154 2331 1493 2404 sinceram
1544 2351 1752 2425 quam
1818 2328 2031 2402 iidem
2092 2328 2330 2403 fideles
2388 2330 2602 2404 nostri
2652 2331 2840 2404 cives
2891 2330 3408 2404 Tremonienses
3457 2330 3550 2405 ad
3609 2351 3969 2426 personam

1159 2465 1460 2528 nostram
1484 2462 1554 2526 et
1572 2453 1840 2549 imperii
1869 2453 2199 2527 honorem
2225 2453 2508 2526 firmiter
2523 2453 2777 2527 habere
2803 2462 3209 2544 noscuntur;
3232 2455 3745 2528 considerantes
3763 2455 3968 2529 etiam

1154 2588 1349 2674 grata
1380 2577 1547 2651 satis
1587 2586 1658 2649 et
1690 2588 1971 2672 accepta
2001 2579 2281 2651 servitia
2320 2599 2464 2673 que
2507 2578 2778 2651 dudum
2818 2578 3020 2652 nobis
3066 2586 3135 2651 et
3169 2578 3456 2674 imperio
3503 2578 3973 2653 exhibuerunt

1156 2702 1450 2776 fideliter
1483 2709 1553 2774 et
1592 2700 1840 2774 devote
1879 2710 1947 2775 et
1983 2698 2319 2775 exhibent
2346 2703 2764 2775 incessanter
2799 2724 2883 2774 ac
2917 2701 2991 2773 in
3028 2710 3231 2775 antea
3267 2702 3359 2775 de
3394 2702 3576 2777 bono
3608 2703 3681 2774 in
3726 2704 3973 2777 melius

1153 2834 1481 2925 poterunt
1525 2824 1894 2917 exhibere3
1956 2826 2440 2922 transcriptum
2496 2827 2721 2921 ipsum
2751 2825 3047 2921 presenti
3089 2826 3455 2922 privilegio
3486 2826 3577 2900 de
3612 2827 3830 2900 verbo
3878 2827 3972 2901 ad

1167 2952 1462 3024 verbum
1492 2950 1827 3042 jussimus
1875 2949 2111 3041 inseri,
2159 2972 2285 3046 per
2317 2949 2452 3023 hoc
2476 2949 2858 3044 predictum
2889 2950 3329 3045 privilegium
3373 2950 3565 3046 quod
3604 2953 3976 3025 amiserant

1159 3074 1250 3148 de
1304 3074 1525 3168 gratia
1582 3081 1811 3146 nostre
1862 3072 2292 3146 celsitudinis
2348 3074 2778 3146 innovantes.
2831 3074 3210 3146 Statnimus
3258 3075 3471 3169 igitur
3521 3085 3591 3147 et
3641 3075 3971 3171 imperiali

1161 3197 1535 3272 sanctimus
1581 3196 1807 3269 edicto
1847 3198 2143 3269 utnulla
2186 3197 2468 3269 omnino
2507 3218 2795 3291 persona
2833 3198 2968 3270 alta
3014 3197 3128 3269 vel
3171 3197 3477 3288 humilis,
3515 3199 3972 3275 ecclesiastica

1162 3323 1274 3396 vel
1328 3320 1691 3409 secularis,
1723 3319 2067 3414 predictos
2091 3319 2329 3394 fideles
2375 3330 2643 3393 nostros
2690 3330 2926 3393 contra
2971 3322 3304 3416 presentis
3363 3322 3704 3418 privilegii
3757 3326 3971 3399 nostri

1156 3455 1459 3518 tenorem
1503 3465 1714 3538 super
1760 3444 2107 3539 aliquibus
2137 3466 2315 3517 ausu
2359 3444 2719 3517 temerario
2749 3446 3106 3518 molestare
3139 3440 3570 3542 [presumat].
3614 3447 3815 3533 Quod
3848 3450 3969 3543 qui

1158 3568 1688 3668 presumpserit,
1739 3576 1967 3663 preter
2002 3589 2249 3663 penam
2281 3567 2678 3663 supradicto
2724 3567 3090 3664 privilegio
3117 3570 3532 3664 appositam,
3564 3581 3842 3645 centum
3875 3573 3972 3644 li-

1157 3696 1319 3768 bras
1348 3695 1501 3768 auri
1534 3693 1691 3788 puri
1723 3701 2110 3787 componat,
2146 3692 2581 3766 medietatem
2608 3690 2775 3766 fisco
2804 3703 3063 3786 nostro,
3098 3693 3363 3788 reliqua
3390 3695 3612 3790 passis
3644 3695 3971 3789 injuriam

1159 3817 1642 3916 persolvenda.
1689 3817 1776 3889 Ut
1815 3825 2047 3889 autem
2094 3815 2224 3888 hec
2265 3815 2620 3890 innovatio
2644 3816 2858 3889 robur
2894 3815 3203 3890 obtineat
3230 3828 3561 3915 perpetue
3592 3818 3965 3912 firmitatis,

1157 3963 1440 4039 presens
1470 3940 1908 4036 privilegium
1944 3937 2092 4012 fieri
2131 3949 2201 4012 et
2230 3940 2418 4013 bulla
2450 3960 2659 4013 aurea
2692 3940 2939 4035 tipario
2970 3950 3199 4014 nostre
3228 3942 3603 4034 maiestatis
3638 3943 3970 4039 impressa

1145 4067 1481 4162 jussimus
1514 4064 1852 4160 insigniri.

1252 4192 1475 4284 Hujus
1515 4188 1613 4262 rei
1659 4197 1866 4262 testes
1898 4197 2065 4260 sunt
2101 4213 2121 4258 z
2170 4187 2506 4261 Hem-icus
2553 4187 2971 4262 Coloniensis
3015 4189 3609 4286 archiepiscopus,
3652 4189 3966 4263 Theodo-

1158 4317 1343 4390 ricus
1396 4313 1821 4389 Trevirensis
1868 4311 2445 4409 archiepiscopus,
2495 4311 2711 4386 abbas
2756 4314 3173 4401 Prumensis,
3215 4314 3433 4387 abbas
3466 4312 3961 4407 Werdinensis‚

1158 4440 1495 4514 Henricus
1558 4437 1710 4513 dux
1765 4436 2129 4511 Brabantie
2145 4492 2163 4524 ,
2220 4436 2557 4509 Hem-icus
2618 4437 3018 4531 langravius
3078 4437 3487 4533 Thuringie‚
3540 4437 3747 4510 frater
3791 4439 3969 4511 Her-

1156 4586 1452 4638 mannus
1488 4561 1589 4659 (a)
1627 4561 2036 4637 venerabilis
2079 4560 2402 4654 magister
2452 4559 2807 4658 hospitalis
2855 4563 3100 4636 Sancte
3134 4562 3351 4637 Maria
3393 4561 3967 4636 'theutonicorum

1239 4713 1320 4793 (a)
1364 4715 1437 4776 In
1461 4716 1742 4792 impresso
1767 4711 2071 4792 emm,
2097 4712 2272 4776 male.
