4842 5802
1183 638 1305 700 662
2221 642 2568 704 nammm
2621 643 2956 705 sarum
3633 648 3797 726 [Anu.
3836 650 4009 715 1234.

1196 781 1462 853 tannim
1490 793 1699 867 super
1723 771 1857 844 hoc
1903 772 2162 853 faciens
2192 775 2384 868 quod
2427 776 2737 849 studium
2779 787 2977 853 tuum
3023 776 3319 872 proinde
3363 780 3606 853 merito
3651 803 4015 857 commen-

1185 896 1458 969 demus.
1493 897 1629 968 Vos
1663 897 1882 970 eciam
1912 897 2100 970 cives
2132 899 2257 992 qui
2286 900 2473 972 scitis
2504 898 2774 995 aliquos
2800 902 2875 972 in
2900 902 3168 975 occulto
3190 901 3374 975 bona
3398 902 3644 977 eadem
3671 905 4006 1001 detinere,

1190 1040 1279 1092 ne
1326 1020 1526 1112 culpe
1574 1020 1722 1093 sitis
1775 1021 2138 1116 participes
2169 1023 2606 1108 eorumdem,
2669 1025 2956 1099 sculteto
3008 1026 3493 1119 manifestetis,
3560 1030 3903 1103 auxilium
3940 1040 4014 1105 et

1189 1142 1548 1215 consilium
1596 1143 1940 1236 prestituri
1987 1143 2210 1216 eidem
2270 1156 2347 1217 ut
2387 1156 2878 1242 recuperentur
2913 1149 3220 1243 plenarie
3264 1149 3447 1222 bona
3487 1150 3670 1246 ipsa,
3728 1154 3909 1227 sicut
3938 1165 4011 1228 et

1184 1266 1491 1340 divinam
1521 1274 1590 1338 et
1619 1274 1917 1339 nostram
1946 1268 2248 1361 graciam
2284 1270 2810 1363 promereamini
2839 1291 2933 1346 ex
2958 1271 3094 1345 hoc
3128 1272 3307 1367 ipso.

1283 1392 1530 1463 Datum
1555 1389 1744 1485 apud
1767 1390 2172 1485 Aldeuburg
2199 1390 2333 1487 (l),
2376 1394 2435 1465 11
2464 1392 2797 1468 kalendas
2820 1395 3017 1487 ,iulii‚
3060 1395 3438 1470 indictione
3472 1399 3790 1494 septima.

2859 1726 3048 1736 m

824 2032 1061 2142 ‚gffffigd
1286 2014 1693 2121 HenricuS,
1732 2014 2252 2097 Romanorum
2306 2041 2478 2123 rex,
2528 2027 2799 2099 notum
2836 2017 3016 2099 facit
3062 2020 3309 2127 quod,
3350 2046 3527 2103 cum
3560 2032 3775 2131 pater
3813 2051 3998 2109 suus

1177 2152 1588 2259 imperator
1630 2148 2005 2231 civitatem
2041 2147 2470 2233 Northusen
2526 2150 2846 2257 imperio
2879 2152 3199 2234 duxerit
3250 2153 3754 2265 retinendam,
3796 2180 3995 2265 pro-

1176 2284 1412 2365 misso
1474 2280 1830 2364 ecclesiae
1892 2280 2388 2366 Northusensi
2443 2283 2896 2391 competenti
2930 2293 3336 2393 restauro,
3362 2286 3524 2396 ipse
3567 2289 3648 2367 in
3699 2299 3996 2397 partem

1174 2416 1497 2500 restauri
1534 2415 1848 2497 tradidit
1875 2422 1950 2497 et
1991 2415 2301 2500 donavit
2342 2417 2487 2525 ipsi
2524 2416 2883 2499 ecclesiae
2909 2416 3038 2525 jus
3073 2428 3520 2527 patronatus
3556 2423 3997 2531 parrochiae

1174 2550 1427 2632 Sancti
1462 2546 1723 2631 Blasii.

1336 2775 1606 2854 (Edider.
1647 2774 1958 2833 Aramum
1978 2816 1996 2848 ,
2033 2769 2263 2853 Sylloqe
2303 2772 2558 2835 anecdot.
2584 2816 2602 2848 ,
2642 2790 2703 2851 p.
2748 2782 2900 2848 299,
2943 2779 3003 2833 et
3024 2773 3438 2835 Fciam-numu
3458 2818 3477 2850 ,
3524 2776 3844 2839 ambiente
3883 2797 3995 2840 von

1411 2877 1732 2942 Nor-dham.
1758 2922 1774 2952 ‚
1810 2888 1869 2940 2·
1895 2895 2055 2959 pars,
2083 2897 2143 2957 p.
2178 2889 2327 2956 6-73
2357 2880 2534 2943 ambo
2558 2885 2758 2941 tamen
2783 2881 2979 2942 minus
3004 2879 3277 2961 integre.)

1274 3080 1344 3148 ln
1378 3077 1658 3147 nomine
1698 3083 1932 3147 sancte
1963 3084 2031 3147 et
2062 3074 2426 3148 individue
2453 3076 2826 3147 Trinitatis,
2866 3076 3235 3166 HenricuS,
3271 3074 3513 3147 divina
3543 3075 3821 3147 favente
3856 3079 3990 3151 cle·

1174 3200 1427 3274 mentia
1460 3201 1919 3271 Romanorum
1945 3221 2070 3272 rex
2094 3208 2163 3271 et
2185 3219 2457 3294 semper
2483 3209 2843 3292 augustus
2875 3199 3062 3270 Licet
3097 3199 3313 3270 simus
3337 3199 3659 3270 omnibus
3686 3201 3990 3275 ecclesiis

1176 3328 1247 3397 in
1274 3324 1563 3396 Domino
1598 3322 1943 3394 debitores
1994 3332 2067 3394 ut
2121 3344 2357 3394 eorum
2407 3323 2827 3418 profectibus
2871 3322 3217 3395 desideria
3270 3331 3499 3394 nostra
3533 3336 3981 3416 concurrant,

1175 3472 1290 3522 eas
1321 3458 1545 3520 tamen
1574 3467 1712 3540 que
1737 3445 2139 3519 immediate
2171 3447 2373 3518 nobis
2404 3457 2474 3519 et
2501 3447 2789 3546 imperio
2820 3448 3164 3542 pertinere
3191 3456 3606 3540 noscuntur,
3658 3452 3988 3544 prosequi

1168 3574 1491 3645 volumus
1518 3570 1736 3663 gratia
1772 3571 2079 3665 speciali.
2108 3569 2220 3642 Ad
2258 3570 2565 3642 notitiam
2602 3569 2813 3662 igitur
2839 3571 3267 3663 singulorum
3298 3573 3631 3665 presentis
3665 3575 3992 3670 temporis

1172 3707 1238 3770 et
1270 3696 1481 3768 futuri
1514 3696 1834 3768 volumus
1859 3695 2220 3790 pervenire
2250 3695 2439 3788 quod
2478 3717 2637 3767 cum
2675 3695 3150 3767 serenissimus
3186 3704 3381 3790 pater
3413 3706 3643 3770 noster
3667 3697 3990 3770 dominus

1164 3823 1533 3916 imperator
1571 3818 1734 3889 olim
1777 3819 1848 3888 in
1882 3819 2447 3890 transmutatione
2500 3827 2568 3890 et
2607 3819 3087 3892 reformatione
3127 3820 3610 3893 Northusensis
3658 3822 3980 3911 ecclesie,

1167 3943 1509 4015 civitatem
1542 3942 1928 4015 Northusen
1962 3964 2100 4037 que
2134 3964 2293 4014 cum
2324 3941 2646 4014 omnibus
2679 3941 2954 4031 juribus
2993 3942 3137 4013 suis
3187 3952 3257 4014 et
3295 3943 3719 4036 pertinentiis
3756 3941 3984 4014 eidem

1240 4282 1305 4355 (t)
1341 4280 1495 4351 Quod
1524 4279 1627 4336 hoc
1658 4284 1897 4350 tempore
1922 4275 2124 4332 curiam
2147 4274 2291 4347 apud
2316 4273 2617 4346 Altenburg
2631 4288 2727 4329 rex
2754 4272 3023 4343 habuerit,
3056 4277 3284 4329 testatur
3301 4270 3557 4330 chronic.
3592 4268 3860 4343 Erphord.
3888 4285 3975 4342 ap.

1163 4382 1456 4448 Βοεῑιιικιι,
1485 4377 1695 4448 Fontes,
1730 4382 1770 4432 t.
1810 4375 1874 4445 11,
1913 4390 1970 4446 p.
2004 4376 2127 4428 393.
2152 4392 2178 4425 α
2206 4371 2351 4439 Quos
2387 4371 2552 4428 etiam
2576 4370 2796 4443 (scilicet
2818 4368 3235 4444 Erphordenses)
3264 4384 3358 4424 rex
3386 4367 3628 4441 proxima
3655 4366 3804 4423 curia
3836 4366 3980 4423 circa

1163 4478 1356 4534 festum
1392 4474 1621 4534 Udalrici
1651 4473 1703 4546 (4
1726 4471 1862 4547 julii)
1887 4472 1942 4526 in
1968 4469 2274 4527 Aldenburc
2298 4469 2514 4539 habita,
2541 4482 2637 4524 suo
2665 4467 2847 4525 banno
2871 4482 2938 4523 ac
2972 4466 3148 4538 regiae
3184 4465 3556 4540 proscriptioni
3596 4463 3981 4523 sententialiter

1163 4572 1461 4642 innodavit,
1484 4592 1515 4625 υ
1550 4576 1769 4646 propter
1806 4568 2127 4626 discordiam
2152 4567 2292 4624 inter
2331 4566 2479 4622 cives
2496 4564 2630 4621 istos
2667 4562 3639 4638 eran-ehiepiscopumuoguntinum,
3671 4577 3856 4619 eorum
3876 4562 3979 4620 do-

1162 4671 1393 4741 minum,
1433 4675 1694 4727 exortam.
1724 4667 1831 4738 Qui
1856 4667 2070 4740 quidem
2100 4680 2133 4721 a
2152 4665 2241 4721 die
2265 4666 2333 4721 ⁴2
2364 4661 2550 4736 aprilis
2570 4677 2742 4735 usque
2771 4661 2841 4718 ad
2867 4665 2935 4718 30
2963 4662 3083 4735 julii
3115 4661 3313 4719 divinis
3325 4666 3651 4730 caruerunt3
3682 4661 3777 4718 sed
3818 4661 3977 4718 satis—

1166 4768 1393 4824 factione
1426 4768 1640 4824 taudem
1676 4763 2075 4838 archiepiscopo
2101 4762 2374 4835 praestita,
2396 4760 2576 4818 divina
2604 4759 2802 4817 ibidem
2825 4766 3099 4835 resumpta
3117 4761 3286 4818 sunt:
3331 4793 3338 4800 ·
3381 4761 3384 4768 '
