4842 5802
1150 649 1273 711 884
2148 654 2578 716 munemel
2629 653 2973 715 sEcuNm
3601 651 3760 729 [Anu.
3798 651 3970 714 1236.

1153 781 1320 890 ipso
1375 782 1838 890 supplicasse
1863 845 1886 890 ,
1945 795 2020 864 et
2071 784 2167 866 de
2232 786 2606 870 solutione
2659 784 3094 894 quindecim
3150 782 3484 865 millium
3538 806 3971 865 marcarum

1152 914 1232 995 in
1268 914 1551 1025 quibus
1587 915 2022 1024 imperatori
2059 927 2357 1000 tenetur
2392 918 2738 1001 inducias
2776 917 2920 1000 sibi
2956 915 3265 998 concedi
3302 915 3514 1023 petit.

1314 1157 1501 1232 (Edit.
1533 1174 1630 1234 ap.
1663 1158 1916 1236 Rvm,
1944 1156 2200 1218 Foedera
2225 1166 2282 1219 et
2304 1166 2592 1234 convent„
2622 1164 2670 1220 t.
2700 1160 2750 1235 1,
2780 1175 2843 1235 p.
2878 1157 3044 1237 228.)

1243 1369 1691 1441 Serenissimo
1726 1370 2019 1463 principi
2053 1371 2240 1442 fratri
2278 1371 2636 1443 karissimo
2684 1369 3079 1459 FredericO,
3122 1371 3244 1441 Dei
3285 1368 3504 1463 gratia
3542 1367 3784 1440 illustri
3819 1368 3962 1439 Ro·

1145 1511 1505 1599 manorum
1525 1493 1949 1586 imperatori,
1966 1501 2133 1582 etc„
2153 1493 2514 1583 Henricus,
2537 1492 2779 1565 eadem
2801 1494 3043 1585 gratia,
3076 1502 3240 1581 etc„
3265 1493 3553 1564 salutem
3578 1502 3646 1564 et
3668 1491 3959 1564 deside-

1142 1625 1286 1687 rata
1319 1615 1625 1708 gaudere
1651 1616 1964 1687 victoria.
2006 1616 2288 1687 Litteras
2315 1616 2689 1711 imperialis
2720 1617 3124 1688 excellentie
3158 1617 3358 1688 nobis
3394 1637 3516 1710 per
3544 1614 3956 1688 advocatum

1145 1738 1235 1812 de
1280 1738 1717 1833 Aquisgrano
1773 1739 2202 1811 transmissas
2251 1761 2408 1810 cum
2452 1762 2589 1833 qua
2637 1738 2871 1812 decuit
2918 1740 3305 1813 reverentia
3354 1741 3489 1811 lete
3533 1738 3950 1832 recepimus;

1140 1863 1266 1936 sed
1310 1862 1652 1935 intellecta
1701 1885 1822 1956 per
1864 1864 2141 1936 easdem
2189 1864 2703 1959 attemptatioue
2746 1863 3285 1936 Lombardorum
3329 1863 3681 1958 inopinata
3717 1871 3956 1935 contra

1135 1987 1559 2078 majestatem
1622 1986 2055 2059 celsitudinis
2117 1997 2348 2059 vestre
2407 1988 2500 2060 ita
2568 1989 3024 2060 irreverenter
3081 1987 3465 2060 machinata
3492 2040 3511 2076 ,
3563 2007 3717 2059 eam
3774 2008 3955 2080 equo

1135 2110 1366 2182 animo
1420 2110 1595 2181 ferre
1632 2130 1767 2180 non
1824 2110 2223 2181 valuimus:
2265 2109 2359 2183 ad
2411 2133 2621 2205 quam
2678 2110 3171 2184 vindicandam
3224 2112 3282 2182 si
3334 2112 3804 2184 sufficeremus
3857 2111 3955 2182 li-

1133 2234 1374 2307 benter
1400 2254 1525 2306 nos
1550 2233 2094 2326 accingeremus‚
2132 2243 2359 2306 vestra
2392 2234 2796 2324 gravamina
2825 2257 2960 2307 non
2991 2243 3412 2329 reputantes,
3453 2235 3631 2304 sicut
3666 2254 3794 2305 nec
3830 2233 3952 2306 de-

1132 2358 1411 2446 bemus,
1448 2379 1489 2428 a
1528 2357 1777 2428 nostris
1808 2358 2055 2429 aliena.
2098 2356 2406 2429 Paratam
2444 2357 2727 2451 quidem
2762 2358 3094 2431 habentes
3137 2360 3559 2430 voluntatem
3589 2358 3660 2428 in
3697 2358 3953 2452 quibus

1129 2502 1498 2575 possumus
1530 2482 1776 2552 vestris
1812 2481 2157 2554 mandatis
2186 2481 2695 2577 obtemperare,
2743 2483 3029 2555 dilectos
3059 2492 3128 2555 et
3166 2483 3402 2554 fideles
3445 2492 3710 2554 nostros
3738 2484 3818 2553 Β.
3862 2483 3950 2556 de

1131 2605 1268 2677 Ver
1300 2604 1399 2700 (⁴)
1440 2605 1843 2678 familiarem
1899 2606 2182 2677 militem
2235 2617 2543 2678 nostrum
2600 2617 2670 2678 et
2719 2607 3268 2679 Bartholomeum
3319 2605 3493 2679 Pech
3541 2607 3945 2679 hostiarium

1131 2750 1401 2802 camere
1437 2740 1664 2800 nostre
1709 2749 1833 2824 pro
1873 2740 2067 2823 parte
2112 2740 2336 2801 nostra
2386 2729 2478 2803 ad
2514 2729 2871 2802 dominum
2917 2752 3167 2824 papam
3213 2731 3546 2803 duximus
3599 2732 3944 2802 transmit·

1135 2853 1403 2946 tendOS,
1442 2853 1910 2948 supplicantes
1944 2875 2067 2949 per
2097 2855 2354 2927 litteras
2388 2863 2655 2928 nostras
2682 2877 2807 2950 pro
2841 2856 3038 2929 vobis
3075 2855 3327 2946 eidem,
3361 2855 3487 2929 sed
3523 2864 3593 2929 et
3620 2856 3948 2931 cardina-

1134 2977 1316 3048 libus
1361 2976 1601 3048 amicis
1639 2978 1887 3048 nostris
1939 2979 2027 3050 de
2058 2981 2249 3051 curia
2285 2980 2740 3073 specialibus,
2786 2980 2942 3053 licet
2983 2981 3144 3053 inde
3191 2981 3593 3052 mandatum
3639 2990 3943 3052 vestrum

1133 3121 1273 3171 non
1312 3100 1842 3194 susciperemus,
1878 3124 2174 3195 quarum
2213 3104 2616 3196 transcripta
2645 3104 3016 3177 litterarum
3055 3106 3156 3200 (2)
3193 3106 3434 3198 prefati
3474 3104 3694 3175 nuntii
3734 3104 3944 3176 nostri

1134 3224 1336 3295 vobis
1399 3224 1852 3296 exhibebunt.
1914 3226 2260 3297 Mittemus
2311 3226 2653 3320 siquidem
2717 3229 2919 3299 vobis
2981 3249 3103 3323 per
3155 3227 3472 3300 eumdem
3532 3225 3943 3299 advocatum

1129 3346 1441 3441 quinque
1478 3349 1689 3421 millia
1729 3371 2108 3421 marcarum
2138 3351 2208 3420 in
2246 3350 2503 3444 quibus
2535 3352 2943 3423 excellentie
2971 3360 3196 3423 vestre
3233 3353 3637 3424 tenebamur
3681 3350 3768 3423 de
3808 3361 3944 3423 ter-

1131 3472 1320 3544 mino
1354 3471 1611 3545 Pasche
1642 3473 1960 3568 proximo
1995 3474 2351 3568 preterito,
2387 3484 2457 3545 et
2493 3475 2591 3545 sic
2620 3475 2708 3546 de
2740 3476 2933 3545 XXX
2968 3475 3273 3545 millibus
3328 3475 3572 3547 marcis
3615 3476 3947 3547 solvimus

1130 3597 1329 3668 vohis
1360 3595 1761 3690 quindecim
1798 3598 2043 3688 millia;
2078 3596 2586 3691 magnificentie
2620 3610 2846 3670 vestre
2889 3599 3351 3693 supplicantes
3384 3598 3735 3684 attentius,
3768 3599 3947 3670 sIcut

1130 3720 1300 3792 alias
1349 3722 1671 3809 fecimus,
1711 3733 2055 3815 quatenus
2105 3720 2193 3793 de
2239 3722 2540 3794 residuis
2572 3724 2694 3796 XV
2738 3722 3040 3794 millibus
3079 3744 3461 3793 marcarum
3501 3723 3699 3794 talem
3748 3722 3945 3793 nobis

1130 3853 1512 3937 respectum
1540 3845 1916 3917 concedere
1953 3846 2180 3917 velitis
2214 3855 2288 3916 ut
2322 3848 2633 3939 quinque
2669 3847 2855 3916 milia
2894 3846 3095 3918 vohis
3129 3843 3220 3916 ad
3259 3847 3646 3939 proximum
3694 3847 3942 3916 festum

1128 3968 1345 4041 sancti
1366 3969 1717 4041 Michaelis
1741 3969 1971 4074 debita
1997 3968 2368 4041 reddantur
2393 3968 2485 4041 ad
2507 3970 2769 4041 Pascha
2792 3970 3111 4066 proximo
3125 3990 3446 4063 sequens,
3477 3978 3544 4040 et
3572 3969 3813 4040 ultima
3837 3989 3944 4039 re·

3884 4174 3933 4183 -ο

1202 4294 1275 4368 (4)
1315 4295 1468 4350 Hunc
1497 4294 1869 4352 Baldewinum
1901 4293 1963 4349 de
1996 4295 2130 4349 Vair
2153 4296 2459 4350 Matthaeus
2488 4295 2802 4352 Parisiensis
2826 4300 3010 4365 vocat,
3037 4294 3107 4351 de
3129 4295 3284 4365 cujus
3310 4294 3377 4349 ad
3409 4293 3790 4366 imperatorem
3816 4292 3943 4350 mis·

1126 4391 1276 4449 sione
1302 4390 1471 4447 fusius
1492 4389 1616 4464 agit,
1645 4391 1851 4446 Hister.
1882 4391 2015 4463 maj.
2043 4391 2287 4462 Anylor„
2317 4407 2373 4463 p.
2401 4394 2527 4460 296,
2556 4393 2678 4448 297.
2894 4375 2895 4378 ¹

1199 4488 1271 4559 (2)
1307 4487 1418 4544 Eae
1452 4487 1648 4544 adsunt
1679 4487 1837 4560 paulo
1866 4487 2003 4544 infra
2031 4503 2119 4559 ap.
2153 4487 2351 4560 Rymer
2377 4485 2585 4543 litterae
2623 4487 2763 4558 regis
2788 4486 3009 4560 Angliae
3036 4486 3206 4560 pridie
3232 4486 3465 4559 scriptae
3490 4484 3556 4540 ad
3576 4499 3770 4557 papam
3794 4488 3850 4539 et
3873 4481 3941 4538 ad

1128 4586 1429 4660 cardinales
1457 4585 1485 4638 J
1493 4626 1506 4639 .
1532 4585 1668 4640 tituli
1692 4591 1909 4641 sanctae
1935 4584 2208 4654 PraxediS,
2234 4586 2282 4640 J.
2311 4584 2658 4642 sabinensem
2693 4585 3023 4657 episcopum,
3050 4585 3112 4640 E.
3137 4583 3274 4640 tituli
3300 4588 3610 4640 sanctorum
3640 4579 3866 4638 Cosmae
3888 4585 3944 4635 et

1126 4681 1387 4750 Damiani,
1415 4681 1473 4738 S.
1512 4682 1645 4737 tituli
1679 4682 1847 4739 sancti
1869 4681 2139 4740 Laurentii
2163 4682 2216 4736 in
2246 4682 2444 4737 Lucina
2464 4725 2477 4752 ,
2505 4683 2567 4738 R.
2597 4689 2812 4739 sanctae
2834 4681 3035 4739 Mariae
3058 4681 3113 4737 in
3140 4681 3422 4738 Cosmedin
3443 4686 3497 4736 et
3522 4678 3591 4734 ad
3616 4674 3942 4734 cardinalem

1126 4782 1347 4835 sanctae
1372 4777 1622 4835 Sabinae.
